2398 3470
119 233 204 269 [ΛΑ.
224 232 259 262 c.
277 235 433 269 476-492}
699 226 989 264 ROMUALDI
1016 224 1365 263 SALERNITAN
1366 226 1382 262 1
1903 227 1973 264 105

104 371 199 392 num
221 359 347 401 librum
371 360 574 402 composuit,
598 359 754 402 fecitque
777 364 954 398 tractatus,
978 364 1012 390 et
1042 368 1175 402 ymnos,
1199 358 1288 390 sicut
1311 357 1432 390 beatus
1464 357 1666 391 Ambrosius
1689 358 1891 398 declarauit,
1916 359 1976 403 qui

118 412 200 446 libri
222 413 335 455 recipi
359 413 395 445 in
419 413 569 446 ecclesia
593 412 756 451 debeant,
781 417 817 443 et
840 412 901 454 qui
924 411 1136 454 contempni,
1159 417 1193 443 et
1216 421 1285 454 quo
1308 416 1463 453 tempore
1494 412 1731 445 ordinationes
1754 413 1974 446 sacerdotum

118 471 379 509 ceterorumque
401 466 564 498 ordinum
588 465 663 498 fieri
686 464 846 503 debeant,
873 465 1027 507 fecitque
1052 470 1086 496 et
1108 464 1217 497 libros
1241 464 1407 496 aduersus
1438 464 1658 508 Euthychen,
1684 472 1718 498 et
1740 465 1940 498 Nestorium
1954 467 1975 498 ¹.

0 517 11 538 '⁸
118 518 190 552 Sub
213 519 280 551 hoc
306 529 444 562 quoque
468 518 617 562 presule,
645 524 679 551 et
702 524 857 560 tempore
884 517 1035 549 Zenonis
1059 518 1218 560 Augusti,
1244 517 1422 549 oraculum
1448 517 1636 550 beatissimi
1663 518 1879 562 Archangeli
1906 519 1974 551 Mi-

0 551 24 591 Ξ
75 571 93 603 5
118 571 227 604 chelis
249 571 428 604 inuentum
461 578 513 604 est
536 572 573 604 in
605 577 721 604 monte
754 571 918 614 Gargano
932 569 953 603 ².
1007 571 1172 604 “Interea
1195 575 1331 603 mortuo
1361 570 1586 603 Theoderico
1618 571 1751 604 Triarii
1775 572 1857 610 filio,
1889 572 1978 605 alius

0 612 21 634 ᾖ
120 624 136 641 “
149 624 392 657 Theodoricus
423 631 654 669 cognomento
678 623 865 663 Walamer,
897 624 1071 666 cujusdam
1100 623 1274 656 Theodori
1283 624 1391 666 filius,
1417 624 1610 656 Gothorum
1641 625 1795 667 suscepit
1817 635 1973 669 regnum,

120 677 135 694 ‘⁴
149 677 210 721 qui
232 683 413 721 utramque
437 677 693 715 Macedoniam,
718 676 1006 719 Thessaliamque
1030 676 1259 719 depopulatus
1283 682 1345 715 est,
1369 682 1404 708 et
1427 677 1574 719 plurima
1598 677 1694 721 regie
1722 678 1875 712 ciuitatis
1901 679 1978 711 loca

122 732 137 748 “
149 730 232 775 igne
255 730 437 763 succendit
449 730 495 771 „³.

205 783 310 817 Anno
332 784 518 816 Dominice
533 783 781 816 incarnationis
805 781 1085 816 CCCCLXXVI
1100 793 1191 815 anno
1215 783 1259 816 ab
1275 783 1370 816 urbis
1386 783 1588 816 conditione
1613 784 1778 818 MCCIX.
1807 785 1821 801 “
1835 784 1870 817 A
1886 786 1976 830 Gajo

17 840 29 878 ’ᾗ
53 837 93 871 10
121 839 136 855 ‘⁴
150 837 283 870 autem'
307 837 445 876 Cesare,
470 837 531 881 qui
554 837 666 879 primo
690 836 899 880 singularem
921 836 1070 878 arripuit
1093 836 1228 879 imperii
1253 837 1471 881 dignitatem,
1488 848 1580 870 anno
1604 838 1882 881 quingentesimo
1898 849 1976 882 sep-

20 880 22 887 *
121 891 233 923 “timo
257 891 404 929 decimo,
428 890 473 923 ab
504 890 746 922 incarnatione
771 889 910 932 [autem]
935 886 1210 933 domini‘nostri
1234 890 1315 933 Jesu
1346 890 1478 923 Christi
1501 891 1623 930 eterni,
1649 897 1684 924 et
1715 892 1750 923 in
1773 899 1977 935 perpetuum

120 944 341 987 “regnatoris
364 954 455 976 anno
481 941 743 976 CCCCLXXV
766 943 902 986 dejecto
927 942 970 975 ab
1002 941 1185 986 Augustali
1211 943 1380 987 dignitate
1412 943 1617 987 Augustulo,
1642 945 1763 978 urbem
1788 945 1975 978 Odouacer

121 996 331 1040 “ingressus,
356 995 459 1029 totius
481 995 580 1028 Italie
604 995 749 1039 adeptus
772 1001 824 1028 est
847 1005 1000 1039 regnum.
1048 994 1155 1034 Quod
1180 996 1261 1028 dum
1285 1007 1347 1039 per
1371 1006 1480 1029 annos
1504 998 1787 1040 quattuordecim
1804 999 1900 1032 nullo
1923 999 1977 1031 in-

121 1050 299 1094 “quietate
322 1049 498 1088 tenuisset,
514 1049 559 1082 ab
575 1048 732 1082 Orientis
747 1054 830 1081 tune
846 1048 1001 1091 partibus
1023 1049 1264 1082 Theodoricus
1289 1050 1477 1082 adueniens
1502 1050 1694 1083 Gothorum
1719 1063 1782 1084 rex
1798 1052 1977 1094 [Theodo-

17 1099 90 1136 15
118 1103 133 1120 ‘⁴
147 1103 251 1145 ricus]
274 1103 410 1135 Italiam
433 1112 651 1144 possessurus
673 1102 844 1143 intrauit„
850 1101 874 1135 ⁴.
920 1102 985 1135 Cui
1010 1102 1198 1136 Odouacer
1213 1113 1275 1136 rex
1292 1114 1371 1135 cum
1393 1104 1519 1147 grandi
1538 1114 1676 1136 suorum
1697 1105 1863 1145 exercitu,
1881 1107 1976 1139 totis-

115 1167 182 1200 que
198 1156 296 1189 Italie
312 1155 447 1189 uiribus
463 1155 629 1195 occurrit,
646 1162 680 1188 et
702 1156 903 1189 multotiens
927 1166 1004 1188 cum
1022 1166 1064 1188 eo
1088 1155 1255 1195 conflixit,
1273 1167 1314 1189 ac
1339 1167 1421 1200 sepe
1445 1157 1557 1190 victus
1579 1157 1623 1189 ab
1648 1167 1702 1196 eo,
1720 1159 1978 1202 nouisismeque

117 1211 154 1243 in
185 1211 288 1243 fidem
311 1209 355 1242 ab
388 1209 511 1242 eodem
534 1209 757 1243 Theoderico
788 1216 978 1252 susceptus,
1002 1210 1191 1243 Odouacer
1217 1211 1412 1243 truculente
1445 1211 1580 1243 occisus
1604 1217 1654 1244 est
1667 1211 1689 1244 ⁵.
1735 1212 1978 1246 Theodericus

114 1263 220 1308 igitur
242 1263 349 1296 totius
373 1262 471 1295 Italie
495 1262 642 1305 adeptus
672 1268 724 1295 est
752 1263 969 1306 dignitatem,
1002 1262 1131 1295 dehinc
1161 1263 1311 1296 Romam
1336 1264 1527 1306 profectus,
1559 1275 1621 1296 rex
1644 1276 1664 1297 a
1695 1265 1866 1298 Romanis
1897 1277 1976 1299 cum

21 1333 27 1363 ἐς
115 1316 244 1361 gaudio
267 1322 449 1358 susceptus
472 1322 525 1349 est
537 1315 559 1348 ⁶.
606 1316 743 1348 Interea
766 1316 1021 1355 Theodoricus,
1043 1322 1082 1349 ut
1103 1317 1156 1349 sui
1179 1317 1279 1361 regni
1303 1317 1397 1350 uires
1420 1317 1672 1357 constabiliret,
1697 1318 1893 1352 Honoricus
1916 1331 1978 1354 rex

29 1371 92 1403 *20
115 1369 368 1403 Wandalorum
399 1368 581 1409 Arrianus,
605 1370 642 1401 in
664 1368 801 1408 Africa,
826 1370 973 1402 exulatis
1003 1370 1251 1414 diffugatisque
1274 1370 1457 1414 plusquam
1495 1373 1509 1388 “
1523 1371 1776 1406 CCCXXXIV
1804 1373 1978 1417 episcopis

0 1428 6 1432 “’
121 1422 342 1462 “catholicis,
375 1422 539 1455 ecclesias
563 1432 682 1455 eorum
714 1423 847 1462 clausit,
878 1422 1016 1466 plebem
1047 1424 1155 1456 uariis
1177 1424 1299 1457 affecit
1330 1424 1522 1467 suppliciis,
1546 1431 1581 1458 et
1613 1426 1754 1469 quidem
1786 1426 1976 1460 innumeris

116 1477 132 1494 “³
147 1487 269 1509 manus
292 1475 486 1515 abscidens,
510 1476 648 1519 linguas
673 1476 818 1518 [eorum]
842 1477 1006 1519 precidit,
1030 1487 1095 1509 nec
1119 1482 1234 1509 tamen
1257 1477 1431 1520 loquelam
1456 1478 1630 1512 catholice
1654 1480 1885 1513 confessionis
1908 1481 1976 1513 eri-

120 1531 232 1573 “pere
259 1529 373 1572 potuit
387 1553 417 1569 „.
464 1529 517 1561 Eo
541 1534 698 1572 tempore
722 1540 848 1572 corpus
871 1530 1031 1563 Barnabe
1055 1531 1216 1573 apostoli,
1233 1537 1268 1564 et
1283 1531 1501 1575 euagenlium
1518 1531 1670 1565 Matthei
1686 1533 1761 1577 ejus
1777 1534 1866 1578 stylo
1890 1536 1977 1568 scri-

113 1588 221 1626 ptum,
243 1581 336 1626 ipso'
359 1582 550 1622 reuelante,
574 1583 746 1625 reperitur
757 1582 780 1616 ⁷.

47 1636 89 1670 25
202 1636 267 1669 His
290 1642 404 1669 autem
427 1635 552 1668 diebus
576 1636 719 1669 Gelasio
742 1647 835 1680 papa
858 1637 1040 1676 defuncto,
1063 1636 1267 1670 Anastasius
1289 1638 1433 1671 natione
1456 1639 1648 1679 Romanus,
1672 1651 1715 1673 ex
1737 1648 1837 1683 patre
1861 1642 1976 1682 Petro,

1 1685 9 1694 ²
113 1696 192 1733 post
214 1690 309 1722 hunc
332 1689 487 1732 suscepit
510 1689 762 1732 episcopatum,
784 1690 944 1734 seditque
969 1701 1059 1724 anno
1082 1701 1107 1731 1,
1131 1691 1307 1724 mensibus
1330 1692 1405 1725 211⁸.
1452 1692 1519 1725 Hic
1535 1692 1757 1726 Anastasium
1774 1694 1973 1729 Constanti-

113 1742 354 1786 nopolitanum
387 1742 706 1775 excommunicauit
736 1742 993 1789 imperatorem.
1040 1744 1092 1777 Eo
1124 1750 1279 1786 tempore
1311 1745 1411 1778 multi
1444 1745 1576 1785 clerici,
1609 1753 1644 1779 et
1673 1746 1871 1792 presbyteri
1897 1760 1934 1782 se
1957 1761 1978 1782 a

113 1796 359 1830 communione
382 1795 491 1838 ipsius
508 1796 715 1835 eduxerunt,
733 1805 776 1829 eo
793 1797 888 1840 quod
904 1797 978 1829 sine
995 1796 1144 1830 consilio
1162 1797 1407 1841 episcoporum
1424 1799 1708 1844 presbyterorum
1725 1803 1979 1837 comunicasset

25 1883 27 1887 ⁴
114 1849 159 1883 V.
183 1850 308 1882 Fotino
331 1848 492 1881 Diacono
515 1849 813 1890 Thesalonicensi,
830 1850 890 1893 qui
906 1851 1098 1883 communis
1122 1857 1198 1883 erat
1222 1850 1357 1891 Acatio,
1381 1858 1416 1884 et
1439 1852 1520 1895 quia
1536 1852 1698 1886 Acatium
1716 1856 1854 1888 occulte
1875 1867 1978 1890 reuo-

49 1904 92 1938 30
116 1913 197 1936 care
219 1902 342 1942 uoluit,
366 1907 402 1935 et
425 1913 495 1935 non
525 1903 649 1946 potuit,
674 1903 796 1936 diuino
819 1910 905 1936 nutu
935 1914 1118 1947 percussus
1141 1910 1203 1937 est.
1251 1904 1324 1944 Qui
1356 1905 1462 1938 etiam
1494 1907 1650 1949 sepultus
1681 1914 1734 1941 est
1757 1908 1793 1941 in
1825 1910 1978 1943 ecclesia

113 1956 208 1991 beati
231 1955 363 1989 Petri⁹.
409 1957 505 1989 Zeno
529 1957 648 2000 itaque
671 1955 848 2001 Augustus
871 1967 950 1990 cum
973 1968 1037 2001 per
1060 1968 1169 1991 annos
1193 1967 1271 1991 xv11
1294 1959 1347 1991 rei
1370 1959 1509 2001 publice
1532 1960 1730 2002 prefuisset,
1747 1961 1840 2005 apud
1855 1963 1978 1997 urbem

113 2009 450 2052 Constantinopolim
472 2010 544 2043 uite
567 2010 751 2043 terminum
775 2010 961 2054 accep1t¹⁰

207 2065 222 2082 “
235 2063 400 2097 Cessante
423 2063 494 2095 iam
516 2063 679 2096 Romane
701 2063 826 2096 urbis'
817 2065 964 2107 1mperio
987 2065 1102 2098 utilius
1125 2065 1307 2109 aptiusque
1324 2066 1434 2109 [mihi]
1457 2067 1597 2100 uidetur
1620 2067 1665 2108 ab
1689 2068 1787 2102 annis
1803 2069 1976 2104 dominice

117 2118 132 2135 ⁸
146 2116 406 2157 incarnationis,
422 2117 680 2160 supputationis
695 2117 825 2150 lineam
842 2118 984 2158 ducere,
1002 2118 1084 2162 [quo
1101 2119 1254 2162 facilius]
1279 2120 1364 2162 quid
1379 2130 1449 2163 quo
1466 2126 1622 2163 tempore
1639 2127 1755 2155 actum
1772 2123 1818 2156 sit
1834 2123 1978 2156 euiden-

9 2170 90 2211 35
120 2173 199 2204 “ter
221 2171 329 2214 possit
352 2170 548 2215 cognosci„
555 2171 591 2203 ¹¹.

205 2223 329 2258 “Anno
353 2225 531 2258 dominice
553 2225 805 2259 incarnationis
828 2226 1052 2260 CCCCXCII
1074 2233 1154 2270 post
1176 2227 1328 2261 Zenonis
1356 2238 1535 2261 excessum
1559 2228 1763 2264 Anastasius
1785 2242 1976 2275 purpuram

209 2364 230 2382 1.
250 2357 371 2390 hymnos
389 2356 417 2381 B
435 2371 467 2375 —
488 2364 511 2382 2.
532 2358 687 2382 comtemni
711 2357 735 2381 C
750 2372 783 2377 -—
803 2365 827 2390 3.
847 2357 968 2383 Euticen
986 2357 1011 2383 A
1024 2357 1091 2383 G-
1105 2364 1160 2391 4-5.
1181 2359 1337 2392 Arcangeli
1357 2359 1489 2386 Michelis
1509 2374 1544 2380 —
1565 2368 1589 2394 5.
1603 2361 1786 2387 Theodorico
1806 2362 1894 2388 Marii
1912 2363 1975 2388 filio

115 2398 174 2424 AB
193 2413 225 2418 —
243 2407 269 2433 9.
289 2399 357 2424 urbe
376 2399 495 2425 condita
518 2399 541 2424 C
552 2413 583 2417 —
601 2406 641 2424 11.
659 2400 694 2424 ab
708 2400 909 2425 incarnatione
927 2408 996 2425 uero
1016 2401 1130 2426 domini
1153 2400 1176 2425 C
1186 2415 1219 2420 —
1236 2409 1275 2435 14.
1296 2401 1437 2435 OrIentis]
1451 2403 1556 2428 erroris
1573 2403 1596 2427 C
1612 2416 1623 2423 -
1643 2403 1886 2437 ostrogothorum
1897 2405 1978 2434 ΑΒ,-

116 2441 247 2467 ΡΑυιυεε
267 2440 431 2467 Gothorum
451 2455 484 2460 —
507 2449 547 2475 19.
565 2442 724 2467 Himericus
750 2442 795 2471 B,-
812 2442 843 2467 in
866 2443 891 2467 A
908 2443 953 2468 nel
970 2444 1093 2475 margine
1118 2443 1221 2469 d'altra
1239 2452 1333 2470 mano.-
1353 2445 1507 2475 Henricus;
1534 2453 1583 2471 rex
1608 2445 1825 2472 Guandalorum
1844 2447 1868 2472 A
1883 2447 1907 2472 C
1930 2462 1962 2466 -

118 2489 160 2509 22.
180 2484 348 2509 abscindens
366 2483 390 2508 A
406 2483 429 2508 G
446 2498 478 2503 -
499 2490 540 2517 ²3·
561 2486 655 2518 potest
678 2484 702 2509 C
718 2498 751 2504 -
771 2491 812 2518 29.
832 2484 961 2511 Photino
981 2485 1007 2509 B
1025 2499 1058 2504 -
1078 2492 1120 2518 33.
1142 2487 1172 2511 ln
1186 2493 1220 2511 eo
1238 2486 1298 2511 AB
1311 2500 1320 2505 -
1334 2487 1425 2512 Rome
1448 2488 1472 2512 C

71 2585 86 2614 ς
203 2579 214 2598 ¹
233 2582 288 2608 Del
313 2582 384 2607 llbri
403 2582 433 2607 di
456 2589 530 2616 papa
549 2581 668 2608 Gelasio
693 2589 713 2607 R
731 2589 799 2616 pare
817 2583 902 2609 abbis.
927 2585 1015 2609 avuto
1158 2582 1168 2600 ⁴
1188 2585 1313 2615 PAULus,
1332 2585 1394 2615 XV,
1414 2591 1434 2611 x
1452 2584 1491 2619 (p.
1513 2586 1584 2619 211).

114 2631 290 2650 conoscenza
309 2625 424 2655 diretta,
443 2632 523 2650 come
542 2625 568 2649 sl
586 2624 700 2650 desume
719 2625 766 2650 dal
784 2625 876 2651 brano
890 2626 940 2658 qui
951 2626 1018 2651 libri
1160 2625 1172 2643 ⁶
1190 2626 1276 2657 Imm,
1290 2627 1397 2660 §XVII
1411 2627 1449 2662 (p.
1464 2628 1543 2661 213)=
1557 2632 1618 2661 post
1635 2636 1652 2653 a
1673 2629 1827 2654 Themin-[co
1839 2632 1973 2662 susceptus

113 2667 196 2698 recipi
213 2667 243 2691 in
261 2665 354 2691 eclesia
372 2667 481 2691 debeant
500 2668 528 2691 et
547 2666 597 2698 qul
616 2667 784 2699 contempni
802 2669 829 2691 et
840 2674 891 2699 quo
902 2670 1016 2700 tempore
1069 2670 1101 2694 ab
1119 2677 1147 2694 eo
1164 2670 1314 2695 truculente
1328 2673 1482 2703 peremptus
1500 2674 1546 2696 est.

113 2708 279 2733 ordinatione
296 2709 460 2733 sacerdotum
473 2710 671 2740 ceterorumque
689 2709 891 2742 ordinumfiert
900 2710 1015 2735 debeant.
1160 2709 1171 2727 ⁶
1189 2711 1277 2743 IDEM,
1295 2711 1310 2745 ξ
1329 2712 1431 2738 XVIII.

114 2740 136 2775 ὲ
155 2753 227 2776 noto
246 2751 297 2776 che
314 2758 334 2776 R
351 2749 464 2776 coltivo
485 2751 577 2776 molto
596 2751 625 2776 la
646 2752 774 2784 liturgia.
811 2751 881 2777 Aua
906 2753 1016 2778 notula
1160 2751 1169 2765 ⁷
1188 2753 1279 2786 Bana,
1297 2755 1354 2780 loc.
1374 2755 1432 2786 cit.‚
1451 2762 1498 2780 an.
1518 2755 1596 2788 4426.

57 2799 89 2818 ιο
113 2794 214 2825 qulndl
235 2793 280 2819 dei
293 2794 362 2818 libri
377 2792 536 2823 Gelasium,
549 2794 619 2827 oggi
631 2793 1016 2828 perduti‚che11Duchesne
1158 2795 1169 2811 ⁸
1188 2795 1217 2821 I..
1237 2796 1280 2825 P..
1298 2796 1319 2827 I,
1339 2805 1366 2830 p.
1386 2796 1453 2830 258:
1471 2798 1540 2822 sedit
1558 2806 1600 2823 an.
1621 2797 1641 2822 I
1653 2806 1686 2823 m.
1706 2797 1755 2823 XI
1767 2799 1792 2824 d.
1812 2798 1935 2824 XXIIIL

114 2837 203 2861 trssse
216 2836 262 2861 dal
282 2844 332 2861 ms.
345 2836 490 2861 Veronese
503 2836 534 2861 di
555 2836 711 2860 Gennadius
731 2836 793 2869 (Fu.
806 2837 842 2862 A.
854 2837 1015 2867 Eous-mm,
1157 2837 1169 2854 ⁹
1187 2838 1302 2864 Tranne
1320 2839 1343 2864 il
1362 2839 1466 2864 brano:
1487 2840 1541 2864 Hic
1552 2840 1724 2864 Anastasium
1743 2848 1758 2865 a
1775 2842 1971 2873 imperatorem,

13 2886 34 2910 z
118 2877 285 2909 Quaestiones
305 2878 508 2907 Gennadium,
525 2877 655 2911 Leipzig,
678 2877 754 2910 1881,
768 2886 848 2912 prog.
862 2886 909 2913 pp.
926 2878 1017 2913 16-19)
1069 2881 1091 2906 11
1112 2883 1187 2906 resto
1207 2879 1222 2906 ὲ
1241 2882 1359 2914 copiato
1379 2883 1458 2914 quasi
1480 2882 1689 2907 letteralmente
1708 2882 1756 2908 dal
1774 2881 1805 2907 L.
1825 2883 1855 2909 P.

115 2919 141 2944 si
159 2918 216 2954 ριιὸ
231 2920 403 2954 aggiungere
416 2920 505 2945 anche
516 2920 612 2953 quella
625 2920 692 2945 data
705 2920 753 2945 dal
768 2922 866 2946 nostro
879 2922 1015 2947 cronlsta.
1148 2921 1170 2939 ¹⁰
1189 2923 1315 2954 Faunus,
1334 2923 1396 2954 XV,
1414 2930 1455 2949 xx
1475 2923 1513 2957 (p.
1534 2923 1606 2958 216).

203 2960 214 2978 ²
232 2962 340 2996 Ignoro
360 2962 454 2987 donde
473 2969 491 2987 R
509 2964 609 2996 tragga
628 2964 727 2995 questa
748 2963 866 2989 notizia.
1150 2964 1169 2981 ¹¹
1189 2965 1276 2996 Inzu,
1296 2965 1347 2991 lib.
1366 2965 1440 2996 XVI,
1459 2971 1480 2991 1.

25 3002 37 3027 (⁶-
56 3010 88 3040 15
204 3001 216 3020 ³
235 3004 325 3037 Bima,
342 3004 384 3030 De
399 3011 447 3031 sex
462 3007 526 3035 aet..
545 3012 591 3030 an.
609 3004 688 3039 4426.

2004 239 2080 264 Mum,
2087 242 2213 264 ccam—105

2001 782 2022 797 s.
2038 776 2065 797 C.
2080 778 2120 802 476

2000 809 2021 825 a.
2036 809 2058 825 u.
2074 809 2094 824 c.
2112 809 2163 829 1209

2000 856 2021 871 c.
2036 850 2097 871 128⁶

1998 962 2021 979 a.
2035 957 2062 978 C.
2079 962 2117 982 475

1997 1605 2018 1621 c.
2031 1599 2073 1622 τιό
2082 1606 2096 1621 a

2005 1641 2111 1663 Gelasius
2121 1644 2183 1668 papa

2001 1668 2015 1694 †
2028 1674 2049 1689 a.
2066 1670 2093 1690 C.
2108 1675 2147 1695 492

1997 1696 2138 1717 Anastasius
2151 1698 2212 1723 papa

1998 1728 2019 1743 a.
2037 1723 2063 1744 C.
2078 1724 2169 1749 496-498

1999 2248 2021 2265 a.
2036 2242 2064 2264 C.
2078 2248 2119 2269 ⁴9²

2002 2758 2036 2777 20

1989 2969 2033 3003 .²⁵
