2398 3470
207 239 274 260 Mun.
290 245 312 259 e.
330 244 365 263 175
451 229 522 264 196
1205 227 1522 264 CHRONICON
1979 233 2033 267 [Α.
2052 233 2087 261 C·
2103 232 2293 267 london]

441 360 586 393 quorum
610 361 715 382 unum
738 350 960 383 Boamundus
983 350 1057 392 ipse
1080 349 1227 383 uiriliter
1250 349 1345 391 uicit,
1377 348 1523 382 alterum
1554 358 1638 382 uero
1672 348 1861 392 imperator
1895 349 1992 388 uicit,
2014 359 2084 384 uon
2114 355 2227 382 temen
2257 349 2294 381 ui

441 402 501 435 sed
524 403 688 436 insidiose
712 413 820 447 agens
832 402 852 436 ¹.

207 467 255 491 10⁸4
273 469 319 487 001.
529 455 633 489 Anno
658 456 833 489 dominice
856 456 1107 490 incarnationis
1130 455 1354 490 MLXXXV.
1370 454 1566 488 indictione
1583 455 1671 499 VIIJ
1689 455 1760 490 dux
1774 454 1975 490 Robbertus
1991 455 2141 490 collecto
2157 455 2294 500 agmine

442 509 563 542 iterato
578 509 615 542 in
626 509 871 542 ultramarinas
882 515 999 552 partes
1015 508 1133 542 statuit
1147 508 1333 552 proficisci.
1379 508 1485 547 Quod
1502 508 1584 541 dum
1600 507 1805 551 imperatori
1820 506 1946 541 Alexio
1962 513 2177 551 compertum
2193 513 2294 547 esset,

440 573 538 594 suum
562 562 693 596 direxit
715 562 907 596 exercitum
924 573 1002 596 cum
1018 562 1273 595 multitudinem
1289 561 1429 594 nauium
1446 561 1547 594 simul
1562 572 1641 593 eum
1657 561 1814 594 exercitu
1830 560 2176 602 Uenecianorumrut
2190 561 2295 593 maris
2341 559 2359 592 5
2388 569 2391 587 2

440 615 506 648 iter
530 616 611 649 duci
634 616 876 659 prohiberetur
888 616 911 650 ².
956 617 1089 650 Contra
1111 625 1199 659 quos
1222 615 1291 648 dux
1314 614 1520 649 Robbertus
1542 625 1611 647 una
1633 625 1713 647 cum
1735 614 1807 648 filio
1830 624 1892 649 suo
1915 614 2095 658 Roggerio
2122 623 2202 647 cum
2232 624 2293 646 na-

204 685 255 699 110v.
441 668 541 702 uibus
564 669 636 702 suis
658 679 729 702 non
752 670 904 713 segniter
927 679 1141 713 progressus,
1165 678 1244 701 cum
1268 668 1318 701 eis
1333 668 1461 701 acriter
1485 668 1627 701 confixit
1650 677 1768 701 mense
1791 666 2001 707 nouembris,
2017 673 2053 700 et
2068 665 2185 700 nauali
2200 666 2294 700 bello

441 722 623 755 commisso
647 722 718 755 dux
741 722 943 756 Robbertus
966 732 1035 754 una
1059 732 1137 754 cum
1161 721 1231 754 filio
1254 731 1317 754 suo
1342 720 1520 764 Roggerio
1545 720 1730 754 uictoriam
1754 719 1906 763 capiens,
1929 720 2078 753 maxima
2099 719 2188 753 cede
2213 729 2295 763 pto-

438 775 559 808 strauit
581 785 641 808 eos
652 774 676 808 ³.
723 776 881 815 Quorum
905 776 1047 819 quidem
1072 775 1172 808 multi
1195 774 1233 807 in
1256 785 1351 807 mare
1380 774 1541 812 demersi,
1572 773 1714 816 plurimi
1744 778 1862 807 autem
1892 773 1998 816 capti,
2029 771 2187 806 nonnulli
2209 782 2294 805 uero

438 828 498 859 uix
519 839 583 870 per
605 829 726 872 fugam
750 828 860 872 elapsi
883 835 972 862 sunt.
1018 828 1150 871 Sicque
1173 828 1355 871 prostratis
1370 826 1527 860 hostibus
1542 826 1614 859 dux
1636 826 1712 869 ipse
1729 826 1831 859 simul
1853 836 1931 858 cum
1947 825 2130 870 Roggerio
2146 823 2217 858 filio
2232 834 2295 858 ex—

440 881 553 914 ultans
575 878 730 925 tripudio
753 882 841 915 adiit
862 882 1104 915 Boamundum
1127 881 1234 915 filium
1257 891 1368 920 suum,
1390 890 1493 923 quem
1516 880 1551 912 in
1575 880 1675 913 terris
1698 889 1784 923 quas
1807 879 1856 913 ibi
1879 878 2088 923 acquisierat
2110 877 2296 922 dereliquit

439 944 518 967 cum
545 945 607 967 suo
639 935 805 975 exercitu,
840 934 1236 978 Costantinopolitanum
1272 933 1452 976 imperium
1488 933 1657 966 inuadere
1693 931 1893 976 cupiens⁴'.
1939 931 2013 965 Sed
2046 941 2166 965 mense
2200 931 2294 965 Maio

438 990 562 1022 eodem
586 998 678 1022 anno
702 999 795 1032 papa
819 988 1012 1032 Gregorius
1034 987 1120 1022 obiit
1132 986 1154 1027 ⁵,
1177 997 1296 1021 mense
1318 996 1403 1020 uero
1427 986 1515 1019 Iulio
1538 985 1741 1020 Robbertus
1764 985 1979 1019 Guiscardus
2001 984 2204 1030 magnificus
2225 984 2296 1018 dux

440 1042 536 1085 apud
557 1042 703 1075 insulam
727 1041 930 1084 Cassiopam
943 1041 955 1060 ⁶
978 1042 1124 1074 esistens
1147 1040 1235 1074 obiit
1258 1046 1367 1073 morte
1393 1040 1541 1078 comuni,
1564 1040 1674 1073 maior
1689 1038 1929 1083 sexagenario,
1945 1047 2036 1072 anno
2052 1037 2201 1072 ducatu·
2222 1037 2295 1071 eius

2321 826 2382 858 io

201 939 221 953 c.
238 939 276 953 η]
290 933 310 953 b.
327 933 414 957 Grego-

203 960 253 980 rius
272 959 320 979 Vll
328 962 389 984 papa
404 960 416 984 ἦ*

203 987 317 1006 Robertus
334 987 390 1006 Gui-

202 1019 250 1033 scav
257 1013 298 1033 dus
306 1014 318 1037 †
328 1019 353 1037 17
363 1012 417 1032 iulii

203 1051 247 1071 mai
262 1057 286 1075 25

380 1612 412 1630 10

380 1824 408 1850 ¹5

376 2036 411 2054 20

375 2495 410 2520 30

376 2707 407 2731 35

376 2921 410 2944 ,ρο

528 1189 551 1207 2.
571 1183 613 1207 set
633 1182 657 1207 C
675 1191 689 1207 e
706 1183 799 1207 Arndt
817 1195 850 1201 —
870 1189 894 1214 3.
915 1181 1077 1206 indictione
1096 1179 1149 1205 VH
1170 1181 1205 1210 C;
1226 1180 1314 1204 Anno
1343 1178 1505 1204 MLXXXV
1533 1179 1593 1204 ind.
1622 1178 1688 1204 VIII
1707 1179 1789 1205 Sasso
1808 1192 1841 1196 —
1861 1186 1886 1211 4.
1906 1177 2048 1212 proficissi
2071 1176 2101 1203 C.
2119 1185 2133 1202 e
2150 1176 2243 1202 Arndt
2259 1190 2292 1196 —

440 1233 464 1259 5,
478 1227 624 1260 Roggerio
641 1227 669 1252 C.
689 1236 702 1252 e
716 1228 808 1252 Arndt
827 1240 859 1244 —
879 1225 904 1251 6.
924 1226 1017 1251 nanili
1040 1227 1070 1251 C.
1090 1234 1103 1249 e
1121 1225 1221 1249 Arndt.
1241 1236 1274 1242 —
1297 1230 1337 1249 11.
1356 1223 1457 1253 filium,
1477 1231 1558 1255 quem
1582 1223 1611 1248 C.
1631 1236 1641 1242 -

1661 1231 1723 1249 cum
1744 1231 1794 1248 suo
1815 1222 1939 1255 reliquid
1958 1222 2085 1248 exercitu
2107 1221 2137 1248 C.
2155 1231 2170 1247 e
2189 1222 2293 1253 Arndt3

439 1272 556 1305 reliquit
578 1280 640 1298 cum
667 1280 719 1298 suo
744 1273 872 1297 exercitu
889 1271 931 1295 Be
949 1271 1030 1297 Sasso
1051 1284 1084 1288 -
1107 1275 1146 1295 12.
1166 1269 1264 1301 Magio
1284 1269 1318 1294 A.
1338 1281 1372 1287 —
1393 1276 1433 1301 14.
1454 1267 1624 1302 Cassiopam
1643 1270 1669 1293 A

528 1351 538 1369 ¹
557 1354 643 1378 Anna
668 1352 825 1378 Commeno
845 1352 890 1384 (V,
911 1352 949 1385 5),
968 1351 1019 1376 che
1037 1352 1066 1375 di
1086 1351 1183 1383 queste
1206 1349 1345 1381 battaglie

439 1395 455 1420 'e
473 1395 555 1427 quasi
574 1395 681 1420 Punica
700 1395 789 1426 fonte,
810 1401 844 1419 ne
863 1401 1010 1419 annovera
1029 1394 1072 1418 tre
1092 1393 1169 1425 dopo
1193 1391 1289 1424 quella
1312 1392 1341 1416 di

440 1438 582 1463 Durazzo:
611 1439 639 1463 la
668 1440 760 1471 prima
789 1437 872 1462 diede
891 1445 907 1461 a
931 1435 1097 1462 Boemondo
1124 1436 1199 1460 tutte
1224 1434 1251 1459 le
1270 1436 1343 1459 terre

440 1481 497 1505 fino
524 1490 538 1506 a
568 1481 688 1511 Ocride3
716 1481 744 1505 la
770 1480 891 1504 seconda
917 1479 948 1504 fu
972 1479 1077 1511 quella*
1093 1478 1143 1502 che
1168 1478 1255 1502 Anna
1279 1477 1342 1501 dice

440 1524 522 1548 vinta
542 1531 611 1555 pure
630 1523 666 1548 da
685 1523 851 1548 Boemondo
870 1522 988 1547 davanti
1009 1529 1025 1546 a
1048 1520 1205 1549 Gianffina,
1225 1527 1238 1544 e
1251 1519 1342 1543 Mala-

438 1568 513 1591 terra
534 1565 593 1597 (ΙΙΙ,
613 1565 659 1598 39)
678 1572 776 1598 presso
796 1564 878 1595 Artu,
898 1572 978 1589 come
997 1564 1060 1588 dice
1072 1562 1160 1588 anche
1174 1561 1340 1595 Guglielmo

438 1608 570 1641 Pugxiese
589 1606 648 1642 (vv.
667 1608 685 1632 6
703 1615 718 1633 e
737 1607 820 1640 seg.);
841 1607 869 1632 la
888 1608 966 1631 tei-za
985 1606 1081 1635 infine,
1103 1605 1184 1630 vintn
1204 1604 1240 1629 da
1260 1604 1339 1628 Ales-

439 1652 482 1675 sio
502 1651 547 1675 col
568 1657 706 1675 concorso
726 1649 756 1674 1ss
770 1655 842 1682 7000
854 1649 933 1674 arabi
948 1648 1119 1680 mandatigli
1130 1647 1167 1672 da
1180 1645 1340 1674 Solimano,

438 1694 469 1718 su
489 1694 667 1718 combattuta
688 1693 730 1717 fra
750 1692 866 1717 Larissa
888 1699 903 1716 e
927 1691 1041 1716 Tikala.
1067 1690 1112 1715 Cf.
1138 1689 1339 1718 CHALANDON·‚

438 1737 523 1760 Essaz·
540 1743 586 1760 sur
605 1736 631 1760 le
643 1735 729 1767 regne
742 1733 864 1759 d'Alexis
880 1734 920 1758 [ΒΡ
935 1732 1079 1764 commane,
1104 1732 1154 1757 cit.
1167 1739 1194 1764 p.
1215 1730 1249 1755 86
1263 1739 1278 1755 e
1298 1738 1339 1763 sg.

527 1776 538 1794 ²
557 1777 733 1803 Gammnms
752 1777 947 1805 MALATERRA,
964 1774 1014 1806 111,
1027 1781 1062 1807 40
1075 1774 1137 1799 dice
1151 1774 1201 1799 che
1211 1773 1339 1798 Roberto

437 1828 492 1845 con
512 1820 539 1845 le
568 1828 615 1846 sue
640 1820 711 1845 navi
729 1817 807 1853 parti
826 1818 861 1844 da
881 1817 1020 1846 Otranto;
1047 1816 1235 1842 GmLmLMUS
1260 1816 1338 1840 Aru-

436 1867 560 1893 Ltlmsxs,
579 1870 607 1892 v,
628 1869 678 1895 159
704 1861 744 1894 (p.
769 1860 842 1894 294),
862 1860 898 1885 da
923 1859 1062 1884 Brindisi.
1082 1859 1140 1889 Ma,
1159 1865 1240 1883 come
1266 1856 1338 1882 noto

437 1904 636 1934 CRM-Annon,
656 1905 740 1930 Essai
757 1911 805 1929 sur
822 1905 847 1928 le
860 1911 946 1935 regne
958 1902 1080 1927 d'Alexis
1094 1902 1118 1931 I,
1130 1901 1258 1926 Roberto
1271 1900 1338 1924 s’in·

437 1947 585 1972 dirizzava
604 1954 621 1971 a
640 1943 733 1972 corsi:
751 1953 767 1971 e
780 1946 803 1970 il
817 1947 909 1978 punto
922 1942 973 1977 pii:
987 1945 1087 1969 vicino
1100 1943 1132 1968 di
1145 1944 1278 1976 partenza
1292 1949 1338 1966 era

437 1988 572 2015 Otranto.
586 1989 641 2014 Del
654 1990 731 2014 resto
745 1990 842 2021 questa
855 1987 967 2013 notizia
979 1985 995 2012 'e
1008 1987 1187 2012 confermata
1201 1985 1235 2010 da
1245 1985 1338 2009 Amm

438 2030 608 2062 Comunuo,
627 2029 753 2062 Ἀλεξίας
771 2031 818 2062 VI,
840 2035 870 2061 53
890 2030 936 2055 nel
956 2029 1039 2061 quale
1052 2029 1140 2061 luogo
1154 2028 1235 2061 parla
1249 2027 1338 2052 anche

437 2074 513 2099 della
533 2074 619 2099 flotta
638 2073 685 2098 dei
704 2073 807 2098 Veneti
827 2074 909 2099 unIta
929 2079 945 2096 a
963 2071 1058 2104 quella
1077 2070 1231 2095 d’Aiessio.

527 2114 538 2131 ³
558 2116 751 2142 Gunmums
769 2115 961 2145 Arumnsrs,
981 2113 1015 2146 V,
1037 2118 1101 2145 152:

551 2172 565 2186 “
578 2174 703 2205 Exegere
714 2171 782 2205 sere
801 2179 901 2196 menses
919 2171 949 2195 in
967 2171 1059 2195 littore
1080 2171 1152 2195 binos

559 2215 723 2246 Tempestate
738 2215 830 2248 gravi
847 2214 944 2238 bellum
963 2213 1085 2246 differre
1103 2213 1212 2243 coacti„

397 2281 406 2286 ·
440 2277 513 2301 Idem
531 2275 579 2304 VI,
599 2274 633 2306 56
652 2283 666 2299 e
686 2282 741 2307 seg.
762 2272 896 2305 Ἀλεξίας,
916 2273 963 2298 VI.

526 2317 677 2348 L’Aiuwr,
698 2325 723 2349 p.
750 2323 811 2348 411,
838 2323 867 2341 n.
892 2322 934 2346 21,
960 2313 1079 2340 ossei-vo
1100 2315 1151 2339 che
1176 2315 1285 2347 partita
1310 2314 1338 2339 la

439 2361 526 2386 slotta
545 2360 574 2384 di
594 2359 721 2384 Roberto
742 2359 788 2384 nel
809 2358 967 2388 settembre,
986 2356 1055 2391 pote
1074 2357 1260 2382 nell’ottobre
1280 2357 1339 2381 sor-

438 2405 500 2428 nire
519 2404 547 2427 la
565 2404 725 2428 traversata
744 2410 758 2426 e
779 2403 894 2426 vincere
914 2401 942 2425 ln.
961 2399 1103 2432 battaglia
1117 2399 1162 2423 nel
1184 2399 1339 2423 novembre

440 2445 515 2478 1084.
542 2445 726 2477 L’Anonymus
752 2444 883 2468 Barensis
907 2443 945 2468 ha
970 2443 1069 2467 invece
1095 2450 1138 2466 an.
1168 2440 1248 2472 1085:
1281 2441 1338 2465 “In

438 2495 533 2512 mense
552 2487 679 2512 ianuarii
697 2486 844 2511 commisit
863 2485 970 2509 bellum
989 2485 1020 2508 in
1040 2491 1116 2509 mare
1135 2490 1197 2508 cum
1219 2483 1277 2515 ipsi
1289 2483 1338 2508 Be-

439 2530 527 2555 netici
557 2532 584 2554 et
612 2529 685 2554 vicit
697 2546 721 2560 „.
757 2528 782 2553 Il
810 2528 903 2552 Breve
932 2527 1077 2552 chronicon
1105 2526 1338 2557 Nortmannicum‚

438 2574 537 2604 sposta
567 2579 672 2596 ancora
702 2572 776 2596 tutte
804 2570 830 2594 le
856 2569 935 2594 date:
968 2567 1045 2601 1085.
1084 2567 1251 2592 “Robertus
1279 2568 1339 2592 dux

440 2614 453 2627 “
463 2616 543 2639 venit
551 2614 741 2639 Brendusium
751 2620 812 2637 cum
822 2612 950 2637 exercitu
959 2611 1224 2636 Northmannorum
1235 2617 1338 2643 magno

439 2656 453 2669 “
464 2659 491 2681 et
502 2657 583 2685 forti,
593 2658 622 2681 et
634 2656 713 2680 misit
728 2662 756 2680 se
769 2655 800 2679 in
814 2654 938 2679 navibus
951 2654 981 2678 in
996 2654 1067 2678 mari
1083 2654 1113 2677 in
1128 2659 1222 2677 mense
1236 2652 1339 2686 aprilis

440 2700 453 2712 “
465 2703 492 2724 et
512 2700 568 2723 ivit
581 2700 683 2724 contra
697 2699 823 2723 Venetos
836 2697 871 2721 ad
885 2696 1105 2730 expugnandam
1118 2693 1290 2729 Cassiopim.
1304 2694 1340 2719 Et

440 2742 453 2755 α
467 2742 573 2766 factum
583 2742 625 2766 est
635 2740 777 2775 proelium
790 2741 818 2763 in
830 2740 901 2764 mari
912 2740 941 2764 et
955 2738 1028 2763 victi
1043 2739 1110 2763 sunt
1122 2737 1227 2762 Veneti
1240 2744 1255 2761 a
1270 2736 1339 2761 duce

437 2785 450 2798 ¹‘
462 2784 588 2809 Roberto
598 2801 624 2815 η.
1034 2805 1036 2807 .

525 2825 538 2842 ⁴
558 2825 751 2852 Gumsmus
770 2825 960 2854 Armuaszs,
980 2824 1013 2853 V.
1034 2821 1085 2847 228
1106 2820 1145 2855 (p.
1166 2820 1339 2855 295);G1m-

437 2875 543 2894 munus
561 2868 758 2900 Muti-renim,
775 2867 825 2896 ΙΙΙ,
845 2875 879 2900 49
899 2866 941 2899 (?).

525 2910 537 2927 ⁶
557 2911 697 2944 Gregorio
717 2910 771 2936 VII
789 2908 862 2935 morl
882 2910 914 2934 ln
934 2908 1061 2934 Salei-no.
1082 2909 1175 2933 Breve
1190 2907 1337 2932 Chronicon

440 2954 669 2986 Nortmanmhum,
683 2961 727 2978 an.
744 2951 825 2984 1085:
842 2952 856 2966 “
865 2952 991 2977 Moritur
1003 2950 1115 2976 Salerni
1130 2956 1224 2975 mense
1238 2949 1337 2974 madio

439 2997 451 3010 “
465 2997 619 3030 Gregorius
633 3003 715 3030 papa,
726 2998 754 3021 et
765 2997 824 3030 ipse
837 2996 903 3020 Dux
917 2994 1039 3020 moritur
1050 2995 1079 3018 in
1093 2991 1227 3027 Cassiopi
1242 2999 1338 3017 mense

1402 1348 1500 1374 “iulio
1512 1367 1535 1381 η.
1556 1348 1748 1374 Gunurrmus
1766 1347 1957 1380 Aeunimsm,
1977 1349 2011 1379 V,
2032 1354 2095 1381 320:

1446 1406 1508 1429 Dux
1527 1413 1575 1429 non
1594 1413 1621 1429 se
1641 1405 1774 1437 lacrymis,
1795 1403 1890 1428 audita
1901 1406 1992 1436 sorte,
2010 1406 2119 1435 coercet,

1445 1448 1538 1471 Morte
1564 1447 1623 1471 Viri
1640 1447 1724 1471 tanti.-
1743 1454 1792 1471 non
1811 1454 1882 1471 mors
1894 1446 1988 1477 patris
2007 1445 2122 1477 amplius
2141 1444 2217 1470 illum

1445 1489 1564 1521 Cogeret
1582 1490 1621 1514 ad
1637 1491 1779 1521 lacryma-3,
1799 1497 1848 1514 non
1860 1489 1940 1522 filius
1959 1488 2022 1519 ipse,
2042 1494 2090 1512 nec
2107 1494 2180 1519 uxor,

1445 1531 1584 1567 Extremas
1604 1531 1656 1555 etsi
1673 1539 1749 1556 casus
1768 1531 1905 1563 utriusque
1923 1530 2039 1558 videret,

1443 1574 1565 1606 Magnus
1585 1577 1646 1598 erat
1664 1574 1697 1598 de
1714 1577 1799 1598 morte
1818 1574 1903 1604 dolor,
1927 1572 1989 1604 quia
2008 1579 2122 1604 magnus
2141 1571 2249 1602 amoris,

1452 1616 1548 1640 Vivere
1561 1616 1621 1640 dum
1640 1615 1726 1645 licuit,
1745 1623 1824 1640 nexus
1841 1615 2015 1640 coniunxerat
2031 1614 2111 1639 illos.-

1440 1658 1522 1683 Alter
1540 1659 1573 1683 ab
1592 1659 1707 1683 alterius
1725 1666 1864 1690 numquam
1882 1657 2006 1682 discessit
2028 1664 2119 1682 amre

1443 1701 1584 1726 Firmatae
1601 1701 1730 1733 quondam
1745 1704 1810 1731 post
1827 1703 1917 1725 mutua
1929 1700 2049 1733 foedera
2063 1699 2144 1730 paoe's
2154 1717 2168 1731 η

1483 1747 1495 1765 ⁶
1514 1749 1653 1782 Cassiope
1674 1750 1705 1774 in
1731 1748 1862 1774 Coi-cira.
1887 1748 2080 1774 Gmmmus
2104 1748 2295 1776 APULOEN818‚

1394 1792 1428 1823 V,
1441 1799 1492 1825 331
1502 1800 1511 1824 ς
1523 1792 1618 1818 Arm-A
1638 1791 1798 1817 Commo
1811 1792 1859 1823 VI,
1874 1789 1996 1825 288-289‚
2010 1798 2025 1816 e
2037 1790 2213 1817 Gemma
2230 1789 2296 1815 ΜΑ-

1393 1840 1528 1860 LATitnnA
1541 1835 1595 1860 loc.
1610 1835 1669 1866 eit.‚
1679 1833 1776 1859 diinno
1790 1841 1870 1859 come
1883 1834 1950 1859 data
1969 1834 1998 1858 di
2018 1835 2110 1858 morte
2123 1833 2154 1858 dl
2167 1832 2295 1858 Reuerto

1393 1877 1416 1901 il
1429 1884 1503 1902 mese
1515 1877 1610 1909 luglio
1621 1886 1626 1906 ;
1639 1877 1789 1909 Anonymus
1799 1877 1938 1906 Berensis,
1949 1875 2008 1910 (an.
2023 1873 2112 1907 1085),
2126 1875 2190 1900 dice
2201 1875 2252 1900 che
2265 1874 2294 1899 ln

1394 1921 1486 1944 morte
1499 1927 1629 1945 avvenne
1643 1920 1664 1943 il
1677 1920 1782 1951 giorno
1796 1919 1825 1943 di
1840 1918 2040 1947 sant’Alessio,
2051 1916 2114 1942 eloe
2127 1917 2150 1942 1}
2163 1922 2179 1950 ¹1
2193 1917 2294 1949 lagno.

1394 1961 1439 1986 Cf.
1451 1960 1483 1986 C.
1497 1961 1532 1986 A.
1547 1960 1674 1991 Garun-1,
1690 1962 1718 1986 Il
1732 1961 1744 1974 “
1757 1961 1950 1994 Necrologr‘um
1962 1979 1975 1992 ‚,
1992 1969 2006 1985 e
2018 1960 2042 1985 il
2055 1959 2165 1985 “Lacr
2180 1958 2295 1992 Confra-

1393 2007 1488 2036 trum„
1510 2005 1585 2029 della
1608 2003 1702 2028 chiesa
1721 2003 1752 2028 di
1771 2003 1798 2028 S.
1811 2004 1918 2028 Matteo
1939 2003 1970 2027 di
1989 2002 2111 2034 Salem,
2132 2001 2224 2027 Roma
2250 2001 2294 2034 (ln

1393 2053 1476 2071 corso
1495 2046 1526 2070 di
1545 2047 1656 2079 stampe
1675 2053 1726 2078 per
1745 2045 1885 2070 l'Istituto
1904 2044 2019 2070 Stoi-ico
2037 2041 2184 2077 Iuliano),
2203 2050 2231 2076 p.
2244 2041 2294 2076 98:

1392 2087 1459 2112 XVI
1477 2088 1541 2113 Kal.
1560 2088 1638 2112 iunii
1657 2087 1700 2120 (17
1716 2087 1836 2120 luglio):
1850 2087 1927 2112 Anno
1940 2086 2082 2112 Domine-‘ce
2094 2085 2293 2116 incarnatione

1393 2131 1435 2155 M.
1455 2131 1613 2163 octogesimo
1640 2131 1683 2155 VI.
1704 2129 1762 2162 (an.
1781 2137 1852 2154 com.
1875 2127 1953 2160 1085)
1972 2137 2059 2154 mense
2076 2128 2142 2154 iulio
2167 2127 2295 2153 imbue

1400 2172 1501 2198 VIIP.
1520 2173 1638 2198 dominus
1658 2173 1792 2197 Rohertus
1811 2171 1976 2197 Gai-<cardus
1987 2171 2060 2196 vemt.
2097 2170 2139 2196 La
2151 2171 2223 2195 not·
2235 2167 2251 2195 δ
2263 2171 2294 2194 ln

1393 2215 1530 2240 scrittura
1549 2214 1673 2248 capitale
1691 2221 1725 2239 su
1744 2214 1836 2239 fondo
1856 2214 1890 2238 ad
1911 2220 1973 2238 oro.

1481 2256 1505 2281 Il
1526 2257 1612 2289 luogo
1631 2256 1708 2281 della
1727 2257 1819 2281 morte
1837 2254 1853 2280 “e
1871 2256 2003 2280 indicato
2021 2256 2053 2280 iu
2068 2254 2208 2288 Cassiope
2219 2254 2294 2280 oltre

1394 2299 1444 2323 che
1464 2298 1499 2323 da
1517 2305 1544 2323 R.
1558 2299 1605 2324 dal
1627 2299 1719 2323 Breve
1741 2299 1884 2324 Chronicon
1900 2297 2121 2323 Nortmannicm
2131 2297 2180 2322 eit.
2198 2297 2295 2329 Lupus

1393 2340 1626 2374 protospatarius
1650 2342 1713 2365 tace
1730 2341 1752 2365 il
1776 2341 1873 2372 luogo,
1893 2341 2002 2365 mentre
2020 2339 2043 2364 il
2071 2338 2215 2365 chronicon
2241 2340 2294 2364 Ca-

1393 2392 1481 2413 vense,
1500 2385 1527 2408 ci
1548 2385 1632 2416 porta
1651 2384 1678 2408 in
1692 2383 1862 2408 Romam'am.
1898 2383 2099 2412 Humanam,
2117 2385 2161 2413 op.
2179 2382 2225 2408 eet.
2244 2388 2293 2414 pp⁴

1393 2432 1522 2458 401-403‚
1542 2425 1670 2458 accoglie
1688 2425 1895 2450 l’indieazione
1914 2424 1944 2449 di
1963 2429 2006 2454 κς
2026 2431 2071 2449 ma
2092 2422 2293 2453 cumn,

1394 2469 1479 2493 Essai
1495 2475 1542 2494 sur
1560 2469 1586 2493 le
1604 2475 1690 2500 regne
1702 2467 1820 2492 d'Alexis
1839 2470 1889 2492 etc.
1902 2468 1950 2491 cit.
1964 2473 1991 2499 p.
2003 2472 2048 2499 93,
2061 2466 2151 2500 opina
2162 2466 2292 2493 trattarsi

1393 2509 1439 2535 del
1460 2511 1661 2542 promontorIo
1680 2509 1809 2540 d'Ather,
1829 2506 2026 2534 au’estremita
2039 2507 2184 2533 dell’lsola
2198 2507 2229 2532 di
2242 2506 2292 2532 Ce-

1393 2552 1516 2577 salonia.

1481 2594 1506 2619 11
1526 2595 1620 2619 Breve
1640 2595 1734 2620 Chron.
1748 2595 1865 2625 Nortm.,
1879 2591 1941 2618 cosi
1954 2592 2057 2618 chiude
2069 2591 2194 2617 l'ultimn
2206 2593 2292 2617 nota:

1397 2636 1410 2650 ⁴‘
1421 2635 1534 2670 Corpus
1553 2637 1614 2662 eius
1634 2634 1776 2670 (Roberti)
1796 2637 1973 2670 reportatum
1990 2636 2034 2660 est
2052 2635 2084 2660 in
2102 2633 2293 2659 Brundunum

1396 2679 1410 2692 “
1421 2681 1451 2704 in
1471 2686 1565 2704 mense
1585 2679 1746 2713 septembri,
1765 2680 1794 2704 et
1813 2679 1870 2704 fuit
1884 2677 2011 2711 sepultus
2024 2678 2055 2702 ln
2069 2676 2188 2702 ecclesis
2201 2677 2292 2702 uncti

1397 2720 1520 2746 “Sabini
1541 2721 1573 2745 in
1593 2720 1715 2746 civitate
1739 2719 1870 2752 Venusss,
1895 2721 1970 2745 sicut
1994 2719 2056 2752 ipse
2081 2720 2148 2744 ante
2173 2719 2293 2744 mortem

1396 2762 1410 2776 ⁸
1421 2765 1586 2797 preceperat
1597 2780 1672 2795 „....
1691 2762 1732 2787 Di
1751 2763 1830 2794 Mne,
1849 2762 1952 2788 Annali
1968 2760 2042 2792 V111.
2061 2768 2087 2795 p.
2108 2766 2158 2793 242
2182 2760 2293 2794 riperta

1394 2807 1441 2831 dal
1461 2806 1589 2831 Baroriio
1608 2805 1782 2831 l’iscrizione
1801 2805 1851 2830 che
1869 2811 1922 2830 ors.
1942 2811 1999 2829 non
2019 2805 2042 2828 si
2063 2803 2174 2829 ritrova
2191 2800 2257 2837 plin

1433 2864 1488 2888 Hic
1506 2867 1596 2888 terror
1615 2863 1714 2888 Mundi
1735 2862 1908 2888 Guiscardus.
1947 2862 2002 2886 Hic
2020 2861 2121 2892 expulit
2143 2860 2222 2890 Urbe,

1429 2907 1514 2940 Quem
1534 2906 1655 2939 Ligures
1673 2913 1775 2939 regem.
1796 2905 1890 2937 Roma,
1910 2904 2076 2929 Alamannus
2094 2903 2178 2928 habet.

1426 2949 1553 2980 Parthus,
1564 2948 1660 2979 Arabs,
1676 2948 1867 2980 Macedumque
1876 2947 1996 2978 phalanx
2009 2953 2058 2971 non
2071 2946 2137 2971 texit
2144 2945 2257 2975 Alexim,

1426 2991 1464 3016 At
1473 2991 1567 3025 fuga:
1586 2992 1634 3016 sed
1659 2991 1782 3015 Venetam
1801 2998 1846 3014 nec
1858 2990 1945 3023 fuga,
1968 2997 2014 3013 nec
2033 2988 2164 3020 Pelagus.

2322 1440 2356 1467 4⁵

2325 1654 2358 1680 50
2372 1633 2376 1655 ³

2323 1873 2355 1900 ss

2322 2080 2357 2106 ⁶0
2372 2063 2374 2065 ’

2321 2293 2355 2326 65
2379 2326 2381 2328 ,

2320 2480 2393 2539 ἰοῘ
