2398 3470
85 266 171 301 [ΑΛ.
184 273 224 294 m.
237 267 370 294 4021-11.
384 273 407 295 e.
424 267 498 301 sos]
858 259 1178 297 CHRONICON
1897 258 1946 295 4⁴9
1991 275 2071 298 Mum,
2081 280 2114 295 ec.
2125 279 2190 300 ,πρ-55

0 325 10 343 [Γ
87 338 100 343 ,.
101 334 1909 343 ...........................................................................................................................................................................................................................
1911 335 1947 341 ..-

959 423 1059 456 Beda
1069 436 1079 457 :

178 512 193 528 ‘⁴
207 510 318 554 Hujus
340 510 496 543 secundo
521 519 610 542 anno
633 509 757 541 Festus
783 508 896 554 Judeg
927 515 1133 551 procurator
1163 508 1330 540 successit
1362 508 1484 546 Felici,
1507 519 1528 539 a
1552 519 1620 551 quo
1649 508 1778 541 Paulus
1802 509 1952 542 Romam
1988 524 2009 538 a.
2026 524 2055 538 m.
2070 524 2120 543 4021

90 564 256 596 “uinctus
279 563 437 597 mittitur:
463 569 498 596 et
521 563 662 596 biennio
685 562 721 594 in
746 561 855 594 libera
878 573 1027 595 manens.
1042 562 1212 601 custodia,
1243 566 1323 604 post
1345 562 1411 594 hec
1435 562 1482 593 ad
1505 562 1760 603 predicandum
1788 562 1948 595 mittitur:

11 643 13 646 .
89 619 104 636 ‘⁴
117 627 182 650 nec
205 617 287 650 dum
311 617 452 649 Nerone
475 617 511 648 in
535 621 632 648 tanta
656 620 860 657 erumpente
875 615 1020 654 scelera,
1038 621 1168 659 quanta
1185 616 1229 648 de
1246 625 1287 647 eo
1304 620 1447 647 narrant
1462 615 1627 659 hystorie.
1673 615 1826 658 Jacobus
1842 616 1952 648 frater

0 664 61 708 „³²¹5
89 670 256 703 “Domini
280 681 359 703 cum
383 680 459 702 xxx
481 670 581 702 annis
603 668 944 701 Hierosolimitanam
960 670 1109 702 rexisset
1125 669 1322 707 ecclesiam,
1339 669 1485 711 septimo
1502 669 1764 702 Neronisanno
1779 669 1954 712 lapidatur

0 716 30 765 ²}
88 725 105 742 ‘⁶
115 735 136 757 a
146 724 280 768 Judeis,
297 723 557 757 uindicantibus
572 723 608 755 in
624 723 694 761 illo,
712 721 806 766 quod
821 722 969 755 Paulum
984 723 1185 755 interficere
1202 722 1442 766 nequiuerunt.
1490 723 1593 755 Festo
1609 723 1823 767 magistratui
1838 723 1951 766 Judee

88 776 282 811 “suc'cedit
305 777 463 811 Albinus.
509 777 639 810 Albino
663 776 803 809 Florus:
829 776 930 820 cujus
954 776 1125 809 luxuriam
1155 782 1189 808 et
1218 776 1398 808 auaritiam
1431 782 1619 820 ceteraque
1645 777 1777 820 flagitia
1799 787 1868 809 non
1896 777 1950 809 fe-
1985 793 2004 807 c.
2022 787 2066 812 71b

89 834 104 850 “
117 838 232 866 rentes
254 832 361 876 Judei
384 837 506 865 contra
528 831 706 864 Romanos
729 830 1002 863 rebellauerunt.
1048 830 1127 862 Αιί1
1153 841 1240 873 quos
1262 830 1499 873 Uespasianus
1516 831 1682 874 magister
1704 830 1825 864 militie
1842 837 1953 863 trans-

89 884 104 902 “
117 885 238 918 missus
262 891 325 924 est,
348 885 515 927 plurimas
537 883 643 917 urbes
665 884 778 928 Judeg
802 884 909 926 cepit.

21 938 60 973 10
176 940 191 956 ‘⁴
204 938 342 971 Primus
365 938 462 971 Nero
484 947 590 980 super
612 937 729 970 omnia
751 936 889 970 scelera
910 948 973 970 sua
996 937 1210 970 Christianos
1232 937 1466 980 persequitur,
1490 948 1635 981 quorum
1651 937 1795 971 eximios
1811 937 1952 972 Petrum

15 1023 18 1027 ,
88 993 230 1030 “cruce,
254 990 401 1024 Paulum
423 990 541 1035 gladio
565 989 729 1030 occidit„
747 989 770 1023 ².
818 990 890 1023 Sub
914 990 982 1023 hoc
1006 990 1186 1032 pollebant
1207 990 1322 1024 Rome
1347 997 1450 1033 poete
1474 990 1638 1024 Lucanus
1662 997 1697 1024 et
1724 990 1881 1029 Ouidius,
1898 1001 1951 1023 sa-

21 1074 23 1078 ,
82 1045 186 1089 tyrici
208 1044 386 1088 Juuenalis
409 1050 444 1077 et
465 1043 616 1083 Persius,
642 1043 848 1087 Senecaque
872 1045 1037 1088 tragicus,
1060 1043 1242 1077 Musonius
1265 1049 1369 1087 atque
1394 1044 1603 1077 Plutarchus
1627 1044 1827 1088 philosophi
1839 1043 1861 1077 ³.

929 1158 1071 1192 Orosius
1077 1171 1089 1192 :

131 1236 134 1241 ’
169 1240 273 1274 Anno
296 1240 341 1274 ab
364 1241 450 1274 urbe
473 1240 687 1275 DCCCV'III
709 1240 805 1274 Nero
829 1240 938 1274 Cesar
954 1241 997 1274 ab
1013 1239 1172 1285 Augusto
1189 1241 1328 1284 quintus
1351 1241 1586 1284 principatum
1611 1242 1758 1285 adeptus
1782 1248 1833 1276 est
1856 1253 1952 1275 man-
1990 1259 2011 1274 u.
2027 1259 2047 1274 c.
2063 1254 2103 1274 sos

21 1292 59 1328 15
81 1294 191 1338 sitque
214 1295 250 1327 in
273 1305 315 1328 eo
338 1295 437 1328 annis
460 1306 531 1327 non
553 1294 666 1338 plenis
690 1304 765 1327 X1v.
798 1293 875 1338 Gaji
899 1294 1056 1328 Calicule
1080 1295 1244 1327 auunculi
1268 1295 1320 1328 sui
1344 1305 1428 1339 erga
1457 1295 1543 1328 uitia
1566 1306 1608 1329 ac
1632 1297 1767 1329 scelera
1790 1302 1952 1336 sectator,

80 1349 185 1382 immo
208 1354 450 1393 transgressor,
473 1348 715 1391 petulantiam,
737 1347 932 1387 libidinem,
957 1348 1139 1387 luxuriam,
1164 1348 1359 1387 auaritiam,
1384 1349 1638 1390 crudelitatem,
1663 1350 1758 1383 nullo
1782 1361 1853 1383 non
1875 1361 1952 1383 sce-

82 1401 154 1435 lere
178 1403 335 1435 exercuit
342 1414 351 1440 3
376 1401 547 1445 siquidem
570 1401 764 1444 petulantia
786 1401 940 1444 percitus
963 1402 1081 1434 omnia
1096 1412 1187 1444 pene
1204 1401 1324 1434 Ytalie
1349 1402 1546 1447 Grecieque
1575 1405 1710 1436 theat-ra
1725 1404 1951 1447 perlustrans,

81 1461 255 1499 assumpto
280 1455 383 1488 etiam
406 1455 494 1488 uarii
517 1455 664 1488 uestitus
687 1454 875 1494 dedecore,
899 1454 1082 1488 scenicos⁴
1107 1455 1316 1494 citharistas,
1349 1456 1512 1499 tragicos,
1537 1462 1573 1489 et
1595 1457 1743 1503 aurigas,
1774 1468 1858 1500 sepe
1886 1457 1952 1490 sibi

80 1519 261 1553 superasse
284 1511 378 1542 uisus
402 1516 463 1543 est.
509 1509 733 1543 Libidinibus
755 1518 861 1552 porro
884 1509 992 1541 tantis
1014 1509 1209 1554 exagitatus
1226 1515 1287 1548 est,
1303 1516 1342 1542 ut
1357 1520 1401 1542 ne
1418 1521 1439 1542 a
1454 1517 1563 1543 matre
1579 1511 1731 1554 quidem,
1748 1512 1806 1545 uel
1821 1522 1950 1550 sorore,

16 1563 60 1600 20
79 1562 196 1596 ullane
219 1563 531 1608 consanguinitatis
554 1562 751 1596 reuerentia
774 1561 978 1595 abstinuisse
1000 1563 1184 1603 referatur,
1208 1562 1321 1595 uirum
1343 1563 1380 1595 in
1403 1573 1547 1596 uxorem
1572 1565 1717 1604 duxerit,
1741 1565 1818 1608 ipse
1834 1576 1854 1598 a
1877 1565 1952 1599 uiro

79 1627 167 1650 uxor
190 1623 356 1660 acceptus
379 1617 441 1649 sit:
465 1616 600 1649 luxurie
624 1626 709 1649 uero
733 1622 802 1650 tam
827 1616 1007 1649 effre'nate
1030 1616 1109 1656 fuit,
1132 1622 1171 1649 ut
1193 1616 1324 1650 retibus
1342 1615 1470 1650 'aureis
1499 1618 1704 1661 piscaretur,
1730 1630 1797 1663 que
1819 1630 1950 1663 purpu-
1986 1636 2007 1651 c.
2024 1635 2070 1655 7222

78 1670 147 1703 reis
169 1670 312 1704 funibus
335 1671 616 1709 extrahebantur,
640 1670 789 1714 frigidis,
813 1675 849 1703 et
872 1670 997 1703 calidis
1015 1670 1187 1703 lauaretur
1209 1670 1408 1714 unguentis.
1456 1670 1530 1710 Qui
1555 1672 1658 1705 etiam
1682 1683 1869 1716 numquam
1886 1674 1950 1706 mi-

80 1734 144 1757 nus
166 1724 261 1757 mille
284 1725 439 1757 carrucis
471 1724 671 1757 confecisse
700 1723 769 1756 iter
800 1721 959 1756 traditur.
1006 1723 1167 1767 Denique
1198 1723 1292 1757 urbis
1322 1724 1437 1757 Rome
1469 1725 1668 1759 incendium
1691 1727 1863 1769 uoluptati
1886 1738 1947 1760 sue

0 1808 3 1821 =
79 1778 318 1822 spectaculum
341 1778 443 1816 fecit3
468 1788 532 1821 per
548 1788 610 1811 sex
625 1777 711 1817 dies,
727 1783 930 1822 septemque
958 1783 1080 1812 noctes
1097 1777 1222 1810 ciuitas
1238 1778 1365 1811 ardens
1381 1779 1495 1822 regios
1511 1780 1609 1822 pauit
1623 1786 1785 1822 aspectus
1791 1794 1800 1819 ;
1826 1781 1950 1814 horrea

0 1823 58 1880 {25
79 1831 211 1876 quadro
236 1838 394 1865 extructa
417 1832 534 1875 lapide
558 1841 755 1875 magneque
778 1837 935 1865 ueterum
959 1831 1080 1871 insule,
1104 1842 1189 1875 quas
1214 1832 1414 1865 discurrens
1436 1833 1574 1865 flamma
1597 1834 1697 1867 adire
1713 1844 1784 1867 non
1800 1841 1949 1878 poterat,

79 1883 212 1930 maguis
234 1885 407 1918 machinis
422 1885 599 1928 quondam
615 1885 662 1918 ad
678 1890 820 1917 externa
842 1884 935 1917 bella
957 1884 1152 1928 preparatis
1168 1884 1343 1918 labefacte
1360 1891 1464 1929 atque
1480 1886 1690 1919 inflammate
1707 1893 1798 1927 sunt,
1814 1889 1860 1921 ad
1876 1899 1951 1922 mo-

79 1943 318 1972 numentorum
348 1938 597 1981 bustorumque
628 1938 821 1971 diuersoria
843 1937 986 1971 infelice
1017 1937 1122 1981 plebe
1153 1938 1344 1981 compulsa.
1391 1939 1499 1979 Quod
1521 1939 1598 1982 ipse
1622 1949 1667 1972 ex
1697 1940 1862 1974 altissima
1890 1943 1951 1975 illa

78 1990 301 2025 Mecenatica
323 1992 411 2025 turri
433 1997 662 2036 prospectans
683 1991 844 2035 letusque
868 1991 1005 2025 flamme
1021 1998 1060 2025 ut
1082 1992 1199 2036 ajebat
1220 1992 1495 2036 pulchritudine,
1513 1993 1646 2037 tragico
1667 1994 1787 2027 habitu
1804 1995 1950 2029 Iliadem

80 2044 299 2079 decantabat.
345 2044 506 2078 Auaritie
530 2051 645 2078 autem
668 2050 739 2079 tam
767 2051 932 2088 prerupte
965 2045 1090 2085 extitit,
1121 2052 1160 2079 ut
1190 2051 1270 2089 post
1299 2046 1370 2079 hoc
1401 2046 1607 2079 incendium
1637 2047 1743 2087 urbis,
1775 2059 1879 2092 quam
1912 2060 1949 2082 se

81 2097 255 2144 Augustus
270 2111 314 2133 ex
329 2099 490 2132 latericia
513 2109 742 2132 marmoream
757 2098 952 2132 reddidisse
967 2099 1174 2144 jactauerat‚
1192 2100 1366 2133 neminem
1381 2099 1393 2119 ⁵
1409 2099 1479 2142 [ad]
1496 2100 1661 2145 reliquias
1679 2111 1794 2134 rerum
1811 2113 1949 2136 suarum

80 2151 178 2187 adire
198 2153 410 2196 permiserit3
435 2158 564 2186 cuncta
579 2152 696 2196 [enim]
713 2163 781 2196 que
797 2153 935 2185 flamme
951 2163 1093 2197 quoquo
1109 2152 1212 2187 modo
1229 2163 1334 2197 super
1350 2154 1501 2193 fuerant,
1518 2154 1591 2197 ipse
1608 2154 1760 2188 abstulit.
1807 2156 1950 2190 Centies

20 2244 23 2255 .
81 2211 228 2239 centena
248 2206 343 2240 milia
365 2206 602 2239 sestertiorum
626 2207 712 2247 auri,
736 2213 772 2240 et
794 2206 930 2251 argenti
953 2205 1110 2239 annuas⁶
1135 2207 1180 2239 ad
1204 2217 1376 2250 expensas
1399 2218 1421 2239 a
1443 2214 1567 2240 senatu
1584 2208 1739 2241 conferri
1756 2209 1822 2242 sibi
1839 2210 1949 2253 impe-

21 2294 24 2299 ,
81 2259 185 2300 rauit3
207 2259 376 2302 plurimos
398 2265 607 2300 senatorum,
640 2259 735 2293 nulla
767 2260 935 2293 existente
960 2270 1076 2299 causa,
1099 2260 1200 2292 bonis
1230 2260 1398 2302 priuavit;
1430 2261 1685 2304 negotiatorum
1708 2263 1861 2296 omnium
1884 2264 1947 2297 sub

22 2330 25 2334 ν
81 2322 150 2345 uno
173 2313 240 2352 die,
265 2313 460 2347 'tormentis
484 2323 623 2357 quoque
647 2313 823 2353 adhibitis,
847 2322 984 2345 omnem
1010 2323 1153 2345 censum
1183 2313 1324 2356 penitus
1355 2313 1525 2346 abstersit.
1572 2314 1798 2349 Crudelitatis
1829 2324 1944 2350 autem
1982 2334 2001 2347 c.
2019 2328 2063 2353 72⁶

25 2427 28 2447 ι

26 2459 31 2528 i
170 2499 193 2528 ς.
213 2497 243 2520 in
260 2497 285 2521 Α
304 2504 414 2522 manca:
434 2496 719 2522 Hierosollmitanam
741 2510 772 2515 —
792 2496 817 2523 6.
830 2504 887 2530 quo
911 2497 934 2521 C
945 2510 979 2515 —
998 2502 1023 2527 7.
1036 2497 1191 2523 avariciam
1215 2497 1238 2521 C
1254 2510 1267 2516 —
1286 2497 1398 2531 flagicia
1421 2497 1444 2522 C
1456 2512 1489 2517 -
1511 2504 1552 2523 ιο.
1566 2499 1676 2524 Primus
1695 2500 1725 2523 in
1748 2499 1771 2524 C
1787 2508 1896 2526 manca.-
1912 2515 1944 2519 —

28 2536 33 2564 ἱ
86 2542 174 2565 nvn.
191 2539 221 2563 in
243 2539 267 2563 C
281 2546 391 2565 manca.-
411 2540 441 2565 et
453 2539 576 2565 Ovidius
588 2540 699 2565 satirici
716 2539 859 2565 Inventus
871 2552 883 2558 ·
901 2539 924 2564 C
933 2540 1084 2572 aggiunge:
1099 2540 1230 2565 satiricus
1242 2541 1270 2565 et
1283 2541 1391 2566 Statius
1404 2541 1527 2565 Ursulus
1540 2543 1676 2566 cornutus
1689 2549 1800 2575 quoque
1814 2557 1846 2561 —
1863 2550 1903 2568 12.
1918 2545 1947 2568 in

29 2573 36 2665 ἱ
86 2577 224 2605 cumea.-
253 2587 308 2614 que
333 2581 459 2614 tragicus
477 2593 489 2600 -
506 2581 670 2608 Mus-onius
685 2581 712 2605 Β
730 2594 764 2599 -
786 2586 827 2613 15.
854 2581 940 2615 Gagis
958 2581 983 2605 Α
998 2581 1021 2605 c
1037 2595 1048 2600 -
1067 2581 1208 2607 Gallicule
1220 2582 1291 2605 B—
1315 2580 1354 2607 16.
1373 2582 1567 2615 petulanciam
1587 2583 1613 2606 B
1627 2582 1650 2606 c
1666 2596 1678 2602 -
1697 2584 1851 2609 avariciam
1874 2586 1898 2609 c
1914 2599 1946 2604 -

85 2625 126 2654 121.
143 2623 262 2656 pertitus
280 2623 305 2648 A
317 2623 341 2648 C
357 2635 369 2643 -
388 2624 482 2649 teatra
499 2623 565 2648 C—
581 2624 623 2649 18.
636 2623 726 2648 eciam
744 2624 770 2647 B
783 2623 807 2647 C
823 2637 834 2642 -
883 2624 978 2649 enicas
996 2623 1019 2647 C
1038 2637 1069 2641 —
1092 2631 1133 2656 19.
1147 2624 1242 2649 uissus
1254 2624 1279 2648 A
1300 2637 1331 2642 --—
1352 2630 1396 2650 22.
1409 2625 1592 2650 extraebatur
1615 2625 1639 2649 C
1650 2638 1661 2642 -
1682 2632 1826 2658 nunquam
1839 2627 1865 2651 B
1879 2628 1945 2651 G—

32 2668 53 2694 os
82 2667 126 2696 23.
141 2665 260 2690 carnicis
282 2665 305 2690 C
321 2679 354 2684 -—
374 2664 415 2690 26.
429 2666 555 2690 extrema
571 2664 595 2689 C
611 2678 623 2684 -
642 2665 784 2696 Onosms,
797 2631 986 2691 labetactans
1005 2679 1018 2685 -
1036 2666 1179 2691 inflamate
1197 2666 1220 2689 C
1237 2679 1270 2683 —
1289 2672 1334 2698 27.
1352 2666 1467 2691 infelici
1479 2667 1504 2690 Α
1519 2681 1551 2684 -
1572 2667 1614 2692 28.
1629 2667 1807 2693 MacenatIca
1831 2668 1854 2692 C
1870 2682 1881 2687 —
1900 2669 1947 2694 fla-

0 2723 6 2741 ,
31 2688 37 2721 ¹
84 2704 160 2731 nhc
176 2706 202 2731 Α
220 2719 232 2725 -
249 2708 350 2742 agebat
372 2707 395 2732 C
411 2720 423 2726 ·
440 2707 561 2733 Iliadem
579 2707 603 2731 A
618 2721 651 2725 —
666 2714 709 2740 ²9·
728 2708 864 2733 Avaricie
883 2708 910 2731 B
923 2707 946 2731 C
963 2722 994 2725 —
1015 2715 1059 2741 3¹-
1078 2708 1192 2733 flamine
1215 2708 1238 2732 C
1254 2721 1265 2726 -
1284 2709 1430 2741 quomodo
1442 2709 1466 2733 A
1482 2709 1520 2737 C:
1540 2712 1634 2734 accetto
1653 2710 1681 2733 la
1694 2709 1791 2735 lenione
1809 2711 1946 2736 dthon-

16 2723 39 2788 ξ
74 2745 165 2776 firme
181 2749 218 2773 ad
239 2748 326 2774 Omeio
341 2762 352 2769 —
370 2751 482 2775 cencies
500 2749 526 2772 B
539 2749 563 2773 C
575 2763 607 2769 —-
628 2755 671 2780 32.
683 2750 883 2775 uestes-ciorum
906 2749 929 2774 C
945 2763 978 2769 -—
998 2757 1040 2783 33.
1062 2750 1190 2784 privavit
1208 2751 1234 2774 B
1247 2750 1271 2774 C
1287 2764 1298 2769 -
1317 2751 1534 2783 negociatorum
1554 2752 1580 2775 B
1594 2751 1625 2780 C,
1650 2751 1756 2777 orosio:
1778 2755 1944 2780 sextertium

167 2834 178 2852 ²
195 2837 342 2862 Adversum
360 2838 425 2863 dice
445 2838 530 2864 Beda.
1035 2847 1083 2865 ce=
1105 2839 1243 2874 “cerycas
1253 2857 1267 2871 „
1288 2839 1301 2853 ‘⁴
1316 2826 1535 2872 ....tragoedos
1544 2857 1567 2871 ,,.

23 2894 26 2910 3
167 2875 179 2894 ³
194 2879 294 2905 Anehe
312 2881 413 2912 questo
432 2880 520 2906 bruno
538 2880 569 2906 di
589 2879 662 2905 Beda
680 2878 696 2905 ὲ
714 2881 805 2906 tratto
817 2887 868 2912 per
887 2881 981 2906 intel-o
1123 2880 1134 2897 ⁵
1153 2881 1255 2907 Manca
1268 2882 1314 2910 ad,
1328 2883 1411 2907 usato
1425 2882 1462 2907 da
1475 2882 1615 2914 Okosru5‚
1627 2883 1689 2914 vn,
1712 2890 1735 2916 7,
1756 2889 1780 2915 7.
1976 2891 2005 2917 15

1 2924 29 2958 ἦξε
80 2918 183 2996 ἒξ
198 2921 444 2995 νιζίιοίἑιὶωωὸω
466 2922 497 2947 di
522 2929 574 2948 san
593 2921 751 2953 Girolamo,
777 2928 837 2956 cap.
856 2922 891 2954 11,
910 2922 979 2948 ediz.
1036 2964 1049 2978 a
1060 2922 1291 2992 amu⁶mORos1us,
1306 2923 1368 2955 vn,
1383 2930 1408 2956 7,
1423 2924 1453 2949 8:
1469 2923 1482 2937 ³
1492 2927 1672 2952 ....centena
1685 2926 1763 2951 milia
1776 2927 1942 2953 sextertium

21 2983 24 2985 >
176 2969 206 2997 p·
310 2980 319 2991 ο
1165 2984 1171 2991 ι
1182 2984 1188 2991 ·
1197 2985 1204 2992 0
1211 2984 1218 2992 ι
1230 2983 1253 2998 n-

167 3001 180 3020 ⁸
197 3004 266 3030 Bu.
286 3005 376 3035 Hire„
393 3005 470 3039 vm,
489 3006 507 3032 6
527 3005 567 3040 (p.
589 3006 660 3040 189).
1125 3007 1136 3024 '⁷
1156 3009 1242 3040 lusu,
1262 3008 1311 3039 ΙΙΙ,
1331 3014 1358 3041 7,
1376 3016 1410 3040 9:
1429 3008 1442 3021 “
1455 3016 1543 3042 paene
1552 3027 1576 3042 η.

166 3043 181 3062 ⁴
200 3046 339 3079 Onustus,
358 3048 421 3081 VH,
434 3053 460 3081 7,
474 3055 489 3074 2
504 3049 564 3083 (pp.
578 3048 717 3082 246-247)‚
736 3049 787 3075 che
799 3056 819 3075 κ
832 3051 924 3084 copia,
938 3050 980 3075 di-
1349 3056 1351 3059 ¹

47 3180 52 3226 ι
237 3162 530 3198 T.V11,p.1—4.
