<?xml version="1.0" encoding="UTF-8"?>
<!DOCTYPE html PUBLIC "-//W3C//DTD XHTML 1.0 Transitional//EN"
    "http://www.w3.org/TR/xhtml1/DTD/xhtml1-transitional.dtd">
<html xmlns="http://www.w3.org/1999/xhtml" xml:lang="en" lang="en">
 <head>
  <title>
</title>
<meta http-equiv="Content-Type" content="text/html;charset=utf-8" />
  <meta name='ocr-system' content='tesseract 3.04.00' />
  <meta name='ocr-capabilities' content='ocr_page ocr_carea ocr_par ocr_line ocrx_word'/>
</head>
<body>
  <div class='ocr_page' id='page_1' title='image "./rerumitalicarums71murauoft_0281.png"; bbox 0 0 2398 3470; ppageno 0'>
   <div class='ocr_carea' id='block_1_1' title="bbox 149 240 1406 281">
    <p class='ocr_par' dir='ltr' id='par_1_1' title="bbox 149 240 1406 281">
     <span class='ocr_line' id='line_1_1' title="bbox 149 240 1406 281; baseline 0.003 -8"><span class='ocrx_word' id='word_1_1' title='bbox 149 242 202 281; x_wconf 78' lang='grc' dir='ltr'><strong>[Α.</strong></span> <span class='ocrx_word' id='word_1_2' title='bbox 221 247 257 274; x_wconf 86' lang='lat' dir='ltr'><strong>c.</strong></span> <span class='ocrx_word' id='word_1_3' title='bbox 279 244 373 280; x_wconf 72' lang='lat'><strong>111⁸}</strong></span> <span class='ocrx_word' id='word_1_4' title='bbox 730 240 1015 279; x_wconf 87' lang='lat' dir='ltr'><strong>ROMUALDI</strong></span> <span class='ocrx_word' id='word_1_5' title='bbox 1043 241 1406 278; x_wconf 85' lang='lat' dir='ltr'><strong>SALERNITANI</strong></span> 
     </span>
    </p>
   </div>
   <div class='ocr_carea' id='block_1_2' title="bbox 150 317 2001 325">
    <p class='ocr_par' dir='ltr' id='par_1_2' title="bbox 150 317 2001 325">
     <span class='ocr_line' id='line_1_2' title="bbox 150 317 2001 325; baseline 0.001 -1"><span class='ocrx_word' id='word_1_6' title='bbox 150 317 182 324; x_wconf 62' lang='lat'><strong>0-</strong></span> <span class='ocrx_word' id='word_1_7' title='bbox 183 317 2001 325; x_wconf 57' lang='grc'><strong>.....................................................................................................................................................................................................</strong></span> 
     </span>
    </p>
   </div>
   <div class='ocr_carea' id='block_1_3' title="bbox 37 401 2076 623">
    <p class='ocr_par' dir='ltr' id='par_1_3' title="bbox 37 401 2076 623">
     <span class='ocr_line' id='line_1_3' title="bbox 37 401 2076 466; baseline 0.001 -17"><span class='ocrx_word' id='word_1_8' title='bbox 37 401 42 411; x_wconf 32' lang='lat'>³</span> <span class='ocrx_word' id='word_1_9' title='bbox 94 432 96 434; x_wconf 56' lang='lat'>&gt;</span> <span class='ocrx_word' id='word_1_10' title='bbox 144 416 294 450; x_wconf 77' lang='lat' dir='ltr'><strong>tificatus</strong></span> <span class='ocrx_word' id='word_1_11' title='bbox 316 417 483 451; x_wconf 84' lang='lat' dir='ltr'><strong>honorem</strong></span> <span class='ocrx_word' id='word_1_12' title='bbox 507 420 639 452; x_wconf 85' lang='lat' dir='ltr'><strong>electus</strong></span> <span class='ocrx_word' id='word_1_13' title='bbox 662 425 697 452; x_wconf 88' lang='lat' dir='ltr'><strong>et</strong></span> <span class='ocrx_word' id='word_1_14' title='bbox 720 419 881 452; x_wconf 85' lang='lat' dir='ltr'><strong>Gelasius</strong></span> <span class='ocrx_word' id='word_1_15' title='bbox 909 425 966 459; x_wconf 46' lang='lat' dir='ltr'><strong>est,</strong></span> <span class='ocrx_word' id='word_1_16' title='bbox 976 429 1069 461; x_wconf 88' lang='lat' dir='ltr'><strong>papa</strong></span> <span class='ocrx_word' id='word_1_17' title='bbox 1093 419 1208 451; x_wconf 86' lang='lat' dir='ltr'><strong>dictus</strong></span> <span class='ocrx_word' id='word_1_18' title='bbox 1220 417 1241 450; x_wconf 92' lang='lat'><strong>¹.</strong></span> <span class='ocrx_word' id='word_1_19' title='bbox 1288 418 1360 457; x_wconf 85' lang='lat' dir='ltr'><strong>Qui</strong></span> <span class='ocrx_word' id='word_1_20' title='bbox 1384 418 1584 462; x_wconf 85' lang='lat' dir='ltr'><strong>priusquam</strong></span> <span class='ocrx_word' id='word_1_21' title='bbox 1608 419 1839 459; x_wconf 81' lang='lat' dir='ltr'><strong>ordinaretur,</strong></span> <span class='ocrx_word' id='word_1_22' title='bbox 1862 426 2007 463; x_wconf 82' lang='lat' dir='ltr'><strong>propter</strong></span> <span class='ocrx_word' id='word_1_23' title='bbox 2031 420 2076 466; x_wconf 59' lang='grc' dir='ltr'><strong>ῗζζ</strong></span> 
     </span>
     <span class='ocr_line' id='line_1_4' title="bbox 144 523 2010 570; baseline 0.003 -16"><span class='ocrx_word' id='word_1_24' title='bbox 144 523 221 565; x_wconf 86' lang='lat' dir='ltr'><strong>ipse</strong></span> <span class='ocrx_word' id='word_1_25' title='bbox 245 523 406 556; x_wconf 86' lang='lat' dir='ltr'><strong>Gelasius</strong></span> <span class='ocrx_word' id='word_1_26' title='bbox 427 526 465 557; x_wconf 88' lang='lat' dir='ltr'><strong>in</strong></span> <span class='ocrx_word' id='word_1_27' title='bbox 489 526 632 558; x_wconf 86' lang='lat' dir='ltr'><strong>ciuitate</strong></span> <span class='ocrx_word' id='word_1_28' title='bbox 656 526 782 559; x_wconf 84' lang='lat' dir='ltr'><strong>Gaieta</strong></span> <span class='ocrx_word' id='word_1_29' title='bbox 805 526 958 564; x_wconf 81' lang='lat' dir='ltr'><strong>secessit,</strong></span> <span class='ocrx_word' id='word_1_30' title='bbox 981 525 1103 568; x_wconf 86' lang='lat' dir='ltr'>ibique</span> <span class='ocrx_word' id='word_1_31' title='bbox 1121 536 1141 557; x_wconf 90' lang='lat' dir='ltr'><strong>a</strong></span> <span class='ocrx_word' id='word_1_32' title='bbox 1157 525 1394 558; x_wconf 76' lang='lat' dir='ltr'><strong>cardinalibus</strong></span> <span class='ocrx_word' id='word_1_33' title='bbox 1424 526 1484 569; x_wconf 90' lang='lat' dir='ltr'><strong>qui</strong></span> <span class='ocrx_word' id='word_1_34' title='bbox 1501 535 1580 558; x_wconf 89' lang='lat' dir='ltr'><strong>eum</strong></span> <span class='ocrx_word' id='word_1_35' title='bbox 1603 527 1743 570; x_wconf 86' lang='lat' dir='ltr'><strong>sequuti</strong></span> <span class='ocrx_word' id='word_1_36' title='bbox 1766 532 1845 559; x_wconf 85' lang='lat' dir='ltr'><strong>sunt</strong></span> <span class='ocrx_word' id='word_1_37' title='bbox 1869 527 2010 560; x_wconf 89' lang='lat' dir='ltr'><strong>ordina-</strong></span> 
     </span>
     <span class='ocr_line' id='line_1_5' title="bbox 145 578 2006 623; baseline 0.003 -15"><span class='ocrx_word' id='word_1_38' title='bbox 145 581 200 608; x_wconf 86' lang='lat' dir='ltr'><strong>tus</strong></span> <span class='ocrx_word' id='word_1_39' title='bbox 224 582 276 609; x_wconf 86' lang='lat' dir='ltr'><strong>est</strong></span> <span class='ocrx_word' id='word_1_40' title='bbox 291 583 326 610; x_wconf 88' lang='lat' dir='ltr'><strong>et</strong></span> <span class='ocrx_word' id='word_1_41' title='bbox 343 585 581 617; x_wconf 61' lang='lat' dir='ltr'><strong>consecratum</strong></span> <span class='ocrx_word' id='word_1_42' title='bbox 605 585 787 622; x_wconf 83' lang='lat' dir='ltr'><strong>spreuerat</strong></span> <span class='ocrx_word' id='word_1_43' title='bbox 810 579 901 612; x_wconf 86' lang='lat' dir='ltr'><strong>enim</strong></span> <span class='ocrx_word' id='word_1_44' title='bbox 916 578 1068 622; x_wconf 84' lang='lat' dir='ltr'><strong>predicti</strong></span> <span class='ocrx_word' id='word_1_45' title='bbox 1084 579 1304 621; x_wconf 83' lang='lat' dir='ltr'><strong>imperatoris</strong></span> <span class='ocrx_word' id='word_1_46' title='bbox 1320 589 1498 611; x_wconf 81' lang='lat' dir='ltr'>assensum</span> <span class='ocrx_word' id='word_1_47' title='bbox 1526 579 1669 623; x_wconf 87' lang='lat' dir='ltr'><strong>eiusque</strong></span> <span class='ocrx_word' id='word_1_48' title='bbox 1693 581 1970 613; x_wconf 83' lang='lat' dir='ltr'><strong>communionem</strong></span> <span class='ocrx_word' id='word_1_49' title='bbox 1983 579 2006 613; x_wconf 81' lang='lat'><strong>².</strong></span> 
     </span>
    </p>
   </div>
   <div class='ocr_carea' id='block_1_4' title="bbox 32 682 2086 1481">
    <p class='ocr_par' dir='ltr' id='par_1_4' title="bbox 32 682 2086 1481">
     <span class='ocr_line' id='line_1_6' title="bbox 144 682 2009 731; baseline 0.003 -16"><span class='ocrx_word' id='word_1_50' title='bbox 144 682 181 715; x_wconf 87' lang='lat' dir='ltr'><strong>in</strong></span> <span class='ocrx_word' id='word_1_51' title='bbox 203 683 326 716; x_wconf 81' lang='lat' dir='ltr'><strong>ordine</strong></span> <span class='ocrx_word' id='word_1_52' title='bbox 349 686 473 717; x_wconf 89' lang='lat' dir='ltr'><strong>summi</strong></span> <span class='ocrx_word' id='word_1_53' title='bbox 497 686 673 728; x_wconf 90' lang='lat' dir='ltr'><strong>pontificis</strong></span> <span class='ocrx_word' id='word_1_54' title='bbox 696 687 879 730; x_wconf 82' lang='lat' dir='ltr'><strong>quemdam</strong></span> <span class='ocrx_word' id='word_1_55' title='bbox 903 686 1094 719; x_wconf 89' lang='lat' dir='ltr'><strong>Burdinum</strong></span> <span class='ocrx_word' id='word_1_56' title='bbox 1118 685 1269 724; x_wconf 86' lang='lat' dir='ltr'><strong>nomine,</strong></span> <span class='ocrx_word' id='word_1_57' title='bbox 1287 686 1344 718; x_wconf 87' lang='lat' dir='ltr'><strong>cui</strong></span> <span class='ocrx_word' id='word_1_58' title='bbox 1368 696 1497 718; x_wconf 89' lang='lat' dir='ltr'><strong>nomen</strong></span> <span class='ocrx_word' id='word_1_59' title='bbox 1521 686 1718 729; x_wconf 86' lang='lat' dir='ltr'><strong>impositum</strong></span> <span class='ocrx_word' id='word_1_60' title='bbox 1748 694 1799 720; x_wconf 86' lang='lat' dir='ltr'><strong>est</strong></span> <span class='ocrx_word' id='word_1_61' title='bbox 1816 687 2009 731; x_wconf 80' lang='lat' dir='ltr'><strong>Gregorius</strong></span> 
     </span>
     <span class='ocr_line' id='line_1_7' title="bbox 142 738 2007 782; baseline 0.002 -13"><span class='ocrx_word' id='word_1_62' title='bbox 142 746 235 779; x_wconf 87' lang='lat' dir='ltr'><strong>papa</strong></span> <span class='ocrx_word' id='word_1_63' title='bbox 258 738 417 782; x_wconf 83' lang='lat' dir='ltr'><strong>seditque</strong></span> <span class='ocrx_word' id='word_1_64' title='bbox 442 738 479 770; x_wconf 90' lang='lat' dir='ltr'><strong>in</strong></span> <span class='ocrx_word' id='word_1_65' title='bbox 504 740 656 772; x_wconf 89' lang='lat' dir='ltr'><strong>ecclesia</strong></span> <span class='ocrx_word' id='word_1_66' title='bbox 680 740 772 772; x_wconf 81' lang='lat' dir='ltr'><strong>beati</strong></span> <span class='ocrx_word' id='word_1_67' title='bbox 796 739 902 773; x_wconf 88' lang='lat' dir='ltr'><strong>Petri.</strong></span> <span class='ocrx_word' id='word_1_68' title='bbox 949 739 1016 773; x_wconf 89' lang='lat' dir='ltr'><strong>Hic</strong></span> <span class='ocrx_word' id='word_1_69' title='bbox 1041 746 1156 772; x_wconf 83' lang='lat' dir='ltr'><strong>autem</strong></span> <span class='ocrx_word' id='word_1_70' title='bbox 1187 739 1364 772; x_wconf 89' lang='lat' dir='ltr'><strong>Burdinus</strong></span> <span class='ocrx_word' id='word_1_71' title='bbox 1394 739 1490 782; x_wconf 90' lang='lat' dir='ltr'><strong>prius</strong></span> <span class='ocrx_word' id='word_1_72' title='bbox 1513 739 1548 772; x_wconf 88' lang='lat' dir='ltr'><strong>in</strong></span> <span class='ocrx_word' id='word_1_73' title='bbox 1572 740 1745 773; x_wconf 88' lang='lat' dir='ltr'><strong>Toletana</strong></span> <span class='ocrx_word' id='word_1_74' title='bbox 1768 741 1920 774; x_wconf 87' lang='lat' dir='ltr'><strong>ecclesia</strong></span> <span class='ocrx_word' id='word_1_75' title='bbox 1943 741 2007 774; x_wconf 90' lang='lat' dir='ltr'><strong>Hi-</strong></span> 
     </span>
     <span class='ocr_line' id='line_1_8' title="bbox 35 790 2007 838; baseline 0.003 -16"><span class='ocrx_word' id='word_1_76' title='bbox 35 828 48 836; x_wconf 12' lang='lat' dir='ltr'>a</span> <span class='ocrx_word' id='word_1_77' title='bbox 143 790 265 832; x_wconf 83' lang='lat' dir='ltr'><strong>spanie</strong></span> <span class='ocrx_word' id='word_1_78' title='bbox 289 791 560 825; x_wconf 86' lang='lat' dir='ltr'><strong>archidiaconus</strong></span> <span class='ocrx_word' id='word_1_79' title='bbox 591 793 668 832; x_wconf 82' lang='lat' dir='ltr'><strong>fuit,</strong></span> <span class='ocrx_word' id='word_1_80' title='bbox 700 795 744 826; x_wconf 90' lang='lat' dir='ltr'><strong>de</strong></span> <span class='ocrx_word' id='word_1_81' title='bbox 769 804 838 838; x_wconf 88' lang='lat' dir='ltr'><strong>qua</strong></span> <span class='ocrx_word' id='word_1_82' title='bbox 860 799 984 836; x_wconf 83' lang='lat' dir='ltr'><strong>postea</strong></span> <span class='ocrx_word' id='word_1_83' title='bbox 1006 799 1200 836; x_wconf 86' lang='lat' dir='ltr'><strong>assumptus</strong></span> <span class='ocrx_word' id='word_1_84' title='bbox 1231 792 1298 824; x_wconf 73' lang='lat' dir='ltr'><strong>fuit</strong></span> <span class='ocrx_word' id='word_1_85' title='bbox 1329 793 1516 835; x_wconf 87' lang='lat' dir='ltr'><strong>episcopus</strong></span> <span class='ocrx_word' id='word_1_86' title='bbox 1544 793 1580 824; x_wconf 90' lang='lat' dir='ltr'><strong>in</strong></span> <span class='ocrx_word' id='word_1_87' title='bbox 1605 794 1749 826; x_wconf 87' lang='lat' dir='ltr'><strong>ciuitate</strong></span> <span class='ocrx_word' id='word_1_88' title='bbox 1782 793 1970 828; x_wconf 81' lang='lat' dir='ltr'><strong>Conimbro</strong></span> <span class='ocrx_word' id='word_1_89' title='bbox 1984 794 2007 834; x_wconf 80' lang='lat'><strong>⁸,</strong></span> 
     </span>
     <span class='ocr_line' id='line_1_9' title="bbox 79 842 2007 889; baseline 0.003 -14.878"><span class='ocrx_word' id='word_1_90' title='bbox 79 842 120 875; x_wconf 84' lang='lat'><strong>10</strong></span> <span class='ocrx_word' id='word_1_91' title='bbox 144 849 181 875; x_wconf 86' lang='lat' dir='ltr'><strong>et</strong></span> <span class='ocrx_word' id='word_1_92' title='bbox 201 843 366 886; x_wconf 83' lang='lat' dir='ltr'><strong>imposuit</strong></span> <span class='ocrx_word' id='word_1_93' title='bbox 389 843 455 876; x_wconf 86' lang='lat' dir='ltr'><strong>sibi</strong></span> <span class='ocrx_word' id='word_1_94' title='bbox 479 855 605 878; x_wconf 89' lang='lat' dir='ltr'><strong>nomen</strong></span> <span class='ocrx_word' id='word_1_95' title='bbox 634 846 828 879; x_wconf 86' lang='lat' dir='ltr'><strong>Mauricius</strong></span> <span class='ocrx_word' id='word_1_96' title='bbox 840 845 867 885; x_wconf 88' lang='lat'><strong>⁴;</strong></span> <span class='ocrx_word' id='word_1_97' title='bbox 893 846 1023 879; x_wconf 89' lang='lat' dir='ltr'><strong>dehinc</strong></span> <span class='ocrx_word' id='word_1_98' title='bbox 1046 851 1181 879; x_wconf 88' lang='lat' dir='ltr'><strong>mortuo</strong></span> <span class='ocrx_word' id='word_1_99' title='bbox 1212 845 1447 879; x_wconf 86' lang='lat' dir='ltr'><strong>Bracarensi⁵</strong></span> <span class='ocrx_word' id='word_1_100' title='bbox 1477 846 1757 889; x_wconf 81' lang='lat' dir='ltr'><strong>archiepiscopo,</strong></span> <span class='ocrx_word' id='word_1_101' title='bbox 1782 848 1931 881; x_wconf 80' lang='lat' dir='ltr'><strong>effectus</strong></span> <span class='ocrx_word' id='word_1_102' title='bbox 1955 855 2007 881; x_wconf 81' lang='lat' dir='ltr'><strong>est</strong></span> 
     </span>
     <span class='ocr_line' id='line_1_10' title="bbox 35 892 2007 944; baseline 0.003 -16"><span class='ocrx_word' id='word_1_103' title='bbox 35 892 38 894; x_wconf 62' lang='grc'><strong>’</strong></span> <span class='ocrx_word' id='word_1_104' title='bbox 141 896 218 938; x_wconf 86' lang='lat' dir='ltr'><strong>ipse</strong></span> <span class='ocrx_word' id='word_1_105' title='bbox 242 897 395 930; x_wconf 84' lang='lat' dir='ltr'><strong>ciuitatis</strong></span> <span class='ocrx_word' id='word_1_106' title='bbox 427 898 582 931; x_wconf 89' lang='lat' dir='ltr'><strong>eiusdem</strong></span> <span class='ocrx_word' id='word_1_107' title='bbox 608 901 905 942; x_wconf 84' lang='lat' dir='ltr'><strong>archiepiscopus,</strong></span> <span class='ocrx_word' id='word_1_108' title='bbox 939 899 1098 932; x_wconf 82' lang='lat' dir='ltr'><strong>Paschali</strong></span> <span class='ocrx_word' id='word_1_109' title='bbox 1121 910 1214 942; x_wconf 89' lang='lat' dir='ltr'><strong>papa</strong></span> <span class='ocrx_word' id='word_1_110' title='bbox 1235 899 1272 932; x_wconf 84' lang='lat' dir='ltr'><strong>in</strong></span> <span class='ocrx_word' id='word_1_111' title='bbox 1295 900 1364 933; x_wconf 86' lang='lat' dir='ltr'><strong>hoc</strong></span> <span class='ocrx_word' id='word_1_112' title='bbox 1388 910 1563 932; x_wconf 83' lang='lat' dir='ltr'><strong>assensum</strong></span> <span class='ocrx_word' id='word_1_113' title='bbox 1594 899 1777 942; x_wconf 83' lang='lat' dir='ltr'><strong>prebente,</strong></span> <span class='ocrx_word' id='word_1_114' title='bbox 1808 911 1878 933; x_wconf 85' lang='lat' dir='ltr'><strong>non</strong></span> <span class='ocrx_word' id='word_1_115' title='bbox 1907 904 2007 944; x_wconf 82' lang='lat' dir='ltr'><strong>parui</strong></span> 
     </span>
     <span class='ocr_line' id='line_1_11' title="bbox 142 950 2006 996; baseline 0.004 -15"><span class='ocrx_word' id='word_1_116' title='bbox 142 950 295 982; x_wconf 77' lang='lat' dir='ltr'><strong>muneris</strong></span> <span class='ocrx_word' id='word_1_117' title='bbox 318 951 431 993; x_wconf 85' lang='lat' dir='ltr'><strong>gratia</strong></span> <span class='ocrx_word' id='word_1_118' title='bbox 455 951 498 983; x_wconf 86' lang='lat' dir='ltr'><strong>ab</strong></span> <span class='ocrx_word' id='word_1_119' title='bbox 522 962 565 984; x_wconf 92' lang='lat' dir='ltr'><strong>eo</strong></span> <span class='ocrx_word' id='word_1_120' title='bbox 588 951 653 984; x_wconf 85' lang='lat' dir='ltr'><strong>sibi</strong></span> <span class='ocrx_word' id='word_1_121' title='bbox 678 952 806 986; x_wconf 85' lang='lat' dir='ltr'><strong>collati.</strong></span> <span class='ocrx_word' id='word_1_122' title='bbox 853 953 947 985; x_wconf 88' lang='lat' dir='ltr'><strong>Hinc</strong></span> <span class='ocrx_word' id='word_1_123' title='bbox 970 953 1074 986; x_wconf 86' lang='lat' dir='ltr'><strong>etiam</strong></span> <span class='ocrx_word' id='word_1_124' title='bbox 1097 953 1275 986; x_wconf 88' lang='lat' dir='ltr'><strong>nonnullis</strong></span> <span class='ocrx_word' id='word_1_125' title='bbox 1299 953 1454 986; x_wconf 82' lang='lat' dir='ltr'><strong>decursis</strong></span> <span class='ocrx_word' id='word_1_126' title='bbox 1485 954 1699 996; x_wconf 85' lang='lat' dir='ltr'><strong>temporibus</strong></span> <span class='ocrx_word' id='word_1_127' title='bbox 1725 961 1861 987; x_wconf 88' lang='lat' dir='ltr'><strong>mortuo</strong></span> <span class='ocrx_word' id='word_1_128' title='bbox 1885 955 2006 988; x_wconf 88' lang='lat' dir='ltr'><strong>Tolle-</strong></span> 
     </span>
     <span class='ocr_line' id='line_1_12' title="bbox 141 1003 2006 1051; baseline 0.004 -17"><span class='ocrx_word' id='word_1_129' title='bbox 141 1008 225 1035; x_wconf 66' lang='lat' dir='ltr'><strong>sano</strong></span> <span class='ocrx_word' id='word_1_130' title='bbox 248 1003 530 1046; x_wconf 85' lang='lat' dir='ltr'><strong>archiepiscopo,</strong></span> <span class='ocrx_word' id='word_1_131' title='bbox 554 1005 730 1038; x_wconf 89' lang='lat' dir='ltr'><strong>Burdinus</strong></span> <span class='ocrx_word' id='word_1_132' title='bbox 759 1006 835 1048; x_wconf 88' lang='lat' dir='ltr'><strong>ipse</strong></span> <span class='ocrx_word' id='word_1_133' title='bbox 859 1006 987 1051; x_wconf 84' lang='lat' dir='ltr'><strong>largita</strong></span> <span class='ocrx_word' id='word_1_134' title='bbox 1010 1006 1149 1048; x_wconf 70' lang='lat' dir='ltr'><strong>prefato</strong></span> <span class='ocrx_word' id='word_1_135' title='bbox 1173 1006 1336 1040; x_wconf 84' lang='lat' dir='ltr'><strong>Romano</strong></span> <span class='ocrx_word' id='word_1_136' title='bbox 1359 1007 1518 1050; x_wconf 85' lang='lat' dir='ltr'><strong>pontifici</strong></span> <span class='ocrx_word' id='word_1_137' title='bbox 1541 1006 1615 1039; x_wconf 85' lang='lat' dir='ltr'><strong>auri</strong></span> <span class='ocrx_word' id='word_1_138' title='bbox 1640 1007 1745 1050; x_wconf 86' lang='lat' dir='ltr'><strong>copia</strong></span> <span class='ocrx_word' id='word_1_139' title='bbox 1768 1009 1870 1050; x_wconf 87' lang='lat' dir='ltr'><strong>petiit</strong></span> <span class='ocrx_word' id='word_1_140' title='bbox 1894 1009 1937 1041; x_wconf 93' lang='lat' dir='ltr'><strong>ab</strong></span> <span class='ocrx_word' id='word_1_141' title='bbox 1964 1020 2006 1042; x_wconf 89' lang='lat' dir='ltr'><strong>eo</strong></span> 
     </span>
     <span class='ocr_line' id='line_1_13' title="bbox 39 1055 2005 1104; baseline 0.004 -17"><span class='ocrx_word' id='word_1_142' title='bbox 39 1095 41 1098; x_wconf 14' lang='grc' dir='ltr'><em>Α</em></span> <span class='ocrx_word' id='word_1_143' title='bbox 141 1055 209 1088; x_wconf 87' lang='lat' dir='ltr'><strong>sibi</strong></span> <span class='ocrx_word' id='word_1_144' title='bbox 233 1056 384 1089; x_wconf 86' lang='lat' dir='ltr'><strong>eundem</strong></span> <span class='ocrx_word' id='word_1_145' title='bbox 407 1057 631 1090; x_wconf 88' lang='lat' dir='ltr'><strong>Tolletanum</strong></span> <span class='ocrx_word' id='word_1_146' title='bbox 656 1059 1009 1102; x_wconf 87' lang='lat' dir='ltr'><strong>archiepiscopatum.</strong></span> <span class='ocrx_word' id='word_1_147' title='bbox 1055 1058 1235 1092; x_wconf 82' lang='lat' dir='ltr'><strong>Paschalis</strong></span> <span class='ocrx_word' id='word_1_148' title='bbox 1250 1066 1366 1093; x_wconf 86' lang='lat' dir='ltr'><strong>autem</strong></span> <span class='ocrx_word' id='word_1_149' title='bbox 1382 1067 1530 1103; x_wconf 85' lang='lat' dir='ltr'><strong>accepta</strong></span> <span class='ocrx_word' id='word_1_150' title='bbox 1552 1061 1706 1103; x_wconf 89' lang='lat' dir='ltr'><strong>pecunia</strong></span> <span class='ocrx_word' id='word_1_151' title='bbox 1731 1062 1766 1093; x_wconf 80' lang='lat' dir='ltr'><strong>in</strong></span> <span class='ocrx_word' id='word_1_152' title='bbox 1790 1062 1926 1094; x_wconf 85' lang='lat' dir='ltr'><strong>honore</strong></span> <span class='ocrx_word' id='word_1_153' title='bbox 1943 1073 2005 1104; x_wconf 89' lang='lat' dir='ltr'><strong>pe-</strong></span> 
     </span>
     <span class='ocr_line' id='line_1_14' title="bbox 37 1106 2005 1157; baseline 0.004 -16.993"><span class='ocrx_word' id='word_1_154' title='bbox 37 1115 44 1147; x_wconf 67' lang='lat' dir='ltr'><strong>j</strong></span> <span class='ocrx_word' id='word_1_155' title='bbox 79 1106 117 1140; x_wconf 88' lang='grc'><strong>15</strong></span> <span class='ocrx_word' id='word_1_156' title='bbox 141 1108 204 1142; x_wconf 81' lang='lat' dir='ltr'><strong>tito</strong></span> <span class='ocrx_word' id='word_1_157' title='bbox 226 1119 404 1142; x_wconf 82' lang='lat' dir='ltr'><strong>assensum</strong></span> <span class='ocrx_word' id='word_1_158' title='bbox 427 1120 498 1143; x_wconf 91' lang='lat' dir='ltr'><strong>non</strong></span> <span class='ocrx_word' id='word_1_159' title='bbox 521 1111 672 1154; x_wconf 87' lang='lat' dir='ltr'><strong>prebuit.</strong></span> <span class='ocrx_word' id='word_1_160' title='bbox 720 1113 824 1146; x_wconf 85' lang='lat' dir='ltr'><strong>Unde</strong></span> <span class='ocrx_word' id='word_1_161' title='bbox 847 1113 1022 1146; x_wconf 89' lang='lat' dir='ltr'><strong>Burdinus</strong></span> <span class='ocrx_word' id='word_1_162' title='bbox 1043 1114 1119 1156; x_wconf 87' lang='lat' dir='ltr'><strong>ipse</strong></span> <span class='ocrx_word' id='word_1_163' title='bbox 1143 1113 1394 1147; x_wconf 83' lang='lat' dir='ltr'><strong>Bracarensem</strong></span> <span class='ocrx_word' id='word_1_164' title='bbox 1417 1114 1758 1157; x_wconf 84' lang='lat' dir='ltr'><strong>archiepiscopatum</strong></span> <span class='ocrx_word' id='word_1_165' title='bbox 1783 1115 1925 1147; x_wconf 90' lang='lat' dir='ltr'><strong>omnino</strong></span> <span class='ocrx_word' id='word_1_166' title='bbox 1951 1116 2005 1148; x_wconf 88' lang='lat' dir='ltr'><strong>di-</strong></span> 
     </span>
     <span class='ocr_line' id='line_1_15' title="bbox 139 1161 2086 1211; baseline 0.002 -16"><span class='ocrx_word' id='word_1_167' title='bbox 139 1161 289 1202; x_wconf 84' lang='lat' dir='ltr'><strong>mittens,</strong></span> <span class='ocrx_word' id='word_1_168' title='bbox 306 1164 505 1207; x_wconf 87' lang='lat' dir='ltr'><strong>imperatori</strong></span> <span class='ocrx_word' id='word_1_169' title='bbox 522 1164 794 1199; x_wconf 85' lang='lat' dir='ltr'><strong>Alamannorum</strong></span> <span class='ocrx_word' id='word_1_170' title='bbox 811 1168 948 1200; x_wconf 83' lang='lat' dir='ltr'><strong>adhesit</strong></span> <span class='ocrx_word' id='word_1_171' title='bbox 959 1167 981 1200; x_wconf 84' lang='lat'><strong>⁶.</strong></span> <span class='ocrx_word' id='word_1_172' title='bbox 1029 1167 1210 1200; x_wconf 86' lang='lat' dir='ltr'><strong>Paschalis</strong></span> <span class='ocrx_word' id='word_1_173' title='bbox 1232 1167 1361 1211; x_wconf 78' lang='lat' dir='ltr'><strong>itaque,</strong></span> <span class='ocrx_word' id='word_1_174' title='bbox 1384 1168 1577 1211; x_wconf 82' lang='lat' dir='ltr'><strong>post&#39;quam</strong></span> <span class='ocrx_word' id='word_1_175' title='bbox 1593 1169 1626 1201; x_wconf 89' lang='lat' dir='ltr'><strong>ei</strong></span> <span class='ocrx_word' id='word_1_176' title='bbox 1642 1169 1821 1202; x_wconf 87' lang='lat' dir='ltr'><strong>mandauit</strong></span> <span class='ocrx_word' id='word_1_177' title='bbox 1844 1175 1882 1202; x_wconf 88' lang='lat' dir='ltr'><strong>ut</strong></span> <span class='ocrx_word' id='word_1_178' title='bbox 1897 1169 1933 1201; x_wconf 91' lang='lat' dir='ltr'><strong>in</strong></span> <span class='ocrx_word' id='word_1_179' title='bbox 1950 1181 2004 1202; x_wconf 86' lang='lat' dir='ltr'><strong>ar·</strong></span> <span class='ocrx_word' id='word_1_180' title='bbox 2028 1186 2047 1200; x_wconf 73' lang='lat' dir='ltr'><strong>c.</strong></span> <span class='ocrx_word' id='word_1_181' title='bbox 2063 1187 2086 1200; x_wconf 76' lang='lat'><strong>21</strong></span> 
     </span>
     <span class='ocr_line' id='line_1_16' title="bbox 141 1215 2005 1265; baseline 0.004 -17"><span class='ocrx_word' id='word_1_182' title='bbox 141 1215 440 1260; x_wconf 82' lang='lat' dir='ltr'><strong>chiepiscopatnm</strong></span> <span class='ocrx_word' id='word_1_183' title='bbox 463 1218 529 1251; x_wconf 89' lang='lat' dir='ltr'><strong>sibi</strong></span> <span class='ocrx_word' id='word_1_184' title='bbox 553 1220 773 1252; x_wconf 88' lang='lat' dir='ltr'><strong>commissum</strong></span> <span class='ocrx_word' id='word_1_185' title='bbox 796 1221 930 1254; x_wconf 87' lang='lat' dir='ltr'><strong>rediret</strong></span> <span class='ocrx_word' id='word_1_186' title='bbox 946 1226 980 1253; x_wconf 91' lang='lat' dir='ltr'><strong>et</strong></span> <span class='ocrx_word' id='word_1_187' title='bbox 997 1221 1073 1264; x_wconf 86' lang='lat' dir='ltr'><strong>ipse</strong></span> <span class='ocrx_word' id='word_1_188' title='bbox 1099 1220 1174 1254; x_wconf 86' lang='lat' dir='ltr'><strong>eius</strong></span> <span class='ocrx_word' id='word_1_189' title='bbox 1195 1221 1339 1254; x_wconf 87' lang='lat' dir='ltr'><strong>iussioni</strong></span> <span class='ocrx_word' id='word_1_190' title='bbox 1361 1222 1588 1265; x_wconf 80' lang='lat' dir='ltr'><strong>acquiescere</strong></span> <span class='ocrx_word' id='word_1_191' title='bbox 1603 1222 1723 1261; x_wconf 80' lang='lat' dir='ltr'><strong>nollet,</strong></span> <span class='ocrx_word' id='word_1_192' title='bbox 1739 1233 1818 1255; x_wconf 89' lang='lat' dir='ltr'><strong>eum</strong></span> <span class='ocrx_word' id='word_1_193' title='bbox 1842 1223 1886 1256; x_wconf 88' lang='lat' dir='ltr'><strong>ab</strong></span> <span class='ocrx_word' id='word_1_194' title='bbox 1912 1225 2005 1255; x_wconf 88' lang='lat' dir='ltr'><strong>omni</strong></span> 
     </span>
     <span class='ocr_line' id='line_1_17' title="bbox 138 1263 2001 1319; baseline 0.004 -18"><span class='ocrx_word' id='word_1_195' title='bbox 138 1269 348 1303; x_wconf 75' lang='lat' dir='ltr'><strong>sacerdotali</strong></span> <span class='ocrx_word' id='word_1_196' title='bbox 371 1271 494 1304; x_wconf 87' lang='lat' dir='ltr'><strong>ordine</strong></span> <span class='ocrx_word' id='word_1_197' title='bbox 519 1272 691 1315; x_wconf 81' lang='lat' dir='ltr'><strong>deposuit.</strong></span> <span class='ocrx_word' id='word_1_198' title='bbox 737 1263 865 1306; x_wconf 80' lang='lat' dir='ltr'><strong>Postea</strong></span> <span class='ocrx_word' id='word_1_199' title='bbox 888 1284 974 1307; x_wconf 88' lang='lat' dir='ltr'><strong>uero</strong></span> <span class='ocrx_word' id='word_1_200' title='bbox 997 1274 1092 1306; x_wconf 90' lang='lat' dir='ltr'><strong>idem</strong></span> <span class='ocrx_word' id='word_1_201' title='bbox 1121 1285 1213 1317; x_wconf 89' lang='lat' dir='ltr'><strong>papa</strong></span> <span class='ocrx_word' id='word_1_202' title='bbox 1237 1275 1418 1308; x_wconf 84' lang='lat' dir='ltr'><strong>Paschalis</strong></span> <span class='ocrx_word' id='word_1_203' title='bbox 1441 1276 1760 1309; x_wconf 77' lang='lat' dir='ltr'><strong>excommunicauit</strong></span> <span class='ocrx_word' id='word_1_204' title='bbox 1776 1287 1854 1308; x_wconf 90' lang='lat' dir='ltr'><strong>eum</strong></span> <span class='ocrx_word' id='word_1_205' title='bbox 1871 1287 1935 1319; x_wconf 89' lang='lat' dir='ltr'><strong>pro</strong></span> <span class='ocrx_word' id='word_1_206' title='bbox 1958 1287 2001 1309; x_wconf 91' lang='lat' dir='ltr'><strong>eo</strong></span> 
     </span>
     <span class='ocr_line' id='line_1_18' title="bbox 139 1323 2002 1374; baseline 0.004 -19"><span class='ocrx_word' id='word_1_207' title='bbox 139 1323 234 1366; x_wconf 90' lang='lat' dir='ltr'><strong>quod</strong></span> <span class='ocrx_word' id='word_1_208' title='bbox 259 1329 381 1357; x_wconf 87' lang='lat' dir='ltr'><strong>contra</strong></span> <span class='ocrx_word' id='word_1_209' title='bbox 404 1335 501 1358; x_wconf 89' lang='lat' dir='ltr'><strong>suam</strong></span> <span class='ocrx_word' id='word_1_210' title='bbox 533 1326 719 1359; x_wconf 88' lang='lat' dir='ltr'><strong>iussionem</strong></span> <span class='ocrx_word' id='word_1_211' title='bbox 742 1328 778 1359; x_wconf 92' lang='lat' dir='ltr'><strong>in</strong></span> <span class='ocrx_word' id='word_1_212' title='bbox 803 1328 954 1360; x_wconf 87' lang='lat' dir='ltr'><strong>ecclesia</strong></span> <span class='ocrx_word' id='word_1_213' title='bbox 978 1327 1072 1360; x_wconf 90' lang='lat' dir='ltr'><strong>beati</strong></span> <span class='ocrx_word' id='word_1_214' title='bbox 1103 1328 1199 1361; x_wconf 82' lang='lat' dir='ltr'><strong>Petri</strong></span> <span class='ocrx_word' id='word_1_215' title='bbox 1221 1329 1359 1360; x_wconf 87' lang='lat' dir='ltr'><strong>missam</strong></span> <span class='ocrx_word' id='word_1_216' title='bbox 1383 1329 1575 1362; x_wconf 86' lang='lat' dir='ltr'><strong>celebrauit</strong></span> <span class='ocrx_word' id='word_1_217' title='bbox 1589 1329 1610 1362; x_wconf 93' lang='lat'><strong>⁷.</strong></span> <span class='ocrx_word' id='word_1_218' title='bbox 1657 1329 1792 1363; x_wconf 90' lang='lat' dir='ltr'><strong>Eodem</strong></span> <span class='ocrx_word' id='word_1_219' title='bbox 1817 1341 1909 1363; x_wconf 88' lang='lat' dir='ltr'><strong>anno</strong></span> <span class='ocrx_word' id='word_1_220' title='bbox 1934 1341 2002 1374; x_wconf 93' lang='lat' dir='ltr'><strong>quo</strong></span> 
     </span>
     <span class='ocr_line' id='line_1_19' title="bbox 32 1376 2005 1426; baseline 0.005 -19"><span class='ocrx_word' id='word_1_221' title='bbox 32 1403 37 1412; x_wconf 34' lang='grc' dir='ltr'><strong>Δ</strong></span> <span class='ocrx_word' id='word_1_222' title='bbox 74 1376 117 1408; x_wconf 85' lang='grc'><strong>20</strong></span> <span class='ocrx_word' id='word_1_223' title='bbox 139 1381 232 1419; x_wconf 83' lang='lat' dir='ltr'><strong>papa</strong></span> <span class='ocrx_word' id='word_1_224' title='bbox 255 1377 417 1411; x_wconf 86' lang='lat' dir='ltr'><strong>Gelasius</strong></span> <span class='ocrx_word' id='word_1_225' title='bbox 441 1380 619 1412; x_wconf 81' lang='lat' dir='ltr'><strong>ordinatus</strong></span> <span class='ocrx_word' id='word_1_226' title='bbox 643 1387 696 1413; x_wconf 90' lang='lat' dir='ltr'><strong>est</strong></span> <span class='ocrx_word' id='word_1_227' title='bbox 718 1391 836 1414; x_wconf 89' lang='lat' dir='ltr'><strong>mense</strong></span> <span class='ocrx_word' id='word_1_228' title='bbox 859 1380 1000 1414; x_wconf 81' lang='lat' dir='ltr'><strong>Martii⁸</strong></span> <span class='ocrx_word' id='word_1_229' title='bbox 1025 1381 1216 1415; x_wconf 86' lang='lat' dir='ltr'><strong>indictione</strong></span> <span class='ocrx_word' id='word_1_230' title='bbox 1240 1382 1296 1425; x_wconf 91' lang='lat' dir='ltr'><strong>XJ</strong></span> <span class='ocrx_word' id='word_1_231' title='bbox 1311 1382 1348 1414; x_wconf 87' lang='lat' dir='ltr'><strong>in</strong></span> <span class='ocrx_word' id='word_1_232' title='bbox 1365 1382 1504 1415; x_wconf 84' lang='lat' dir='ltr'><strong>ciuitate</strong></span> <span class='ocrx_word' id='word_1_233' title='bbox 1522 1383 1645 1416; x_wconf 85' lang='lat' dir='ltr'><strong>Gaieta</strong></span> <span class='ocrx_word' id='word_1_234' title='bbox 1668 1384 1743 1426; x_wconf 87' lang='lat' dir='ltr'><strong>ipso</strong></span> <span class='ocrx_word' id='word_1_235' title='bbox 1762 1384 1901 1417; x_wconf 84' lang='lat' dir='ltr'><strong>Gelasio</strong></span> <span class='ocrx_word' id='word_1_236' title='bbox 1927 1395 2005 1416; x_wconf 78' lang='lat' dir='ltr'><strong>cum</strong></span> 
     </span>
     <span class='ocr_line' id='line_1_20' title="bbox 139 1429 2003 1481; baseline 0.004 -19"><span class='ocrx_word' id='word_1_237' title='bbox 139 1429 375 1463; x_wconf 76' lang='lat' dir='ltr'><strong>cardinalibus</strong></span> <span class='ocrx_word' id='word_1_238' title='bbox 397 1432 572 1465; x_wconf 84' lang='lat' dir='ltr'><strong>residente</strong></span> <span class='ocrx_word' id='word_1_239' title='bbox 595 1433 632 1465; x_wconf 90' lang='lat' dir='ltr'><strong>in</strong></span> <span class='ocrx_word' id='word_1_240' title='bbox 656 1434 849 1476; x_wconf 89' lang='lat' dir='ltr'><strong>episcopali</strong></span> <span class='ocrx_word' id='word_1_241' title='bbox 875 1434 1027 1467; x_wconf 84' lang='lat' dir='ltr'><strong>ecclesia</strong></span> <span class='ocrx_word' id='word_1_242' title='bbox 1059 1435 1213 1468; x_wconf 88' lang='lat' dir='ltr'><strong>eiusdem</strong></span> <span class='ocrx_word' id='word_1_243' title='bbox 1239 1435 1400 1475; x_wconf 87' lang='lat' dir='ltr'><strong>ciuitatis,</strong></span> <span class='ocrx_word' id='word_1_244' title='bbox 1432 1436 1654 1478; x_wconf 89' lang='lat' dir='ltr'><strong>W[illelmus]</strong></span> <span class='ocrx_word' id='word_1_245' title='bbox 1682 1436 1754 1469; x_wconf 86' lang='lat' dir='ltr'><strong>dux</strong></span> <span class='ocrx_word' id='word_1_246' title='bbox 1778 1437 1905 1481; x_wconf 86' lang='lat' dir='ltr'><strong>liggius</strong></span> <span class='ocrx_word' id='word_1_247' title='bbox 1930 1439 2003 1470; x_wconf 88' lang='lat' dir='ltr'><strong>eius</strong></span> 
     </span>
    </p>
   </div>
   <div class='ocr_carea' id='block_1_5' title="bbox 0 0 111 1451">
    <p class='ocr_par' dir='ltr' id='par_1_5' title="bbox 0 0 111 1451">
     <span class='ocr_line' id='line_1_21' title="bbox 0 0 111 1182; baseline 0 -270"><span class='ocrx_word' id='word_1_248' title='bbox 0 0 111 1182; x_wconf 95' lang='lat' dir='ltr'><strong>    </strong></span> 
     </span>
     <span class='ocr_line' id='line_1_22' title="bbox 0 1182 111 1451; baseline 0 0"><span class='ocrx_word' id='word_1_249' title='bbox 0 1182 111 1451; x_wconf 95' lang='lat' dir='ltr'><strong>  </strong></span> 
     </span>
    </p>
   </div>
   <div class='ocr_carea' id='block_1_6' title="bbox 138 1575 2005 1737">
    <p class='ocr_par' dir='ltr' id='par_1_6' title="bbox 138 1575 2005 1737">
     <span class='ocr_line' id='line_1_23' title="bbox 232 1575 2005 1614; baseline 0.004 -14"><span class='ocrx_word' id='word_1_250' title='bbox 232 1581 286 1600; x_wconf 75' lang='lat'><em>1-2.</em></span> <span class='ocrx_word' id='word_1_251' title='bbox 298 1575 484 1608; x_wconf 75' lang='lat' dir='ltr'><strong>pontificatus</strong></span> <span class='ocrx_word' id='word_1_252' title='bbox 496 1577 606 1602; x_wconf 85' lang='lat' dir='ltr'><strong>honore</strong></span> <span class='ocrx_word' id='word_1_253' title='bbox 629 1578 652 1602; x_wconf 86' lang='lat' dir='ltr'><em>C</em></span> <span class='ocrx_word' id='word_1_254' title='bbox 669 1591 677 1596; x_wconf 90' lang='lat'>-</span> <span class='ocrx_word' id='word_1_255' title='bbox 697 1580 740 1603; x_wconf 87' lang='lat' dir='ltr'><strong>est</strong></span> <span class='ocrx_word' id='word_1_256' title='bbox 759 1586 832 1612; x_wconf 87' lang='lat' dir='ltr'><strong>papa</strong></span> <span class='ocrx_word' id='word_1_257' title='bbox 853 1581 1034 1613; x_wconf 84' lang='lat' dir='ltr'><strong>nuncupatus</strong></span> <span class='ocrx_word' id='word_1_258' title='bbox 1056 1581 1080 1604; x_wconf 90' lang='lat' dir='ltr'>C</span> <span class='ocrx_word' id='word_1_259' title='bbox 1094 1588 1108 1604; x_wconf 91' lang='lat' dir='ltr'><strong>e</strong></span> <span class='ocrx_word' id='word_1_260' title='bbox 1126 1580 1220 1604; x_wconf 80' lang='lat' dir='ltr'><strong>Arndt</strong></span> <span class='ocrx_word' id='word_1_261' title='bbox 1238 1594 1271 1598; x_wconf 95' lang='lat'><strong>—</strong></span> <span class='ocrx_word' id='word_1_262' title='bbox 1290 1587 1316 1613; x_wconf 82' lang='lat'><strong>3.</strong></span> <span class='ocrx_word' id='word_1_263' title='bbox 1336 1582 1442 1605; x_wconf 84' lang='lat' dir='ltr'><strong>metum</strong></span> <span class='ocrx_word' id='word_1_264' title='bbox 1460 1581 1485 1606; x_wconf 76' lang='lat' dir='ltr'><em>A</em></span> <span class='ocrx_word' id='word_1_265' title='bbox 1504 1582 1531 1606; x_wconf 89' lang='grc' dir='ltr'><em>Β</em></span> <span class='ocrx_word' id='word_1_266' title='bbox 1548 1589 1650 1611; x_wconf 80' lang='lat' dir='ltr'><strong>manca,</strong></span> <span class='ocrx_word' id='word_1_267' title='bbox 1674 1581 1697 1606; x_wconf 86' lang='lat' dir='ltr'><em>C</em></span> <span class='ocrx_word' id='word_1_268' title='bbox 1712 1589 1725 1606; x_wconf 75' lang='lat' dir='ltr'><em>a</em></span> <span class='ocrx_word' id='word_1_269' title='bbox 1744 1582 1834 1607; x_wconf 72' lang='lat' dir='ltr'><strong>Arndt</strong></span> <span class='ocrx_word' id='word_1_270' title='bbox 1846 1596 1879 1600; x_wconf 89' lang='lat'><strong>—</strong></span> <span class='ocrx_word' id='word_1_271' title='bbox 1894 1590 1920 1614; x_wconf 88' lang='lat'><strong>4.</strong></span> <span class='ocrx_word' id='word_1_272' title='bbox 1934 1583 2005 1609; x_wconf 68' lang='lat' dir='ltr'><strong>ciui÷</strong></span> 
     </span>
     <span class='ocr_line' id='line_1_24' title="bbox 139 1615 2001 1657; baseline 0.005 -17"><span class='ocrx_word' id='word_1_273' title='bbox 139 1616 227 1641; x_wconf 76' lang='lat' dir='ltr'><strong>tatem</strong></span> <span class='ocrx_word' id='word_1_274' title='bbox 247 1615 386 1650; x_wconf 83' lang='lat' dir='ltr'><strong>Gayetam</strong></span> <span class='ocrx_word' id='word_1_275' title='bbox 406 1619 434 1644; x_wconf 88' lang='lat' dir='ltr'><em>B</em></span> <span class='ocrx_word' id='word_1_276' title='bbox 451 1633 462 1637; x_wconf 94' lang='lat'>-</span> <span class='ocrx_word' id='word_1_277' title='bbox 481 1620 572 1644; x_wconf 84' lang='lat' dir='ltr'><strong>secuti</strong></span> <span class='ocrx_word' id='word_1_278' title='bbox 595 1620 618 1644; x_wconf 89' lang='lat' dir='ltr'><em>C</em></span> <span class='ocrx_word' id='word_1_279' title='bbox 636 1629 649 1644; x_wconf 79' lang='lat' dir='ltr'><strong>e</strong></span> <span class='ocrx_word' id='word_1_280' title='bbox 667 1621 764 1649; x_wconf 77' lang='lat' dir='ltr'><strong>Arndt,</strong></span> <span class='ocrx_word' id='word_1_281' title='bbox 783 1622 892 1646; x_wconf 79' lang='lat' dir='ltr'><strong>tacendo</strong></span> <span class='ocrx_word' id='word_1_282' title='bbox 910 1623 1034 1647; x_wconf 72' lang='lat' dir='ltr'><strong>variante</strong></span> <span class='ocrx_word' id='word_1_283' title='bbox 1051 1622 1078 1647; x_wconf 78' lang='lat' dir='ltr'><em>A</em></span> <span class='ocrx_word' id='word_1_284' title='bbox 1098 1623 1124 1647; x_wconf 88' lang='lat' dir='ltr'><em>B</em></span> <span class='ocrx_word' id='word_1_285' title='bbox 1143 1635 1176 1640; x_wconf 85' lang='lat'><strong>--</strong></span> <span class='ocrx_word' id='word_1_286' title='bbox 1196 1629 1219 1655; x_wconf 92' lang='lat'><strong>7.</strong></span> <span class='ocrx_word' id='word_1_287' title='bbox 1239 1623 1362 1648; x_wconf 86' lang='lat' dir='ltr'><strong>hordine</strong></span> <span class='ocrx_word' id='word_1_288' title='bbox 1383 1625 1407 1650; x_wconf 91' lang='lat' dir='ltr'>C</span> <span class='ocrx_word' id='word_1_289' title='bbox 1425 1638 1456 1642; x_wconf 93' lang='lat'><strong>-—</strong></span> <span class='ocrx_word' id='word_1_290' title='bbox 1476 1623 1531 1656; x_wconf 85' lang='lat'>8-9.</span> <span class='ocrx_word' id='word_1_291' title='bbox 1554 1624 1669 1657; x_wconf 86' lang='lat' dir='ltr'><strong>Ispanie</strong></span> <span class='ocrx_word' id='word_1_292' title='bbox 1697 1625 1720 1649; x_wconf 90' lang='lat' dir='ltr'><em>C</em></span> <span class='ocrx_word' id='word_1_293' title='bbox 1735 1632 1748 1648; x_wconf 83' lang='lat' dir='ltr'><strong>e</strong></span> <span class='ocrx_word' id='word_1_294' title='bbox 1767 1625 1866 1656; x_wconf 72' lang='lat' dir='ltr'><strong>Arndt,</strong></span> <span class='ocrx_word' id='word_1_295' title='bbox 1893 1626 2001 1650; x_wconf 76' lang='lat' dir='ltr'><strong>tacendo</strong></span> 
     </span>
     <span class='ocr_line' id='line_1_25' title="bbox 138 1658 2005 1699; baseline 0.004 -17"><span class='ocrx_word' id='word_1_296' title='bbox 138 1658 261 1683; x_wconf 67' lang='lat' dir='ltr'><strong>variante</strong></span> <span class='ocrx_word' id='word_1_297' title='bbox 273 1658 297 1683; x_wconf 88' lang='grc' dir='ltr'><em>Α</em></span> <span class='ocrx_word' id='word_1_298' title='bbox 319 1661 345 1684; x_wconf 85' lang='grc' dir='ltr'><em>Β</em></span> <span class='ocrx_word' id='word_1_299' title='bbox 364 1675 395 1678; x_wconf 95' lang='grc'><strong>-</strong></span> <span class='ocrx_word' id='word_1_300' title='bbox 418 1667 508 1695; x_wconf 76' lang='grc' dir='ltr'><strong>ι2-ι3.</strong></span> <span class='ocrx_word' id='word_1_301' title='bbox 527 1662 665 1688; x_wconf 85' lang='lat' dir='ltr'><strong>defuncto</strong></span> <span class='ocrx_word' id='word_1_302' title='bbox 685 1663 827 1688; x_wconf 73' lang='lat' dir='ltr'><strong>Toletano</strong></span> <span class='ocrx_word' id='word_1_303' title='bbox 850 1664 873 1688; x_wconf 91' lang='lat' dir='ltr'><em>C</em></span> <span class='ocrx_word' id='word_1_304' title='bbox 890 1677 923 1682; x_wconf 87' lang='lat'><strong>—</strong></span> <span class='ocrx_word' id='word_1_305' title='bbox 946 1671 986 1696; x_wconf 87' lang='lat'><strong>13.</strong></span> <span class='ocrx_word' id='word_1_306' title='bbox 1006 1664 1134 1689; x_wconf 84' lang='lat' dir='ltr'><strong>thesauri</strong></span> <span class='ocrx_word' id='word_1_307' title='bbox 1153 1666 1244 1697; x_wconf 82' lang='lat' dir='ltr'><strong>peciit</strong></span> <span class='ocrx_word' id='word_1_308' title='bbox 1266 1665 1290 1689; x_wconf 85' lang='lat' dir='ltr'><em>C</em></span> <span class='ocrx_word' id='word_1_309' title='bbox 1305 1673 1319 1690; x_wconf 88' lang='lat' dir='ltr'><strong>e</strong></span> <span class='ocrx_word' id='word_1_310' title='bbox 1335 1666 1428 1691; x_wconf 70' lang='lat' dir='ltr'><strong>Arndt</strong></span> <span class='ocrx_word' id='word_1_311' title='bbox 1447 1679 1478 1684; x_wconf 89' lang='lat'><strong>-—</strong></span> <span class='ocrx_word' id='word_1_312' title='bbox 1502 1674 1542 1699; x_wconf 77' lang='lat'><strong>14.</strong></span> <span class='ocrx_word' id='word_1_313' title='bbox 1561 1667 1744 1692; x_wconf 88' lang='lat' dir='ltr'><strong>Tolettanum</strong></span> <span class='ocrx_word' id='word_1_314' title='bbox 1769 1667 1792 1691; x_wconf 85' lang='lat' dir='ltr'><em>C</em></span> <span class='ocrx_word' id='word_1_315' title='bbox 1808 1675 1821 1690; x_wconf 90' lang='lat' dir='ltr'><strong>e</strong></span> <span class='ocrx_word' id='word_1_316' title='bbox 1846 1667 1944 1697; x_wconf 71' lang='lat' dir='ltr'><strong>Arndt,</strong></span> <span class='ocrx_word' id='word_1_317' title='bbox 1965 1670 2005 1691; x_wconf 79' lang='lat' dir='ltr'><strong>ta-</strong></span> 
     </span>
     <span class='ocr_line' id='line_1_26' title="bbox 142 1702 1957 1737; baseline 0.005 -12"><span class='ocrx_word' id='word_1_318' title='bbox 142 1702 221 1726; x_wconf 75' lang='lat' dir='ltr'><strong>cendo</strong></span> <span class='ocrx_word' id='word_1_319' title='bbox 231 1704 356 1727; x_wconf 63' lang='lat' dir='ltr'><strong>mance</strong></span> <span class='ocrx_word' id='word_1_320' title='bbox 374 1704 398 1728; x_wconf 79' lang='lat' dir='ltr'><strong><em>A</em></strong></span> <span class='ocrx_word' id='word_1_321' title='bbox 419 1717 428 1723; x_wconf 89' lang='lat'><em>-</em></span> <span class='ocrx_word' id='word_1_322' title='bbox 446 1706 568 1737; x_wconf 84' lang='lat' dir='ltr'><strong>pecunia</strong></span> <span class='ocrx_word' id='word_1_323' title='bbox 587 1705 697 1730; x_wconf 87' lang='lat' dir='ltr'><strong>honore</strong></span> <span class='ocrx_word' id='word_1_324' title='bbox 719 1705 743 1730; x_wconf 89' lang='lat' dir='ltr'><em>C</em></span> <span class='ocrx_word' id='word_1_325' title='bbox 759 1720 790 1724; x_wconf 83' lang='lat'>—</span> <span class='ocrx_word' id='word_1_326' title='bbox 812 1713 854 1731; x_wconf 87' lang='grc' dir='ltr'><strong>2ο.</strong></span> <span class='ocrx_word' id='word_1_327' title='bbox 874 1707 973 1731; x_wconf 82' lang='lat' dir='ltr'><strong>marcii</strong></span> <span class='ocrx_word' id='word_1_328' title='bbox 998 1707 1022 1731; x_wconf 87' lang='lat' dir='ltr'><em>C</em></span> <span class='ocrx_word' id='word_1_329' title='bbox 1036 1715 1050 1731; x_wconf 94' lang='lat' dir='ltr'><strong>e</strong></span> <span class='ocrx_word' id='word_1_330' title='bbox 1068 1707 1159 1732; x_wconf 71' lang='lat' dir='ltr'><strong>Arndt</strong></span> <span class='ocrx_word' id='word_1_331' title='bbox 1176 1721 1209 1726; x_wconf 89' lang='lat'>—</span> <span class='ocrx_word' id='word_1_332' title='bbox 1230 1715 1273 1734; x_wconf 83' lang='lat'><strong>21.</strong></span> <span class='ocrx_word' id='word_1_333' title='bbox 1292 1707 1467 1734; x_wconf 84' lang='lat' dir='ltr'><strong>Guillelrnus</strong></span> <span class='ocrx_word' id='word_1_334' title='bbox 1490 1710 1513 1734; x_wconf 88' lang='lat' dir='ltr'>C</span> <span class='ocrx_word' id='word_1_335' title='bbox 1528 1718 1541 1733; x_wconf 86' lang='lat' dir='ltr'><strong>e</strong></span> <span class='ocrx_word' id='word_1_336' title='bbox 1561 1710 1666 1735; x_wconf 75' lang='lat' dir='ltr'><strong>Arndt:</strong></span> <span class='ocrx_word' id='word_1_337' title='bbox 1687 1709 1861 1735; x_wconf 87' lang='lat' dir='ltr'><strong>Guilielmus</strong></span> <span class='ocrx_word' id='word_1_338' title='bbox 1881 1709 1957 1734; x_wconf 69' lang='lat' dir='ltr'><strong>Sauo</strong></span> 
     </span>
    </p>
   </div>
   <div class='ocr_carea' id='block_1_7' title="bbox 2061 421 2108 439">
    <p class='ocr_par' dir='ltr' id='par_1_7' title="bbox 2061 421 2108 439">
     <span class='ocr_line' id='line_1_27' title="bbox 2061 421 2108 439; baseline -0.021 -1"><span class='ocrx_word' id='word_1_339' title='bbox 2061 421 2108 439; x_wconf 59' lang='grc' dir='ltr'><strong>’ΖΗΝ</strong></span> 
     </span>
    </p>
   </div>
   <div class='ocr_carea' id='block_1_8' title="bbox 145 629 2097 678">
    <p class='ocr_par' dir='ltr' id='par_1_8' title="bbox 145 629 2097 678">
     <span class='ocr_line' id='line_1_28' title="bbox 145 629 2097 678; baseline 0.001 -16"><span class='ocrx_word' id='word_1_340' title='bbox 145 629 341 672; x_wconf 84' lang='lat' dir='ltr'><strong>Imperator</strong></span> <span class='ocrx_word' id='word_1_341' title='bbox 363 638 478 664; x_wconf 87' lang='lat' dir='ltr'><strong>autem</strong></span> <span class='ocrx_word' id='word_1_342' title='bbox 501 632 570 665; x_wconf 88' lang='lat' dir='ltr'><strong>hoc</strong></span> <span class='ocrx_word' id='word_1_343' title='bbox 594 634 731 673; x_wconf 85' lang='lat' dir='ltr'><strong>uidens,</strong></span> <span class='ocrx_word' id='word_1_344' title='bbox 756 639 950 666; x_wconf 88' lang='lat' dir='ltr'><strong>conuocato</strong></span> <span class='ocrx_word' id='word_1_345' title='bbox 966 632 1097 675; x_wconf 86' lang='lat' dir='ltr'><strong>populo</strong></span> <span class='ocrx_word' id='word_1_346' title='bbox 1113 632 1277 665; x_wconf 88' lang='lat' dir='ltr'><strong>Romano</strong></span> <span class='ocrx_word' id='word_1_347' title='bbox 1305 643 1385 665; x_wconf 89' lang='lat' dir='ltr'><strong>cum</strong></span> <span class='ocrx_word' id='word_1_348' title='bbox 1408 633 1614 676; x_wconf 89' lang='lat' dir='ltr'><strong>quibusdam</strong></span> <span class='ocrx_word' id='word_1_349' title='bbox 1632 633 1783 674; x_wconf 89' lang='lat' dir='ltr'><strong>clericis,</strong></span> <span class='ocrx_word' id='word_1_350' title='bbox 1808 634 1906 667; x_wconf 87' lang='lat' dir='ltr'><strong>iussit</strong></span> <span class='ocrx_word' id='word_1_351' title='bbox 1923 634 2006 678; x_wconf 89' lang='lat' dir='ltr'><strong>eligi</strong></span> <span class='ocrx_word' id='word_1_352' title='bbox 2031 648 2097 665; x_wconf 66' lang='lat' dir='ltr'><strong>man,</strong></span> 
     </span>
    </p>
   </div>
   <div class='ocr_carea' id='block_1_9' title="bbox 146 346 2127 409">
    <p class='ocr_par' dir='ltr' id='par_1_9' title="bbox 146 346 2127 409">
     <span class='ocr_line' id='line_1_29' title="bbox 146 346 2127 409; baseline 0.002 -13"><span class='ocrx_word' id='word_1_353' title='bbox 146 363 297 396; x_wconf 84' lang='lat' dir='ltr'><strong>ecclesie</strong></span> <span class='ocrx_word' id='word_1_354' title='bbox 320 346 491 398; x_wconf 74' lang='lat' dir='ltr'><strong>diaconus</strong></span> <span class='ocrx_word' id='word_1_355' title='bbox 514 371 549 398; x_wconf 86' lang='lat' dir='ltr'><strong>et</strong></span> <span class='ocrx_word' id='word_1_356' title='bbox 572 365 802 399; x_wconf 79' lang='lat' dir='ltr'><strong>cancellarius</strong></span> <span class='ocrx_word' id='word_1_357' title='bbox 824 366 949 404; x_wconf 75' lang='lat' dir='ltr'><strong>fuerat,</strong></span> <span class='ocrx_word' id='word_1_358' title='bbox 981 366 1097 399; x_wconf 82' lang='lat' dir='ltr'><strong>statim</strong></span> <span class='ocrx_word' id='word_1_359' title='bbox 1122 376 1141 398; x_wconf 85' lang='lat' dir='ltr'><strong>a</strong></span> <span class='ocrx_word' id='word_1_360' title='bbox 1165 365 1260 397; x_wconf 84' lang='lat' dir='ltr'><strong>clero</strong></span> <span class='ocrx_word' id='word_1_361' title='bbox 1285 370 1319 397; x_wconf 83' lang='lat' dir='ltr'><strong>et</strong></span> <span class='ocrx_word' id='word_1_362' title='bbox 1342 365 1472 407; x_wconf 89' lang='lat' dir='ltr'><strong>populo</strong></span> <span class='ocrx_word' id='word_1_363' title='bbox 1497 365 1666 399; x_wconf 89' lang='lat' dir='ltr'><strong>Romano&#39;</strong></span> <span class='ocrx_word' id='word_1_364' title='bbox 1689 366 1724 398; x_wconf 89' lang='lat' dir='ltr'><strong>in</strong></span> <span class='ocrx_word' id='word_1_365' title='bbox 1740 366 1894 399; x_wconf 86' lang='lat' dir='ltr'><strong>Romani</strong></span> <span class='ocrx_word' id='word_1_366' title='bbox 1919 376 2007 409; x_wconf 88' lang='lat' dir='ltr'><strong>pon·</strong></span> <span class='ocrx_word' id='word_1_367' title='bbox 2067 382 2127 400; x_wconf 63' lang='grc' dir='ltr'><em>ειγιι</em></span> 
     </span>
    </p>
   </div>
   <div class='ocr_carea' id='block_1_10' title="bbox 2062 257 2243 470">
    <p class='ocr_par' dir='ltr' id='par_1_10' title="bbox 2062 257 2243 470">
     <span class='ocr_line' id='line_1_30' title="bbox 2168 257 2243 275; baseline 0.013 -1"><span class='ocrx_word' id='word_1_368' title='bbox 2168 259 2179 274; x_wconf 60' lang='grc' dir='ltr'><strong>ὲν</strong></span> <span class='ocrx_word' id='word_1_369' title='bbox 2208 257 2243 275; x_wconf 77' lang='lat'><strong>182</strong></span> 
     </span>
     <span class='ocr_line' id='line_1_31' title="bbox 2112 420 2230 444; baseline 0.017 -7"><span class='ocrx_word' id='word_1_370' title='bbox 2112 427 2135 437; x_wconf 58' lang='lat' dir='ltr'><em>w</em></span> <span class='ocrx_word' id='word_1_371' title='bbox 2149 420 2173 439; x_wconf 81' lang='lat' dir='ltr'><strong>li</strong></span> <span class='ocrx_word' id='word_1_372' title='bbox 2186 422 2230 444; x_wconf 70' lang='lat' dir='ltr'><strong>pap</strong></span> 
     </span>
     <span class='ocr_line' id='line_1_32' title="bbox 2062 448 2223 470; baseline 0.006 -5"><span class='ocrx_word' id='word_1_373' title='bbox 2062 453 2065 465; x_wconf 81' lang='grc' dir='ltr'><strong>ι</strong></span> <span class='ocrx_word' id='word_1_374' title='bbox 2093 448 2223 470; x_wconf 56' lang='lat'><strong>241110-11112</strong></span> 
     </span>
    </p>
   </div>
   <div class='ocr_carea' id='block_1_11' title="bbox 146 469 2118 516">
    <p class='ocr_par' dir='ltr' id='par_1_11' title="bbox 146 469 2118 516">
     <span class='ocr_line' id='line_1_33' title="bbox 146 469 2118 516; baseline 0.001 -14"><span class='ocrx_word' id='word_1_375' title='bbox 146 469 292 502; x_wconf 85' lang='lat' dir='ltr'><strong>Henrici</strong></span> <span class='ocrx_word' id='word_1_376' title='bbox 322 470 595 504; x_wconf 86' lang='lat' dir='ltr'><strong>Alamannorum</strong></span> <span class='ocrx_word' id='word_1_377' title='bbox 627 472 846 516; x_wconf 86' lang='lat' dir='ltr'><strong>imperatoris</strong></span> <span class='ocrx_word' id='word_1_378' title='bbox 873 473 1071 512; x_wconf 81' lang='lat' dir='ltr'><strong>adventum,</strong></span> <span class='ocrx_word' id='word_1_379' title='bbox 1096 472 1153 515; x_wconf 87' lang='lat' dir='ltr'><strong>qui</strong></span> <span class='ocrx_word' id='word_1_380' title='bbox 1177 477 1259 504; x_wconf 82' lang='lat' dir='ltr'><strong>tunc</strong></span> <span class='ocrx_word' id='word_1_381' title='bbox 1283 472 1434 504; x_wconf 84' lang='lat' dir='ltr'><strong>Romam</strong></span> <span class='ocrx_word' id='word_1_382' title='bbox 1466 472 1611 505; x_wconf 80' lang='lat' dir='ltr'><strong>festinus</strong></span> <span class='ocrx_word' id='word_1_383' title='bbox 1642 473 1844 513; x_wconf 85' lang='lat' dir='ltr'><strong>aduenerat,</strong></span> <span class='ocrx_word' id='word_1_384' title='bbox 1876 479 2004 506; x_wconf 88' lang='lat' dir='ltr'><strong>metum</strong></span> <span class='ocrx_word' id='word_1_385' title='bbox 2030 487 2118 503; x_wconf 48' lang='lat' dir='ltr'><strong>mmm</strong></span> 
     </span>
    </p>
   </div>
   <div class='ocr_carea' id='block_1_12' title="bbox 2113 646 2124 664">
    <p class='ocr_par' dir='ltr' id='par_1_12' title="bbox 2113 646 2124 664">
     <span class='ocr_line' id='line_1_34' title="bbox 2113 646 2124 664; baseline 0 0"><span class='ocrx_word' id='word_1_386' title='bbox 2113 646 2124 664; x_wconf 85' lang='lat'>8</span> 
     </span>
    </p>
   </div>
   <div class='ocr_carea' id='block_1_13' title="bbox 2030 1398 2121 1420">
    <p class='ocr_par' dir='ltr' id='par_1_13' title="bbox 2030 1398 2121 1420">
     <span class='ocr_line' id='line_1_35' title="bbox 2030 1398 2121 1420; baseline 0 -6"><span class='ocrx_word' id='word_1_387' title='bbox 2030 1398 2094 1415; x_wconf 73' lang='lat' dir='ltr'><strong>mart.</strong></span> <span class='ocrx_word' id='word_1_388' title='bbox 2110 1403 2121 1420; x_wconf 62' lang='grc' dir='ltr'><strong>ς]</strong></span> 
     </span>
    </p>
   </div>
   <div class='ocr_carea' id='block_1_14' title="bbox 0 1451 111 3470">
    <p class='ocr_par' dir='ltr' id='par_1_14' title="bbox 0 1451 111 3470">
     <span class='ocr_line' id='line_1_36' title="bbox 0 1451 111 3470; baseline 0 0"><span class='ocrx_word' id='word_1_389' title='bbox 0 1451 111 3470; x_wconf 95' lang='lat' dir='ltr'><strong> </strong></span> 
     </span>
    </p>
   </div>
   <div class='ocr_carea' id='block_1_15' title="bbox 132 1778 1042 2495">
    <p class='ocr_par' dir='ltr' id='par_1_15' title="bbox 133 1778 1042 2240">
     <span class='ocr_line' id='line_1_37' title="bbox 139 1778 1041 1815; baseline 0.006 -10"><span class='ocrx_word' id='word_1_390' title='bbox 139 1778 153 1792; x_wconf 78' lang='lat'>“</span> <span class='ocrx_word' id='word_1_391' title='bbox 163 1786 315 1812; x_wconf 72' lang='lat' dir='ltr'><strong>regressus,</strong></span> <span class='ocrx_word' id='word_1_392' title='bbox 337 1781 389 1807; x_wconf 86' lang='lat' dir='ltr'><strong>XII</strong></span> <span class='ocrx_word' id='word_1_393' title='bbox 406 1782 463 1807; x_wconf 80' lang='lat' dir='ltr'><strong>kal.</strong></span> <span class='ocrx_word' id='word_1_394' title='bbox 485 1783 554 1808; x_wconf 80' lang='lat' dir='ltr'><strong>febr.</strong></span> <span class='ocrx_word' id='word_1_395' title='bbox 569 1784 630 1808; x_wconf 81' lang='lat' dir='ltr'><strong>vita</strong></span> <span class='ocrx_word' id='word_1_396' title='bbox 644 1784 764 1815; x_wconf 83' lang='lat' dir='ltr'><strong>decedit,</strong></span> <span class='ocrx_word' id='word_1_397' title='bbox 778 1787 806 1809; x_wconf 89' lang='lat' dir='ltr'><strong>et</strong></span> <span class='ocrx_word' id='word_1_398' title='bbox 820 1785 961 1810; x_wconf 83' lang='lat' dir='ltr'><strong>Iohannes</strong></span> <span class='ocrx_word' id='word_1_399' title='bbox 976 1793 1041 1810; x_wconf 86' lang='lat' dir='ltr'><strong>can-</strong></span> 
     </span>
     <span class='ocr_line' id='line_1_38' title="bbox 138 1821 1042 1859; baseline 0.007 -13"><span class='ocrx_word' id='word_1_400' title='bbox 138 1821 153 1834; x_wconf 79' lang='lat'><em>“</em></span> <span class='ocrx_word' id='word_1_401' title='bbox 163 1821 307 1853; x_wconf 76' lang='lat' dir='ltr'><strong>cellarius,</strong></span> <span class='ocrx_word' id='word_1_402' title='bbox 319 1823 406 1849; x_wconf 86' lang='lat' dir='ltr'><strong>huius</strong></span> <span class='ocrx_word' id='word_1_403' title='bbox 416 1823 570 1850; x_wconf 82' lang='lat' dir='ltr'><strong>Casinensi</strong></span> <span class='ocrx_word' id='word_1_404' title='bbox 585 1827 700 1851; x_wconf 88' lang='lat' dir='ltr'><strong>cenobii</strong></span> <span class='ocrx_word' id='word_1_405' title='bbox 712 1835 727 1851; x_wconf 88' lang='lat' dir='ltr'><strong>a</strong></span> <span class='ocrx_word' id='word_1_406' title='bbox 741 1828 865 1859; x_wconf 87' lang='lat' dir='ltr'><strong>pueritia</strong></span> <span class='ocrx_word' id='word_1_407' title='bbox 876 1827 1042 1857; x_wconf 81' lang='lat' dir='ltr'><strong>monachus,</strong></span> 
     </span>
     <span class='ocr_line' id='line_1_39' title="bbox 138 1863 1039 1903; baseline 0.007 -14"><span class='ocrx_word' id='word_1_408' title='bbox 138 1863 179 1889; x_wconf 76' lang='lat' dir='ltr'><strong>“a</strong></span> <span class='ocrx_word' id='word_1_409' title='bbox 197 1864 282 1895; x_wconf 57' lang='lat' dir='ltr'><strong>clero,</strong></span> <span class='ocrx_word' id='word_1_410' title='bbox 301 1868 402 1892; x_wconf 81' lang='lat' dir='ltr'><strong>senatu</strong></span> <span class='ocrx_word' id='word_1_411' title='bbox 431 1868 597 1901; x_wconf 86' lang='lat' dir='ltr'><strong>populoque</strong></span> <span class='ocrx_word' id='word_1_412' title='bbox 616 1868 750 1894; x_wconf 77' lang='lat' dir='ltr'><strong>Romano</strong></span> <span class='ocrx_word' id='word_1_413' title='bbox 772 1871 800 1894; x_wconf 85' lang='lat' dir='ltr'><strong>in</strong></span> <span class='ocrx_word' id='word_1_414' title='bbox 821 1869 970 1895; x_wconf 78' lang='lat' dir='ltr'><strong>Gelasium</strong></span> <span class='ocrx_word' id='word_1_415' title='bbox 990 1877 1039 1903; x_wconf 84' lang='lat' dir='ltr'><strong>pa—</strong></span> 
     </span>
     <span class='ocr_line' id='line_1_40' title="bbox 138 1906 1042 1944; baseline 0.007 -13"><span class='ocrx_word' id='word_1_416' title='bbox 138 1906 152 1919; x_wconf 83' lang='lat'>“</span> <span class='ocrx_word' id='word_1_417' title='bbox 162 1913 228 1940; x_wconf 70' lang='lat' dir='ltr'><strong>pem</strong></span> <span class='ocrx_word' id='word_1_418' title='bbox 246 1907 368 1940; x_wconf 83' lang='lat' dir='ltr'><strong>eligitur</strong></span> <span class='ocrx_word' id='word_1_419' title='bbox 378 1928 402 1942; x_wconf 55' lang='grc' dir='ltr'><strong>ῃ.</strong></span> <span class='ocrx_word' id='word_1_420' title='bbox 440 1909 590 1935; x_wconf 83' lang='lat' dir='ltr'><strong>Tralascio</strong></span> <span class='ocrx_word' id='word_1_421' title='bbox 602 1911 646 1944; x_wconf 86' lang='lat' dir='ltr'><strong>gli</strong></span> <span class='ocrx_word' id='word_1_422' title='bbox 659 1911 777 1936; x_wconf 71' lang='lat' dir='ltr'><strong>Annales</strong></span> <span class='ocrx_word' id='word_1_423' title='bbox 792 1913 972 1937; x_wconf 79' lang='lat' dir='ltr'><strong>Beneventani</strong></span> <span class='ocrx_word' id='word_1_424' title='bbox 984 1912 1042 1944; x_wconf 64' lang='lat' dir='ltr'><strong>(an⁴</strong></span> 
     </span>
     <span class='ocr_line' id='line_1_41' title="bbox 138 1949 1041 1983; baseline 0.006 -9"><span class='ocrx_word' id='word_1_425' title='bbox 138 1949 218 1983; x_wconf 77' lang='lat'>1117)</span> <span class='ocrx_word' id='word_1_426' title='bbox 230 1957 245 1975; x_wconf 82' lang='lat' dir='ltr'><strong>e</strong></span> <span class='ocrx_word' id='word_1_427' title='bbox 256 1950 278 1974; x_wconf 88' lang='lat' dir='ltr'><strong>il</strong></span> <span class='ocrx_word' id='word_1_428' title='bbox 292 1949 390 1976; x_wconf 72' lang='lat' dir='ltr'><strong>claron.</strong></span> <span class='ocrx_word' id='word_1_429' title='bbox 404 1951 517 1977; x_wconf 72' lang='lat' dir='ltr'><strong>canense</strong></span> <span class='ocrx_word' id='word_1_430' title='bbox 527 1953 577 1978; x_wconf 86' lang='lat' dir='ltr'><strong>che</strong></span> <span class='ocrx_word' id='word_1_431' title='bbox 587 1954 684 1978; x_wconf 88' lang='lat' dir='ltr'><strong>hanno</strong></span> <span class='ocrx_word' id='word_1_432' title='bbox 699 1955 767 1979; x_wconf 83' lang='lat' dir='ltr'><strong>note</strong></span> <span class='ocrx_word' id='word_1_433' title='bbox 778 1956 879 1983; x_wconf 83' lang='lat' dir='ltr'><strong>errate,</strong></span> <span class='ocrx_word' id='word_1_434' title='bbox 892 1961 907 1979; x_wconf 90' lang='lat' dir='ltr'><strong>e</strong></span> <span class='ocrx_word' id='word_1_435' title='bbox 918 1955 1041 1980; x_wconf 81' lang='lat' dir='ltr'><strong>ricorde:</strong></span> 
     </span>
     <span class='ocr_line' id='line_1_42' title="bbox 136 1991 1041 2029; baseline 0.007 -13"><span class='ocrx_word' id='word_1_436' title='bbox 136 1991 233 2017; x_wconf 63' lang='lat' dir='ltr'><strong>Fsmo</strong></span> <span class='ocrx_word' id='word_1_437' title='bbox 243 1992 490 2020; x_wconf 66' lang='lat' dir='ltr'><strong>Bzxzvammus</strong></span> <span class='ocrx_word' id='word_1_438' title='bbox 498 1994 633 2026; x_wconf 73' lang='lat' dir='ltr'><strong>(DnLRn‚</strong></span> <span class='ocrx_word' id='word_1_439' title='bbox 646 1995 668 2027; x_wconf 84' lang='lat'><strong>1,</strong></span> <span class='ocrx_word' id='word_1_440' title='bbox 685 1995 760 2029; x_wconf 82' lang='lat'>173):</span> <span class='ocrx_word' id='word_1_441' title='bbox 777 1995 791 2009; x_wconf 80' lang='lat'><em>“</em></span> <span class='ocrx_word' id='word_1_442' title='bbox 802 1998 863 2022; x_wconf 88' lang='lat' dir='ltr'><strong>Hoc</strong></span> <span class='ocrx_word' id='word_1_443' title='bbox 877 2005 953 2022; x_wconf 89' lang='lat' dir='ltr'><strong>anno</strong></span> <span class='ocrx_word' id='word_1_444' title='bbox 965 2003 1041 2029; x_wconf 81' lang='lat'>1¹¹7›</span> 
     </span>
     <span class='ocr_line' id='line_1_43' title="bbox 138 2031 1041 2071; baseline 0.007 -13"><span class='ocrx_word' id='word_1_445' title='bbox 138 2031 198 2068; x_wconf 69' lang='lat' dir='ltr'><strong>⁸(a.</strong></span> <span class='ocrx_word' id='word_1_446' title='bbox 217 2042 240 2059; x_wconf 84' lang='lat' dir='ltr'><strong>c.</strong></span> <span class='ocrx_word' id='word_1_447' title='bbox 269 2034 348 2067; x_wconf 83' lang='lat'>1118)</span> <span class='ocrx_word' id='word_1_448' title='bbox 373 2035 522 2062; x_wconf 72' lang='lat' dir='ltr'><strong>Paschaus</strong></span> <span class='ocrx_word' id='word_1_449' title='bbox 545 2044 618 2071; x_wconf 74' lang='lat' dir='ltr'><strong>papa</strong></span> <span class='ocrx_word' id='word_1_450' title='bbox 641 2038 717 2063; x_wconf 87' lang='lat' dir='ltr'><strong>obiit</strong></span> <span class='ocrx_word' id='word_1_451' title='bbox 742 2039 781 2064; x_wconf 88' lang='lat' dir='ltr'><strong>XI</strong></span> <span class='ocrx_word' id='word_1_452' title='bbox 800 2039 937 2064; x_wconf 78' lang='lat' dir='ltr'><strong>kalendas</strong></span> <span class='ocrx_word' id='word_1_453' title='bbox 962 2039 1041 2069; x_wconf 66' lang='lat' dir='ltr'><strong>febr„</strong></span> 
     </span>
     <span class='ocr_line' id='line_1_44' title="bbox 134 2076 1042 2114; baseline 0.006 -13"><span class='ocrx_word' id='word_1_454' title='bbox 134 2077 188 2102; x_wconf 78' lang='lat' dir='ltr'><strong>“et</strong></span> <span class='ocrx_word' id='word_1_455' title='bbox 207 2076 340 2103; x_wconf 65' lang='lat' dir='ltr'><strong>Gelasio:</strong></span> <span class='ocrx_word' id='word_1_456' title='bbox 359 2085 432 2112; x_wconf 81' lang='lat' dir='ltr'><strong>papa</strong></span> <span class='ocrx_word' id='word_1_457' title='bbox 450 2080 570 2112; x_wconf 86' lang='lat' dir='ltr'><strong>eligitur</strong></span> <span class='ocrx_word' id='word_1_458' title='bbox 580 2090 604 2113; x_wconf 55' lang='grc' dir='ltr'><strong>»ς</strong></span> <span class='ocrx_word' id='word_1_459' title='bbox 641 2080 671 2105; x_wconf 79' lang='lat' dir='ltr'><strong>L.</strong></span> <span class='ocrx_word' id='word_1_460' title='bbox 691 2082 729 2112; x_wconf 74' lang='lat' dir='ltr'><strong>R,</strong></span> <span class='ocrx_word' id='word_1_461' title='bbox 751 2081 786 2113; x_wconf 82' lang='grc' dir='ltr'><strong>ΙΙ,</strong></span> <span class='ocrx_word' id='word_1_462' title='bbox 808 2089 872 2114; x_wconf 85' lang='lat'><strong>300,</strong></span> <span class='ocrx_word' id='word_1_463' title='bbox 892 2089 907 2106; x_wconf 91' lang='lat' dir='ltr'><strong>e</strong></span> <span class='ocrx_word' id='word_1_464' title='bbox 919 2081 1042 2106; x_wconf 77' lang='lat' dir='ltr'><strong>Annales</strong></span> 
     </span>
     <span class='ocr_line' id='line_1_45' title="bbox 136 2119 1041 2156; baseline 0.006 -12"><span class='ocrx_word' id='word_1_465' title='bbox 136 2120 255 2145; x_wconf 75' lang='lat' dir='ltr'><strong>Romani</strong></span> <span class='ocrx_word' id='word_1_466' title='bbox 279 2119 325 2153; x_wconf 83' lang='lat'><strong>(11,</strong></span> <span class='ocrx_word' id='word_1_467' title='bbox 345 2128 372 2154; x_wconf 86' lang='lat' dir='ltr'><strong>p.</strong></span> <span class='ocrx_word' id='word_1_468' title='bbox 391 2120 456 2155; x_wconf 86' lang='lat'><strong>446)</strong></span> <span class='ocrx_word' id='word_1_469' title='bbox 485 2122 536 2147; x_wconf 85' lang='lat' dir='ltr'><strong>che</strong></span> <span class='ocrx_word' id='word_1_470' title='bbox 556 2122 583 2147; x_wconf 81' lang='lat' dir='ltr'><strong>ci</strong></span> <span class='ocrx_word' id='word_1_471' title='bbox 601 2123 769 2148; x_wconf 76' lang='lat' dir='ltr'><strong>assicurano</strong></span> <span class='ocrx_word' id='word_1_472' title='bbox 788 2123 927 2156; x_wconf 83' lang='lat' dir='ltr'><strong>Pasquale</strong></span> <span class='ocrx_word' id='word_1_473' title='bbox 945 2125 1041 2149; x_wconf 82' lang='lat' dir='ltr'><strong>morto</strong></span> 
     </span>
     <span class='ocr_line' id='line_1_46' title="bbox 133 2161 1042 2197; baseline 0.004 -10"><span class='ocrx_word' id='word_1_474' title='bbox 133 2163 164 2186; x_wconf 71' lang='lat' dir='ltr'><strong>in</strong></span> <span class='ocrx_word' id='word_1_475' title='bbox 181 2161 279 2194; x_wconf 57' lang='lat' dir='ltr'><strong>untia</strong></span> <span class='ocrx_word' id='word_1_476' title='bbox 297 2163 434 2188; x_wconf 65' lang='lat' dir='ltr'><strong>batorum</strong></span> <span class='ocrx_word' id='word_1_477' title='bbox 458 2163 594 2189; x_wconf 71' lang='lat' dir='ltr'><strong>Vincentia·</strong></span> <span class='ocrx_word' id='word_1_478' title='bbox 610 2167 636 2189; x_wconf 77' lang='lat' dir='ltr'><strong>et</strong></span> <span class='ocrx_word' id='word_1_479' title='bbox 653 2165 804 2195; x_wconf 59' lang='lat' dir='ltr'><strong>Anastasis,</strong></span> <span class='ocrx_word' id='word_1_480' title='bbox 822 2167 906 2191; x_wconf 74' lang='lat' dir='ltr'><strong>noctis</strong></span> <span class='ocrx_word' id='word_1_481' title='bbox 918 2169 1042 2197; x_wconf 79' lang='lat' dir='ltr'><strong>tempore,</strong></span> 
     </span>
     <span class='ocr_line' id='line_1_47' title="bbox 135 2202 891 2240; baseline 0.007 -12"><span class='ocrx_word' id='word_1_482' title='bbox 135 2202 198 2229; x_wconf 68' lang='lat' dir='ltr'><strong>cioe</strong></span> <span class='ocrx_word' id='word_1_483' title='bbox 217 2204 294 2230; x_wconf 79' lang='lat' dir='ltr'><strong>nella</strong></span> <span class='ocrx_word' id='word_1_484' title='bbox 313 2206 394 2230; x_wconf 83' lang='lat' dir='ltr'><strong>notte</strong></span> <span class='ocrx_word' id='word_1_485' title='bbox 412 2205 459 2231; x_wconf 78' lang='lat' dir='ltr'><strong>fra</strong></span> <span class='ocrx_word' id='word_1_486' title='bbox 478 2207 501 2231; x_wconf 85' lang='lat' dir='ltr'><strong>il</strong></span> <span class='ocrx_word' id='word_1_487' title='bbox 522 2213 553 2231; x_wconf 86' lang='lat'><strong>21</strong></span> <span class='ocrx_word' id='word_1_488' title='bbox 574 2214 589 2232; x_wconf 94' lang='lat' dir='ltr'><strong>e</strong></span> <span class='ocrx_word' id='word_1_489' title='bbox 610 2214 642 2232; x_wconf 86' lang='grc'><strong>22</strong></span> <span class='ocrx_word' id='word_1_490' title='bbox 663 2210 790 2240; x_wconf 81' lang='lat' dir='ltr'><strong>germaio</strong></span> <span class='ocrx_word' id='word_1_491' title='bbox 813 2208 891 2233; x_wconf 85' lang='lat'>1118.</span> 
     </span>
    </p>

    <p class='ocr_par' dir='ltr' id='par_1_16' title="bbox 132 2246 1041 2495">
     <span class='ocr_line' id='line_1_48' title="bbox 225 2246 1041 2282; baseline 0.005 -10"><span class='ocrx_word' id='word_1_492' title='bbox 225 2246 234 2263; x_wconf 88' lang='lat'><strong>¹</strong></span> <span class='ocrx_word' id='word_1_493' title='bbox 247 2247 276 2272; x_wconf 78' lang='lat' dir='ltr'><strong>L.</strong></span> <span class='ocrx_word' id='word_1_494' title='bbox 291 2248 335 2278; x_wconf 71' lang='lat' dir='ltr'><strong>R,</strong></span> <span class='ocrx_word' id='word_1_495' title='bbox 348 2248 382 2278; x_wconf 86' lang='lat'><strong>11,</strong></span> <span class='ocrx_word' id='word_1_496' title='bbox 395 2255 461 2281; x_wconf 79' lang='lat'>311:</span> <span class='ocrx_word' id='word_1_497' title='bbox 479 2247 634 2274; x_wconf 76' lang='lat' dir='ltr'><strong>“Gelasius</strong></span> <span class='ocrx_word' id='word_1_498' title='bbox 648 2252 699 2282; x_wconf 81' lang='lat' dir='ltr'><strong>qui</strong></span> <span class='ocrx_word' id='word_1_499' title='bbox 713 2253 742 2276; x_wconf 83' lang='lat' dir='ltr'><strong>et</strong></span> <span class='ocrx_word' id='word_1_500' title='bbox 754 2251 905 2280; x_wconf 79' lang='lat' dir='ltr'><strong>Iohannes,</strong></span> <span class='ocrx_word' id='word_1_501' title='bbox 921 2251 1041 2276; x_wconf 76' lang='lat' dir='ltr'><strong>natione</strong></span> 
     </span>
     <span class='ocr_line' id='line_1_49' title="bbox 138 2287 1040 2327; baseline 0.006 -13"><span class='ocrx_word' id='word_1_502' title='bbox 138 2289 152 2303; x_wconf 76' lang='lat'><em>⁰</em></span> <span class='ocrx_word' id='word_1_503' title='bbox 161 2287 330 2320; x_wconf 62' lang='lat' dir='ltr'><strong>Galat-nus,</strong></span> <span class='ocrx_word' id='word_1_504' title='bbox 349 2290 426 2316; x_wconf 85' lang='lat' dir='ltr'><strong>sedit</strong></span> <span class='ocrx_word' id='word_1_505' title='bbox 445 2299 523 2316; x_wconf 82' lang='lat' dir='ltr'><strong>anno</strong></span> <span class='ocrx_word' id='word_1_506' title='bbox 543 2292 555 2316; x_wconf 94' lang='lat'>1</span> <span class='ocrx_word' id='word_1_507' title='bbox 566 2311 590 2325; x_wconf 54' lang='grc' dir='ltr'><strong>η.</strong></span> <span class='ocrx_word' id='word_1_508' title='bbox 628 2292 714 2318; x_wconf 81' lang='lat' dir='ltr'><strong>Sotto</strong></span> <span class='ocrx_word' id='word_1_509' title='bbox 733 2293 874 2326; x_wconf 86' lang='lat' dir='ltr'><strong>Pasquale</strong></span> <span class='ocrx_word' id='word_1_510' title='bbox 886 2293 914 2325; x_wconf 78' lang='grc' dir='ltr'><strong>Π</strong></span> <span class='ocrx_word' id='word_1_511' title='bbox 927 2294 984 2327; x_wconf 86' lang='lat' dir='ltr'><strong>egli</strong></span> <span class='ocrx_word' id='word_1_512' title='bbox 1001 2295 1040 2325; x_wconf 84' lang='lat' dir='ltr'><strong>fu,</strong></span> 
     </span>
     <span class='ocr_line' id='line_1_50' title="bbox 135 2332 1041 2361; baseline 0.004 -4"><span class='ocrx_word' id='word_1_513' title='bbox 135 2332 182 2357; x_wconf 79' lang='lat' dir='ltr'><strong>col</strong></span> <span class='ocrx_word' id='word_1_514' title='bbox 200 2338 285 2358; x_wconf 76' lang='lat' dir='ltr'><strong>nome</strong></span> <span class='ocrx_word' id='word_1_515' title='bbox 303 2333 334 2358; x_wconf 78' lang='lat' dir='ltr'><strong>di</strong></span> <span class='ocrx_word' id='word_1_516' title='bbox 359 2332 509 2359; x_wconf 79' lang='lat' dir='ltr'><strong>Giovanni</strong></span> <span class='ocrx_word' id='word_1_517' title='bbox 527 2338 617 2359; x_wconf 67' lang='lat' dir='ltr'><strong>sande</strong></span> <span class='ocrx_word' id='word_1_518' title='bbox 642 2335 759 2360; x_wconf 73' lang='lat' dir='ltr'><strong>Romane</strong></span> <span class='ocrx_word' id='word_1_519' title='bbox 783 2336 887 2360; x_wconf 79' lang='lat' dir='ltr'><strong>ecclesie</strong></span> <span class='ocrx_word' id='word_1_520' title='bbox 912 2337 1041 2361; x_wconf 75' lang='lat' dir='ltr'><strong>diaconus</strong></span> 
     </span>
     <span class='ocr_line' id='line_1_51' title="bbox 132 2373 1039 2408; baseline 0.004 -10"><span class='ocrx_word' id='word_1_521' title='bbox 132 2373 283 2399; x_wconf 66' lang='lat' dir='ltr'><strong>cardinalis</strong></span> <span class='ocrx_word' id='word_1_522' title='bbox 300 2373 340 2404; x_wconf 77' lang='lat' dir='ltr'><strong>(S.</strong></span> <span class='ocrx_word' id='word_1_523' title='bbox 358 2374 466 2400; x_wconf 69' lang='lat' dir='ltr'><strong>uariae</strong></span> <span class='ocrx_word' id='word_1_524' title='bbox 484 2376 515 2400; x_wconf 64' lang='lat' dir='ltr'><strong>(a</strong></span> <span class='ocrx_word' id='word_1_525' title='bbox 538 2375 685 2408; x_wconf 73' lang='lat' dir='ltr'><strong>Casmedt&#39;n)</strong></span> <span class='ocrx_word' id='word_1_526' title='bbox 697 2385 728 2401; x_wconf 81' lang='lat' dir='ltr'><strong>ac</strong></span> <span class='ocrx_word' id='word_1_527' title='bbox 740 2377 963 2402; x_wconf 62' lang='lat' dir='ltr'><strong>bibliothecarius.</strong></span> <span class='ocrx_word' id='word_1_528' title='bbox 1003 2378 1039 2402; x_wconf 92' lang='lat' dir='ltr'><strong>Vi</strong></span> 
     </span>
     <span class='ocr_line' id='line_1_52' title="bbox 133 2415 1039 2453; baseline 0.004 -13"><span class='ocrx_word' id='word_1_529' title='bbox 133 2415 283 2450; x_wconf 70' lang='lat' dir='ltr'><strong>apparisce</strong></span> <span class='ocrx_word' id='word_1_530' title='bbox 301 2416 333 2442; x_wconf 82' lang='lat' dir='ltr'><strong>in</strong></span> <span class='ocrx_word' id='word_1_531' title='bbox 353 2419 453 2450; x_wconf 75' lang='lat' dir='ltr'><strong>questa</strong></span> <span class='ocrx_word' id='word_1_532' title='bbox 472 2419 577 2449; x_wconf 81' lang='lat' dir='ltr'><strong>carica,</strong></span> <span class='ocrx_word' id='word_1_533' title='bbox 594 2420 695 2444; x_wconf 78' lang='lat' dir='ltr'><strong>tenuta</strong></span> <span class='ocrx_word' id='word_1_534' title='bbox 710 2421 758 2452; x_wconf 87' lang='lat' dir='ltr'><strong>poi</strong></span> <span class='ocrx_word' id='word_1_535' title='bbox 773 2427 892 2452; x_wconf 84' lang='lat' dir='ltr'><strong>sempre,</strong></span> <span class='ocrx_word' id='word_1_536' title='bbox 906 2415 933 2444; x_wconf 78' lang='lat' dir='ltr'><strong>ln</strong></span> <span class='ocrx_word' id='word_1_537' title='bbox 947 2421 1039 2453; x_wconf 84' lang='lat' dir='ltr'><strong>prima</strong></span> 
     </span>
     <span class='ocr_line' id='line_1_53' title="bbox 133 2458 1038 2495; baseline 0.006 -11"><span class='ocrx_word' id='word_1_538' title='bbox 133 2458 216 2484; x_wconf 76' lang='lat' dir='ltr'><strong>volta</strong></span> <span class='ocrx_word' id='word_1_539' title='bbox 234 2459 258 2484; x_wconf 84' lang='lat'><strong>11</strong></span> <span class='ocrx_word' id='word_1_540' title='bbox 277 2465 310 2492; x_wconf 86' lang='lat'><strong>²3</strong></span> <span class='ocrx_word' id='word_1_541' title='bbox 337 2467 380 2493; x_wconf 78' lang='lat' dir='ltr'><strong>ag.</strong></span> <span class='ocrx_word' id='word_1_542' title='bbox 410 2459 486 2486; x_wconf 75' lang='lat'><strong>1088,</strong></span> <span class='ocrx_word' id='word_1_543' title='bbox 519 2460 843 2494; x_wconf 64' lang='lat' dir='ltr'><strong>JAan-Lonwmwmu,</strong></span> <span class='ocrx_word' id='word_1_544' title='bbox 868 2462 935 2495; x_wconf 71' lang='lat' dir='ltr'><strong>Reg.</strong></span> <span class='ocrx_word' id='word_1_545' title='bbox 962 2464 1038 2489; x_wconf 84' lang='lat' dir='ltr'><strong>Rom.</strong></span> 
     </span>
    </p>
   </div>
   <div class='ocr_carea' id='block_1_16' title="bbox 58 2492 358 2535">
    <p class='ocr_par' dir='ltr' id='par_1_17' title="bbox 58 2492 358 2535">
     <span class='ocr_line' id='line_1_54' title="bbox 58 2492 358 2535; baseline 0.01 -10"><span class='ocrx_word' id='word_1_546' title='bbox 58 2492 62 2493; x_wconf 38' lang='lat'><em>⁷</em></span> <span class='ocrx_word' id='word_1_547' title='bbox 111 2493 115 2496; x_wconf 47' lang='grc'>’</span> <span class='ocrx_word' id='word_1_548' title='bbox 134 2501 211 2527; x_wconf 67' lang='grc' dir='ltr'><strong>Μ.</strong></span> <span class='ocrx_word' id='word_1_549' title='bbox 230 2501 256 2526; x_wconf 91' lang='lat' dir='ltr'><strong>d.</strong></span> <span class='ocrx_word' id='word_1_550' title='bbox 278 2500 358 2535; x_wconf 83' lang='lat'><strong>53⁶5·</strong></span> 
     </span>
    </p>
   </div>
   <div class='ocr_carea' id='block_1_17' title="bbox 134 2542 1038 3047">
    <p class='ocr_par' dir='ltr' id='par_1_18' title="bbox 134 2542 1038 3047">
     <span class='ocr_line' id='line_1_55' title="bbox 223 2542 1038 2581; baseline 0.005 -12"><span class='ocrx_word' id='word_1_551' title='bbox 223 2542 236 2560; x_wconf 72' lang='lat'>³</span> <span class='ocrx_word' id='word_1_552' title='bbox 263 2544 362 2570; x_wconf 56' lang='lat' dir='ltr'><strong>Firmo</strong></span> <span class='ocrx_word' id='word_1_553' title='bbox 381 2545 637 2576; x_wconf 71' lang='lat' dir='ltr'><strong>Bmmvsm-Ast,</strong></span> <span class='ocrx_word' id='word_1_554' title='bbox 666 2555 693 2580; x_wconf 88' lang='lat' dir='ltr'><strong>p.</strong></span> <span class='ocrx_word' id='word_1_555' title='bbox 725 2554 782 2581; x_wconf 84' lang='lat'><strong>173,</strong></span> <span class='ocrx_word' id='word_1_556' title='bbox 809 2555 824 2572; x_wconf 92' lang='lat' dir='ltr'><strong>e</strong></span> <span class='ocrx_word' id='word_1_557' title='bbox 850 2555 923 2580; x_wconf 86' lang='lat' dir='ltr'><strong>sgg.:</strong></span> <span class='ocrx_word' id='word_1_558' title='bbox 953 2549 1038 2573; x_wconf 73' lang='lat' dir='ltr'><strong>“Rex</strong></span> 
     </span>
     <span class='ocr_line' id='line_1_56' title="bbox 137 2585 1038 2619; baseline 0.006 -8"><span class='ocrx_word' id='word_1_559' title='bbox 137 2585 288 2619; x_wconf 67' lang='lat' dir='ltr'><strong>‘prefatu-</strong></span> <span class='ocrx_word' id='word_1_560' title='bbox 307 2587 455 2618; x_wconf 66' lang='lat' dir='ltr'><strong>ueni-iem,</strong></span> <span class='ocrx_word' id='word_1_561' title='bbox 475 2588 628 2614; x_wconf 81' lang='lat' dir='ltr'><strong>instructis</strong></span> <span class='ocrx_word' id='word_1_562' title='bbox 648 2589 767 2614; x_wconf 80' lang='lat' dir='ltr'><strong>insidiis</strong></span> <span class='ocrx_word' id='word_1_563' title='bbox 795 2591 893 2615; x_wconf 82' lang='lat' dir='ltr'><strong>noctis</strong></span> <span class='ocrx_word' id='word_1_564' title='bbox 920 2591 1038 2616; x_wconf 82' lang='lat' dir='ltr'><strong>silentio</strong></span> 
     </span>
     <span class='ocr_line' id='line_1_57' title="bbox 135 2626 1037 2665; baseline 0.003 -12"><span class='ocrx_word' id='word_1_565' title='bbox 135 2626 279 2654; x_wconf 68' lang='lat' dir='ltr'><strong>‘Romam</strong></span> <span class='ocrx_word' id='word_1_566' title='bbox 298 2629 462 2662; x_wconf 80' lang='lat' dir='ltr'><strong>ingreditur</strong></span> <span class='ocrx_word' id='word_1_567' title='bbox 481 2632 587 2655; x_wconf 81' lang='lat' dir='ltr'><strong>mensis</strong></span> <span class='ocrx_word' id='word_1_568' title='bbox 609 2631 721 2656; x_wconf 81' lang='lat' dir='ltr'><strong>martiis</strong></span> <span class='ocrx_word' id='word_1_569' title='bbox 741 2631 864 2656; x_wconf 79' lang='lat' dir='ltr'><strong>secundo</strong></span> <span class='ocrx_word' id='word_1_570' title='bbox 884 2632 931 2656; x_wconf 85' lang='lat' dir='ltr'><strong>die</strong></span> <span class='ocrx_word' id='word_1_571' title='bbox 945 2633 1037 2665; x_wconf 84' lang='lat' dir='ltr'><strong>ingre-</strong></span> 
     </span>
     <span class='ocr_line' id='line_1_58' title="bbox 135 2668 1037 2706; baseline 0.004 -11"><span class='ocrx_word' id='word_1_572' title='bbox 135 2668 150 2683; x_wconf 71' lang='lat'><em>⁶</em></span> <span class='ocrx_word' id='word_1_573' title='bbox 162 2669 266 2696; x_wconf 77' lang='lat' dir='ltr'><strong>diente.</strong></span> <span class='ocrx_word' id='word_1_574' title='bbox 292 2671 482 2705; x_wconf 76' lang='lat' dir='ltr'><strong>Apostolicus</strong></span> <span class='ocrx_word' id='word_1_575' title='bbox 502 2674 598 2705; x_wconf 77' lang='lat' dir='ltr'><strong>itaque</strong></span> <span class='ocrx_word' id='word_1_576' title='bbox 618 2674 693 2706; x_wconf 84' lang='lat' dir='ltr'><strong>regis</strong></span> <span class='ocrx_word' id='word_1_577' title='bbox 714 2675 805 2706; x_wconf 80' lang='lat' dir='ltr'><strong>ipsius</strong></span> <span class='ocrx_word' id='word_1_578' title='bbox 825 2675 983 2706; x_wconf 84' lang='lat' dir='ltr'><strong>ingressum</strong></span> <span class='ocrx_word' id='word_1_579' title='bbox 997 2676 1037 2699; x_wconf 80' lang='lat' dir='ltr'><strong>sic</strong></span> 
     </span>
     <span class='ocr_line' id='line_1_59' title="bbox 137 2712 1037 2751; baseline 0.006 -13"><span class='ocrx_word' id='word_1_580' title='bbox 137 2712 285 2740; x_wconf 67' lang='lat' dir='ltr'><strong>“latenter</strong></span> <span class='ocrx_word' id='word_1_581' title='bbox 303 2714 516 2748; x_wconf 82' lang='lat' dir='ltr'><strong>deprehendens</strong></span> <span class='ocrx_word' id='word_1_582' title='bbox 537 2716 733 2744; x_wconf 79' lang='lat' dir='ltr'><strong>reminiscens,</strong></span> <span class='ocrx_word' id='word_1_583' title='bbox 758 2717 883 2748; x_wconf 71' lang='lat' dir='ltr'><strong>qualiter</strong></span> <span class='ocrx_word' id='word_1_584' title='bbox 909 2725 958 2742; x_wconf 85' lang='lat' dir='ltr'><strong>rex</strong></span> <span class='ocrx_word' id='word_1_585' title='bbox 977 2717 1037 2751; x_wconf 81' lang='lat' dir='ltr'><strong>ipse</strong></span> 
     </span>
     <span class='ocr_line' id='line_1_60' title="bbox 140 2755 1037 2791; baseline 0.006 -11"><span class='ocrx_word' id='word_1_586' title='bbox 140 2755 311 2782; x_wconf 68' lang='lat' dir='ltr'><strong>“dominum</strong></span> <span class='ocrx_word' id='word_1_587' title='bbox 341 2763 442 2790; x_wconf 71' lang='lat' dir='ltr'><strong>papam</strong></span> <span class='ocrx_word' id='word_1_588' title='bbox 474 2757 639 2783; x_wconf 76' lang='lat' dir='ltr'><strong>Paschalem</strong></span> <span class='ocrx_word' id='word_1_589' title='bbox 667 2760 729 2783; x_wconf 76' lang='lat' dir='ltr'><strong>ems</strong></span> <span class='ocrx_word' id='word_1_590' title='bbox 757 2759 981 2791; x_wconf 80' lang='lat' dir='ltr'><strong>predecessorem</strong></span> <span class='ocrx_word' id='word_1_591' title='bbox 1009 2763 1037 2786; x_wconf 80' lang='lat' dir='ltr'><strong>et</strong></span> 
     </span>
     <span class='ocr_line' id='line_1_61' title="bbox 137 2797 1036 2833; baseline 0.004 -10"><span class='ocrx_word' id='word_1_592' title='bbox 137 2797 322 2824; x_wconf 69' lang='lat' dir='ltr'><strong>‘cardinales</strong></span> <span class='ocrx_word' id='word_1_593' title='bbox 341 2799 443 2825; x_wconf 74' lang='lat' dir='ltr'><strong>{raude</strong></span> <span class='ocrx_word' id='word_1_594' title='bbox 462 2802 491 2824; x_wconf 85' lang='lat' dir='ltr'><strong>et</strong></span> <span class='ocrx_word' id='word_1_595' title='bbox 510 2800 578 2825; x_wconf 84' lang='lat' dir='ltr'><strong>dolo</strong></span> <span class='ocrx_word' id='word_1_596' title='bbox 598 2801 729 2833; x_wconf 77' lang='lat' dir='ltr'><strong>cepisset,</strong></span> <span class='ocrx_word' id='word_1_597' title='bbox 750 2801 855 2833; x_wconf 83' lang='lat' dir='ltr'><strong>absque</strong></span> <span class='ocrx_word' id='word_1_598' title='bbox 875 2809 964 2832; x_wconf 80' lang='lat' dir='ltr'><strong>mora,</strong></span> <span class='ocrx_word' id='word_1_599' title='bbox 977 2809 1036 2828; x_wconf 83' lang='lat' dir='ltr'><strong>car-</strong></span> 
     </span>
     <span class='ocr_line' id='line_1_62' title="bbox 137 2837 1034 2877; baseline 0.006 -11"><span class='ocrx_word' id='word_1_600' title='bbox 137 2837 307 2867; x_wconf 61' lang='lat' dir='ltr'><strong>‘&#39;dinaubus</strong></span> <span class='ocrx_word' id='word_1_601' title='bbox 327 2843 504 2874; x_wconf 73' lang='lat' dir='ltr'><strong>convocatis,</strong></span> <span class='ocrx_word' id='word_1_602' title='bbox 526 2842 642 2867; x_wconf 81' lang='lat' dir='ltr'><strong>fluvium</strong></span> <span class='ocrx_word' id='word_1_603' title='bbox 669 2843 789 2876; x_wconf 85' lang='lat' dir='ltr'><strong>Tyberis</strong></span> <span class='ocrx_word' id='word_1_604' title='bbox 809 2844 952 2877; x_wconf 76' lang='lat' dir='ltr'><strong>Ingressus</strong></span> <span class='ocrx_word' id='word_1_605' title='bbox 977 2847 1034 2875; x_wconf 80' lang='lat' dir='ltr'><strong>est:</strong></span> 
     </span>
     <span class='ocr_line' id='line_1_63' title="bbox 136 2883 1036 2920; baseline 0.006 -12"><span class='ocrx_word' id='word_1_606' title='bbox 136 2883 264 2909; x_wconf 72' lang='lat' dir='ltr'><strong>“deinde</strong></span> <span class='ocrx_word' id='word_1_607' title='bbox 282 2885 428 2917; x_wconf 77' lang='lat' dir='ltr'><strong>prosperis</strong></span> <span class='ocrx_word' id='word_1_608' title='bbox 450 2887 550 2919; x_wconf 12' lang='lat' dir='ltr'><strong>*ventis</strong></span> <span class='ocrx_word' id='word_1_609' title='bbox 576 2892 652 2910; x_wconf 86' lang='lat' dir='ltr'><strong>mare</strong></span> <span class='ocrx_word' id='word_1_610' title='bbox 676 2887 820 2912; x_wconf 77' lang='lat' dir='ltr'><strong>sulcantes</strong></span> <span class='ocrx_word' id='word_1_611' title='bbox 845 2890 1036 2920; x_wconf 76' lang='lat' dir='ltr'><strong>pervenerunt</strong></span> 
     </span>
     <span class='ocr_line' id='line_1_64' title="bbox 137 2925 1036 2964; baseline 0.006 -13"><span class='ocrx_word' id='word_1_612' title='bbox 137 2926 150 2940; x_wconf 86' lang='lat'><strong>‘¹</strong></span> <span class='ocrx_word' id='word_1_613' title='bbox 164 2925 292 2951; x_wconf 65' lang='lat' dir='ltr'><strong>Calenam</strong></span> <span class='ocrx_word' id='word_1_614' title='bbox 302 2943 325 2957; x_wconf 61' lang='grc' dir='ltr'><strong>η.</strong></span> <span class='ocrx_word' id='word_1_615' title='bbox 345 2927 471 2952; x_wconf 75' lang='lat' dir='ltr'><strong>Camillo</strong></span> <span class='ocrx_word' id='word_1_616' title='bbox 491 2926 667 2959; x_wconf 74' lang='lat' dir='ltr'><strong>Peuegrino,</strong></span> <span class='ocrx_word' id='word_1_617' title='bbox 695 2930 722 2953; x_wconf 89' lang='lat' dir='ltr'><strong>in</strong></span> <span class='ocrx_word' id='word_1_618' title='bbox 743 2929 807 2954; x_wconf 70' lang='lat' dir='ltr'><strong>Dan</strong></span> <span class='ocrx_word' id='word_1_619' title='bbox 825 2929 879 2959; x_wconf 63' lang='lat' dir='ltr'><strong>RE,</strong></span> <span class='ocrx_word' id='word_1_620' title='bbox 903 2929 925 2960; x_wconf 87' lang='lat'><strong>1,</strong></span> <span class='ocrx_word' id='word_1_621' title='bbox 946 2934 997 2964; x_wconf 77' lang='lat'><strong>259</strong></span> <span class='ocrx_word' id='word_1_622' title='bbox 1022 2939 1036 2956; x_wconf 88' lang='lat' dir='ltr'><strong>e</strong></span> 
     </span>
     <span class='ocr_line' id='line_1_65' title="bbox 135 2967 1037 3004; baseline 0.007 -12"><span class='ocrx_word' id='word_1_623' title='bbox 135 2967 194 2998; x_wconf 84' lang='lat'><strong>260,</strong></span> <span class='ocrx_word' id='word_1_624' title='bbox 214 2969 249 2992; x_wconf 82' lang='lat' dir='ltr'><strong>ha</strong></span> <span class='ocrx_word' id='word_1_625' title='bbox 268 2969 323 2993; x_wconf 81' lang='lat' dir='ltr'><strong>ben</strong></span> <span class='ocrx_word' id='word_1_626' title='bbox 343 2969 515 2993; x_wconf 74' lang='lat' dir='ltr'><strong>dImostrato</strong></span> <span class='ocrx_word' id='word_1_627' title='bbox 535 2971 585 2994; x_wconf 83' lang='lat' dir='ltr'><strong>che</strong></span> <span class='ocrx_word' id='word_1_628' title='bbox 604 2971 654 3002; x_wconf 79' lang='lat' dir='ltr'><strong>qui</strong></span> <span class='ocrx_word' id='word_1_629' title='bbox 674 2970 803 2996; x_wconf 78' lang='lat' dir='ltr'><strong>Calenum</strong></span> <span class='ocrx_word' id='word_1_630' title='bbox 818 2971 879 2996; x_wconf 76' lang='lat' dir='ltr'><strong>vale</strong></span> <span class='ocrx_word' id='word_1_631' title='bbox 895 2971 1037 3004; x_wconf 74' lang='lat' dir='ltr'><strong>Gaymm,</strong></span> 
     </span>
     <span class='ocr_line' id='line_1_66' title="bbox 134 3011 1037 3047; baseline 0.006 -12"><span class='ocrx_word' id='word_1_632' title='bbox 134 3017 212 3035; x_wconf 87' lang='lat' dir='ltr'><strong>come</strong></span> <span class='ocrx_word' id='word_1_633' title='bbox 232 3011 277 3035; x_wconf 85' lang='lat' dir='ltr'><strong>del</strong></span> <span class='ocrx_word' id='word_1_634' title='bbox 307 3013 382 3036; x_wconf 79' lang='lat' dir='ltr'><strong>resto</strong></span> <span class='ocrx_word' id='word_1_635' title='bbox 402 3013 426 3036; x_wconf 76' lang='lat' dir='ltr'><strong>si</strong></span> <span class='ocrx_word' id='word_1_636' title='bbox 452 3012 488 3036; x_wconf 73' lang='lat' dir='ltr'><strong>ha</strong></span> <span class='ocrx_word' id='word_1_637' title='bbox 509 3012 584 3036; x_wconf 85' lang='lat' dir='ltr'><strong>nelle</strong></span> <span class='ocrx_word' id='word_1_638' title='bbox 614 3014 672 3038; x_wconf 81' lang='lat' dir='ltr'><strong>vite</strong></span> <span class='ocrx_word' id='word_1_639' title='bbox 691 3013 736 3038; x_wconf 86' lang='lat' dir='ltr'><strong>dei</strong></span> <span class='ocrx_word' id='word_1_640' title='bbox 758 3015 826 3047; x_wconf 79' lang='lat' dir='ltr'><strong>papi</strong></span> <span class='ocrx_word' id='word_1_641' title='bbox 847 3014 876 3039; x_wconf 87' lang='lat' dir='ltr'><strong>dl</strong></span> <span class='ocrx_word' id='word_1_642' title='bbox 905 3014 1037 3040; x_wconf 82' lang='lat' dir='ltr'><strong>Bosone:</strong></span> 
     </span>
    </p>
   </div>
   <div class='ocr_carea' id='block_1_18' title="bbox 270 3107 576 3143">
    <p class='ocr_par' dir='ltr' id='par_1_19' title="bbox 270 3107 576 3143">
     <span class='ocr_line' id='line_1_67' title="bbox 270 3107 576 3143; baseline 0.007 -11"><span class='ocrx_word' id='word_1_643' title='bbox 270 3107 303 3134; x_wconf 83' lang='lat' dir='ltr'><strong>T.</strong></span> <span class='ocrx_word' id='word_1_644' title='bbox 316 3109 378 3139; x_wconf 81' lang='lat' dir='ltr'><strong>VH,</strong></span> <span class='ocrx_word' id='word_1_645' title='bbox 397 3116 425 3142; x_wconf 87' lang='lat' dir='ltr'><strong>p.</strong></span> <span class='ocrx_word' id='word_1_646' title='bbox 446 3116 459 3134; x_wconf 84' lang='lat'>1</span> <span class='ocrx_word' id='word_1_647' title='bbox 479 3122 513 3127; x_wconf 97' lang='lat'><strong>—</strong></span> <span class='ocrx_word' id='word_1_648' title='bbox 537 3116 576 3143; x_wconf 81' lang='lat'><strong>14.</strong></span> 
     </span>
    </p>
   </div>
   <div class='ocr_carea' id='block_1_19' title="bbox 1092 1786 2004 2627">
    <p class='ocr_par' dir='ltr' id='par_1_20' title="bbox 1095 1786 1319 1820">
     <span class='ocr_line' id='line_1_68' title="bbox 1095 1786 1319 1820; baseline 0.009 -10"><span class='ocrx_word' id='word_1_649' title='bbox 1095 1786 1124 1810; x_wconf 76' lang='grc' dir='ltr'><strong>Ζ.</strong></span> <span class='ocrx_word' id='word_1_650' title='bbox 1144 1787 1184 1817; x_wconf 75' lang='lat' dir='ltr'><strong>R,</strong></span> <span class='ocrx_word' id='word_1_651' title='bbox 1203 1787 1237 1816; x_wconf 82' lang='grc' dir='ltr'><strong>ΙΙ,</strong></span> <span class='ocrx_word' id='word_1_652' title='bbox 1257 1786 1319 1820; x_wconf 85' lang='lat'>376.</span> 
     </span>
    </p>

    <p class='ocr_par' dir='ltr' id='par_1_21' title="bbox 1185 1826 1361 1854">
     <span class='ocr_line' id='line_1_69' title="bbox 1185 1826 1361 1854; baseline -0.006 0"><span class='ocrx_word' id='word_1_653' title='bbox 1185 1826 1196 1843; x_wconf 85' lang='lat'><strong>³</strong></span> <span class='ocrx_word' id='word_1_654' title='bbox 1216 1827 1361 1854; x_wconf 81' lang='lat' dir='ltr'><strong>Coimbra.</strong></span> 
     </span>
    </p>

    <p class='ocr_par' dir='ltr' id='par_1_22' title="bbox 1093 1868 2004 2157">
     <span class='ocr_line' id='line_1_70' title="bbox 1185 1868 2002 1904; baseline 0.005 -10"><span class='ocrx_word' id='word_1_655' title='bbox 1185 1868 1195 1885; x_wconf 80' lang='lat'><strong><em>⁴</em></strong></span> <span class='ocrx_word' id='word_1_656' title='bbox 1213 1870 1393 1896; x_wconf 56' lang='lat' dir='ltr'><strong>Linum-rus</strong></span> <span class='ocrx_word' id='word_1_657' title='bbox 1414 1878 1530 1900; x_wconf 74' lang='lat' dir='ltr'><strong>mmon.</strong></span> <span class='ocrx_word' id='word_1_658' title='bbox 1551 1879 1611 1904; x_wconf 79' lang='lat' dir='ltr'><strong>cap.</strong></span> <span class='ocrx_word' id='word_1_659' title='bbox 1632 1878 1665 1904; x_wconf 88' lang='lat'><strong>3²</strong></span> <span class='ocrx_word' id='word_1_660' title='bbox 1686 1873 1718 1896; x_wconf 89' lang='lat' dir='ltr'><strong>in</strong></span> <span class='ocrx_word' id='word_1_661' title='bbox 1737 1872 1911 1900; x_wconf 71' lang='lat' dir='ltr'><strong>MURATOM,</strong></span> <span class='ocrx_word' id='word_1_662' title='bbox 1926 1873 1958 1897; x_wconf 87' lang='lat' dir='ltr'><strong>R.</strong></span> <span class='ocrx_word' id='word_1_663' title='bbox 1978 1872 2002 1898; x_wconf 88' lang='lat' dir='ltr'><strong>I.</strong></span> 
     </span>
     <span class='ocr_line' id='line_1_71' title="bbox 1095 1912 2004 1947; baseline 0.003 -11"><span class='ocrx_word' id='word_1_664' title='bbox 1095 1912 1154 1943; x_wconf 60' lang='lat' dir='ltr'><strong>SS„</strong></span> <span class='ocrx_word' id='word_1_665' title='bbox 1174 1912 1207 1943; x_wconf 88' lang='lat' dir='ltr'><strong>V,</strong></span> <span class='ocrx_word' id='word_1_666' title='bbox 1227 1917 1291 1944; x_wconf 77' lang='lat'><strong>502:</strong></span> <span class='ocrx_word' id='word_1_667' title='bbox 1311 1913 1403 1936; x_wconf 76' lang='lat' dir='ltr'><strong>Meum</strong></span> <span class='ocrx_word' id='word_1_668' title='bbox 1422 1921 1515 1938; x_wconf 78' lang='lat' dir='ltr'><strong>nomen</strong></span> <span class='ocrx_word' id='word_1_669' title='bbox 1528 1917 1567 1938; x_wconf 78' lang='lat' dir='ltr'><strong>est</strong></span> <span class='ocrx_word' id='word_1_670' title='bbox 1580 1915 1737 1943; x_wconf 62' lang='lat' dir='ltr'><strong>Burdinus,</strong></span> <span class='ocrx_word' id='word_1_671' title='bbox 1749 1915 1797 1939; x_wconf 77' lang='lat' dir='ltr'><strong>sed</strong></span> <span class='ocrx_word' id='word_1_672' title='bbox 1809 1915 1915 1946; x_wconf 80' lang='lat' dir='ltr'><strong>quando</strong></span> <span class='ocrx_word' id='word_1_673' title='bbox 1930 1918 2004 1947; x_wconf 74' lang='lat' dir='ltr'><strong>papa</strong></span> 
     </span>
     <span class='ocr_line' id='line_1_72' title="bbox 1099 1953 2003 1988; baseline 0.003 -10"><span class='ocrx_word' id='word_1_674' title='bbox 1099 1953 1222 1979; x_wconf 70' lang='lat' dir='ltr'><strong>Urbanus</strong></span> <span class='ocrx_word' id='word_1_675' title='bbox 1233 1955 1370 1980; x_wconf 69' lang='lat' dir='ltr'><strong>ordinavit</strong></span> <span class='ocrx_word' id='word_1_676' title='bbox 1381 1963 1422 1979; x_wconf 81' lang='lat' dir='ltr'><strong>me</strong></span> <span class='ocrx_word' id='word_1_677' title='bbox 1435 1958 1597 1988; x_wconf 72' lang='lat' dir='ltr'><strong>episcopum,</strong></span> <span class='ocrx_word' id='word_1_678' title='bbox 1610 1958 1759 1982; x_wconf 75' lang='lat' dir='ltr'><strong>nominavit</strong></span> <span class='ocrx_word' id='word_1_679' title='bbox 1772 1964 1812 1981; x_wconf 85' lang='lat' dir='ltr'><strong>me</strong></span> <span class='ocrx_word' id='word_1_680' title='bbox 1824 1957 2003 1985; x_wconf 76' lang='lat' dir='ltr'><strong>Mauritium,</strong></span> 
     </span>
     <span class='ocr_line' id='line_1_73' title="bbox 1094 1994 2001 2029; baseline 0.001 -8"><span class='ocrx_word' id='word_1_681' title='bbox 1094 1994 1154 2021; x_wconf 75' lang='lat' dir='ltr'><strong>cosi</strong></span> <span class='ocrx_word' id='word_1_682' title='bbox 1175 1997 1237 2022; x_wconf 84' lang='lat' dir='ltr'><strong>dice</strong></span> <span class='ocrx_word' id='word_1_683' title='bbox 1255 1997 1314 2029; x_wconf 85' lang='lat' dir='ltr'><strong>egli</strong></span> <span class='ocrx_word' id='word_1_684' title='bbox 1333 1998 1433 2022; x_wconf 82' lang='lat' dir='ltr'><strong>stesso.</strong></span> <span class='ocrx_word' id='word_1_685' title='bbox 1465 1998 1585 2022; x_wconf 77' lang='lat' dir='ltr'><strong>Annales</strong></span> <span class='ocrx_word' id='word_1_686' title='bbox 1602 1998 1768 2028; x_wconf 68' lang='lat' dir='ltr'><strong>Pak‘denses,</strong></span> <span class='ocrx_word' id='word_1_687' title='bbox 1780 1999 1819 2023; x_wconf 81' lang='lat' dir='ltr'><strong>M.</strong></span> <span class='ocrx_word' id='word_1_688' title='bbox 1836 1999 1869 2024; x_wconf 84' lang='lat' dir='ltr'><strong>G.</strong></span> <span class='ocrx_word' id='word_1_689' title='bbox 1884 1999 1928 2028; x_wconf 67' lang='lat' dir='ltr'><strong>H„</strong></span> <span class='ocrx_word' id='word_1_690' title='bbox 1942 1998 2001 2028; x_wconf 80' lang='lat' dir='ltr'><em>SS.‚</em></span> 
     </span>
     <span class='ocr_line' id='line_1_74' title="bbox 1095 2038 2004 2074; baseline 0.001 -10"><span class='ocrx_word' id='word_1_691' title='bbox 1095 2038 1159 2064; x_wconf 84' lang='lat' dir='ltr'><strong>XV1</strong></span> <span class='ocrx_word' id='word_1_692' title='bbox 1186 2038 1235 2071; x_wconf 82' lang='lat'><strong>76:</strong></span> <span class='ocrx_word' id='word_1_693' title='bbox 1263 2040 1420 2064; x_wconf 74' lang='lat' dir='ltr'><strong>Burdinum</strong></span> <span class='ocrx_word' id='word_1_694' title='bbox 1448 2041 1487 2064; x_wconf 81' lang='lat' dir='ltr'><strong>sic</strong></span> <span class='ocrx_word' id='word_1_695' title='bbox 1512 2041 1726 2073; x_wconf 66' lang='lat' dir='ltr'><strong>cognominatum</strong></span> <span class='ocrx_word' id='word_1_696' title='bbox 1750 2043 1871 2074; x_wconf 66' lang='lat' dir='ltr'><strong>ingentes</strong></span> <span class='ocrx_word' id='word_1_697' title='bbox 1891 2044 2004 2073; x_wconf 74' lang='lat' dir='ltr'><strong>propter</strong></span> 
     </span>
     <span class='ocr_line' id='line_1_75' title="bbox 1093 2081 2003 2118; baseline 0.003 -13"><span class='ocrx_word' id='word_1_698' title='bbox 1093 2081 1181 2105; x_wconf 73' lang='lat' dir='ltr'><strong>asinos</strong></span> <span class='ocrx_word' id='word_1_699' title='bbox 1198 2083 1228 2106; x_wconf 74' lang='lat' dir='ltr'><strong>in</strong></span> <span class='ocrx_word' id='word_1_700' title='bbox 1246 2081 1382 2114; x_wconf 64' lang='lat' dir='ltr'><strong>Hispania</strong></span> <span class='ocrx_word' id='word_1_701' title='bbox 1400 2082 1594 2113; x_wconf 74' lang='lat' dir='ltr'><strong>habundantes,</strong></span> <span class='ocrx_word' id='word_1_702' title='bbox 1613 2090 1692 2115; x_wconf 80' lang='lat' dir='ltr'><strong>quem</strong></span> <span class='ocrx_word' id='word_1_703' title='bbox 1711 2083 1881 2118; x_wconf 79' lang='lat' dir='ltr'><strong>(imperator</strong></span> <span class='ocrx_word' id='word_1_704' title='bbox 1900 2084 2003 2108; x_wconf 82' lang='lat' dir='ltr'><strong>ilenri-</strong></span> 
     </span>
     <span class='ocr_line' id='line_1_76' title="bbox 1093 2122 1752 2157; baseline 0.006 -10"><span class='ocrx_word' id='word_1_705' title='bbox 1093 2122 1153 2155; x_wconf 85' lang='lat' dir='ltr'><strong>cus)</strong></span> <span class='ocrx_word' id='word_1_706' title='bbox 1175 2123 1333 2156; x_wconf 68' lang='lat' dir='ltr'><strong>Gregorium</strong></span> <span class='ocrx_word' id='word_1_707' title='bbox 1352 2125 1519 2156; x_wconf 73' lang='lat' dir='ltr'><strong>appeuavtt,·</strong></span> <span class='ocrx_word' id='word_1_708' title='bbox 1538 2127 1628 2157; x_wconf 75' lang='lat' dir='ltr'><strong>sicque</strong></span> <span class='ocrx_word' id='word_1_709' title='bbox 1649 2126 1752 2152; x_wconf 72' lang='lat' dir='ltr'><strong>sclsma.</strong></span> 
     </span>
    </p>

    <p class='ocr_par' dir='ltr' id='par_1_23' title="bbox 1184 2163 1316 2198">
     <span class='ocr_line' id='line_1_77' title="bbox 1184 2163 1316 2198; baseline 0.008 -8"><span class='ocrx_word' id='word_1_710' title='bbox 1184 2163 1196 2181; x_wconf 89' lang='lat'>⁵</span> <span class='ocrx_word' id='word_1_711' title='bbox 1216 2165 1316 2198; x_wconf 81' lang='lat' dir='ltr'><strong>Braga.</strong></span> 
     </span>
    </p>

    <p class='ocr_par' dir='ltr' id='par_1_24' title="bbox 1092 2207 2003 2627">
     <span class='ocr_line' id='line_1_78' title="bbox 1182 2207 2003 2243; baseline 0.002 -10"><span class='ocrx_word' id='word_1_712' title='bbox 1182 2208 1194 2227; x_wconf 76' lang='grc' dir='ltr'><strong>θ</strong></span> <span class='ocrx_word' id='word_1_713' title='bbox 1222 2207 1283 2234; x_wconf 87' lang='lat' dir='ltr'>Cf.:</span> <span class='ocrx_word' id='word_1_714' title='bbox 1312 2209 1494 2235; x_wconf 70' lang='lat' dir='ltr'><strong>Wiustnus</strong></span> <span class='ocrx_word' id='word_1_715' title='bbox 1520 2210 1824 2241; x_wconf 67' lang='lat' dir='ltr'><strong>MALMsssunoaxsxs,</strong></span> <span class='ocrx_word' id='word_1_716' title='bbox 1854 2212 1896 2236; x_wconf 86' lang='lat' dir='ltr'><strong>De</strong></span> <span class='ocrx_word' id='word_1_717' title='bbox 1919 2212 2003 2243; x_wconf 68' lang='lat' dir='ltr'><strong>gestis</strong></span> 
     </span>
     <span class='ocr_line' id='line_1_79' title="bbox 1092 2251 2003 2285; baseline 0.005 -11"><span class='ocrx_word' id='word_1_718' title='bbox 1092 2258 1188 2282; x_wconf 72' lang='lat' dir='ltr'><strong>regum</strong></span> <span class='ocrx_word' id='word_1_719' title='bbox 1204 2251 1366 2284; x_wconf 76' lang='lat' dir='ltr'><strong>Anglorum,</strong></span> <span class='ocrx_word' id='word_1_720' title='bbox 1386 2252 1420 2283; x_wconf 86' lang='lat' dir='ltr'><strong>V,</strong></span> <span class='ocrx_word' id='word_1_721' title='bbox 1439 2259 1500 2285; x_wconf 87' lang='lat'><strong>434.</strong></span> <span class='ocrx_word' id='word_1_722' title='bbox 1521 2252 1696 2280; x_wconf 69' lang='lat' dir='ltr'><strong>Oanfflucus</strong></span> <span class='ocrx_word' id='word_1_723' title='bbox 1708 2253 1842 2284; x_wconf 60' lang='lat' dir='ltr'><strong>Vri-ans,</strong></span> <span class='ocrx_word' id='word_1_724' title='bbox 1855 2254 1928 2279; x_wconf 67' lang='lat' dir='ltr'><strong>mss.</strong></span> <span class='ocrx_word' id='word_1_725' title='bbox 1941 2254 2003 2279; x_wconf 82' lang='lat' dir='ltr'><strong>eccl.</strong></span> 
     </span>
     <span class='ocr_line' id='line_1_80' title="bbox 1093 2292 2002 2328; baseline 0.004 -11"><span class='ocrx_word' id='word_1_726' title='bbox 1093 2292 1131 2317; x_wconf 84' lang='lat' dir='ltr'><strong>M.</strong></span> <span class='ocrx_word' id='word_1_727' title='bbox 1153 2293 1185 2318; x_wconf 83' lang='lat' dir='ltr'><strong>G.</strong></span> <span class='ocrx_word' id='word_1_728' title='bbox 1215 2293 1261 2323; x_wconf 62' lang='lat' dir='ltr'><strong>H„</strong></span> <span class='ocrx_word' id='word_1_729' title='bbox 1286 2293 1336 2323; x_wconf 66' lang='lat' dir='ltr'><strong>SS,</strong></span> <span class='ocrx_word' id='word_1_730' title='bbox 1364 2295 1425 2325; x_wconf 79' lang='lat' dir='ltr'><strong>XX,</strong></span> <span class='ocrx_word' id='word_1_731' title='bbox 1446 2300 1488 2328; x_wconf 86' lang='lat'><strong>75.</strong></span> <span class='ocrx_word' id='word_1_732' title='bbox 1527 2295 1620 2324; x_wconf 80' lang='lat' dir='ltr'><strong>Tutto</strong></span> <span class='ocrx_word' id='word_1_733' title='bbox 1647 2296 1670 2321; x_wconf 93' lang='lat' dir='ltr'><strong>il</strong></span> <span class='ocrx_word' id='word_1_734' title='bbox 1695 2303 1792 2321; x_wconf 77' lang='lat' dir='ltr'><strong>cursus</strong></span> <span class='ocrx_word' id='word_1_735' title='bbox 1815 2296 1945 2321; x_wconf 76' lang='lat' dir='ltr'><strong>honorum</strong></span> <span class='ocrx_word' id='word_1_736' title='bbox 1970 2296 2002 2321; x_wconf 85' lang='lat' dir='ltr'><strong>di</strong></span> 
     </span>
     <span class='ocr_line' id='line_1_81' title="bbox 1094 2337 2001 2370; baseline 0.004 -10"><span class='ocrx_word' id='word_1_737' title='bbox 1094 2337 1194 2368; x_wconf 85' lang='lat' dir='ltr'><strong>questo</strong></span> <span class='ocrx_word' id='word_1_738' title='bbox 1213 2338 1352 2370; x_wconf 82' lang='lat' dir='ltr'><strong>antipapa</strong></span> <span class='ocrx_word' id='word_1_739' title='bbox 1367 2339 1388 2362; x_wconf 89' lang='lat' dir='ltr'><strong>si</strong></span> <span class='ocrx_word' id='word_1_740' title='bbox 1404 2339 1440 2362; x_wconf 85' lang='lat' dir='ltr'><strong>ha</strong></span> <span class='ocrx_word' id='word_1_741' title='bbox 1460 2339 1588 2363; x_wconf 75' lang='lat' dir='ltr'><strong>raccolte</strong></span> <span class='ocrx_word' id='word_1_742' title='bbox 1604 2339 1806 2369; x_wconf 70' lang='lat' dir='ltr'><strong>inBALuzws,</strong></span> <span class='ocrx_word' id='word_1_743' title='bbox 1819 2339 2001 2370; x_wconf 52' lang='lat' dir='ltr'><strong>Mira-ellonem</strong></span> 
     </span>
     <span class='ocr_line' id='line_1_82' title="bbox 1095 2379 1999 2414; baseline 0.004 -11"><span class='ocrx_word' id='word_1_744' title='bbox 1095 2379 1152 2403; x_wconf 73' lang='lat' dir='ltr'><strong>vol.</strong></span> <span class='ocrx_word' id='word_1_745' title='bbox 1181 2379 1203 2411; x_wconf 83' lang='grc' dir='ltr'><strong>Ι,</strong></span> <span class='ocrx_word' id='word_1_746' title='bbox 1228 2386 1275 2413; x_wconf 90' lang='lat' dir='ltr'><strong>pp.</strong></span> <span class='ocrx_word' id='word_1_747' title='bbox 1306 2379 1430 2414; x_wconf 85' lang='lat'>137-148.</span> <span class='ocrx_word' id='word_1_748' title='bbox 1468 2381 1509 2405; x_wconf 84' lang='lat' dir='ltr'><strong>Fu</strong></span> <span class='ocrx_word' id='word_1_749' title='bbox 1536 2389 1659 2406; x_wconf 87' lang='lat' dir='ltr'><strong>monaco</strong></span> <span class='ocrx_word' id='word_1_750' title='bbox 1678 2382 1868 2411; x_wconf 79' lang='lat' dir='ltr'><strong>cluniacense,</strong></span> <span class='ocrx_word' id='word_1_751' title='bbox 1898 2382 1999 2414; x_wconf 85' lang='lat' dir='ltr'><strong>quindi</strong></span> 
     </span>
     <span class='ocr_line' id='line_1_83' title="bbox 1093 2422 2001 2456; baseline 0.004 -11"><span class='ocrx_word' id='word_1_752' title='bbox 1093 2422 1248 2452; x_wconf 83' lang='lat' dir='ltr'><strong>Bemardo,</strong></span> <span class='ocrx_word' id='word_1_753' title='bbox 1268 2423 1348 2448; x_wconf 78' lang='lat' dir='ltr'><strong>detto</strong></span> <span class='ocrx_word' id='word_1_754' title='bbox 1369 2422 1482 2456; x_wconf 75' lang='lat' dir='ltr'><strong>Fleury,</strong></span> <span class='ocrx_word' id='word_1_755' title='bbox 1502 2426 1688 2449; x_wconf 79' lang='lat' dir='ltr'><strong>arcivescovo</strong></span> <span class='ocrx_word' id='word_1_756' title='bbox 1708 2424 1737 2449; x_wconf 88' lang='lat' dir='ltr'><strong>di</strong></span> <span class='ocrx_word' id='word_1_757' title='bbox 1759 2425 1873 2450; x_wconf 88' lang='lat' dir='ltr'><strong>Toledo</strong></span> <span class='ocrx_word' id='word_1_758' title='bbox 1892 2425 1920 2449; x_wconf 88' lang='lat' dir='ltr'><strong>lo</strong></span> <span class='ocrx_word' id='word_1_759' title='bbox 1941 2425 2001 2449; x_wconf 81' lang='lat' dir='ltr'><strong>fece</strong></span> 
     </span>
     <span class='ocr_line' id='line_1_84' title="bbox 1093 2465 2000 2500; baseline 0.004 -12"><span class='ocrx_word' id='word_1_760' title='bbox 1093 2471 1146 2490; x_wconf 84' lang='lat' dir='ltr'><strong>suo</strong></span> <span class='ocrx_word' id='word_1_761' title='bbox 1164 2465 1352 2490; x_wconf 78' lang='lat' dir='ltr'><strong>arcidiacono</strong></span> <span class='ocrx_word' id='word_1_762' title='bbox 1372 2473 1388 2491; x_wconf 81' lang='lat' dir='ltr'><strong>e</strong></span> <span class='ocrx_word' id='word_1_763' title='bbox 1406 2467 1454 2500; x_wconf 76' lang='lat' dir='ltr'><strong>poi</strong></span> <span class='ocrx_word' id='word_1_764' title='bbox 1471 2474 1594 2492; x_wconf 83' lang='lat' dir='ltr'><strong>vescovo</strong></span> <span class='ocrx_word' id='word_1_765' title='bbox 1608 2468 1638 2492; x_wconf 85' lang='lat' dir='ltr'><strong>di</strong></span> <span class='ocrx_word' id='word_1_766' title='bbox 1653 2466 1800 2492; x_wconf 80' lang='lat' dir='ltr'><strong>Coimbra.</strong></span> <span class='ocrx_word' id='word_1_767' title='bbox 1837 2467 1880 2492; x_wconf 80' lang='lat' dir='ltr'><strong>Fu</strong></span> <span class='ocrx_word' id='word_1_768' title='bbox 1893 2474 1910 2492; x_wconf 82' lang='lat' dir='ltr'><strong>a</strong></span> <span class='ocrx_word' id='word_1_769' title='bbox 1926 2467 2000 2492; x_wconf 88' lang='lat' dir='ltr'><strong>Con-</strong></span> 
     </span>
     <span class='ocr_line' id='line_1_85' title="bbox 1094 2508 2000 2542; baseline 0.002 -10"><span class='ocrx_word' id='word_1_770' title='bbox 1094 2508 1288 2540; x_wconf 79' lang='lat' dir='ltr'><strong>stantinopoli</strong></span> <span class='ocrx_word' id='word_1_771' title='bbox 1317 2509 1363 2533; x_wconf 89' lang='lat' dir='ltr'><strong>nel</strong></span> <span class='ocrx_word' id='word_1_772' title='bbox 1398 2510 1466 2533; x_wconf 72' lang='lat'>1108</span> <span class='ocrx_word' id='word_1_773' title='bbox 1498 2517 1551 2534; x_wconf 74' lang='lat' dir='ltr'><strong>con</strong></span> <span class='ocrx_word' id='word_1_774' title='bbox 1582 2510 1706 2539; x_wconf 76' lang='lat' dir='ltr'><strong>Alessio,</strong></span> <span class='ocrx_word' id='word_1_775' title='bbox 1740 2510 1769 2534; x_wconf 85' lang='lat' dir='ltr'><strong>di</strong></span> <span class='ocrx_word' id='word_1_776' title='bbox 1799 2508 1827 2534; x_wconf 67' lang='lat' dir='ltr'><strong>la</strong></span> <span class='ocrx_word' id='word_1_777' title='bbox 1858 2509 1943 2542; x_wconf 71' lang='lat' dir='ltr'><strong>passo</strong></span> <span class='ocrx_word' id='word_1_778' title='bbox 1969 2510 2000 2534; x_wconf 87' lang='lat' dir='ltr'><strong>in</strong></span> 
     </span>
     <span class='ocr_line' id='line_1_86' title="bbox 1092 2549 1997 2584; baseline 0.002 -10"><span class='ocrx_word' id='word_1_779' title='bbox 1092 2549 1262 2583; x_wconf 82' lang='lat' dir='ltr'><strong>Portogallo</strong></span> <span class='ocrx_word' id='word_1_780' title='bbox 1276 2558 1290 2575; x_wconf 88' lang='lat' dir='ltr'><strong>e</strong></span> <span class='ocrx_word' id='word_1_781' title='bbox 1302 2551 1333 2575; x_wconf 75' lang='lat' dir='ltr'><strong>fu</strong></span> <span class='ocrx_word' id='word_1_782' title='bbox 1346 2558 1469 2576; x_wconf 80' lang='lat' dir='ltr'><strong>vescovo</strong></span> <span class='ocrx_word' id='word_1_783' title='bbox 1485 2552 1515 2576; x_wconf 83' lang='lat' dir='ltr'><strong>di</strong></span> <span class='ocrx_word' id='word_1_784' title='bbox 1528 2552 1628 2584; x_wconf 81' lang='lat' dir='ltr'><strong>Braga.</strong></span> <span class='ocrx_word' id='word_1_785' title='bbox 1666 2552 1702 2576; x_wconf 90' lang='lat' dir='ltr'><strong>Di</strong></span> <span class='ocrx_word' id='word_1_786' title='bbox 1719 2550 1747 2577; x_wconf 66' lang='lat' dir='ltr'><strong>la</strong></span> <span class='ocrx_word' id='word_1_787' title='bbox 1760 2550 1846 2584; x_wconf 73' lang='lat' dir='ltr'><strong>passo</strong></span> <span class='ocrx_word' id='word_1_788' title='bbox 1866 2552 1897 2576; x_wconf 82' lang='lat' dir='ltr'><strong>in</strong></span> <span class='ocrx_word' id='word_1_789' title='bbox 1911 2552 1997 2577; x_wconf 78' lang='lat' dir='ltr'><strong>Italia</strong></span> 
     </span>
     <span class='ocr_line' id='line_1_87' title="bbox 1093 2593 1444 2627; baseline 0.011 -12"><span class='ocrx_word' id='word_1_790' title='bbox 1093 2593 1167 2617; x_wconf 82' lang='lat' dir='ltr'><strong>dove</strong></span> <span class='ocrx_word' id='word_1_791' title='bbox 1187 2594 1288 2618; x_wconf 82' lang='lat' dir='ltr'><strong>rimase</strong></span> <span class='ocrx_word' id='word_1_792' title='bbox 1310 2602 1324 2618; x_wconf 83' lang='lat' dir='ltr'><strong>a</strong></span> <span class='ocrx_word' id='word_1_793' title='bbox 1346 2594 1444 2627; x_wconf 83' lang='lat' dir='ltr'><strong>lungo.</strong></span> 
     </span>
    </p>
   </div>
   <div class='ocr_carea' id='block_1_20' title="bbox 2031 1795 2063 1822">
    <p class='ocr_par' dir='ltr' id='par_1_25' title="bbox 2031 1795 2063 1822">
     <span class='ocr_line' id='line_1_88' title="bbox 2031 1795 2063 1822; baseline 0 0"><span class='ocrx_word' id='word_1_794' title='bbox 2031 1795 2063 1822; x_wconf 77' lang='lat'><strong>35</strong></span> 
     </span>
    </p>
   </div>
   <div class='ocr_carea' id='block_1_21' title="bbox 2031 2011 2067 2037">
    <p class='ocr_par' dir='ltr' id='par_1_26' title="bbox 2031 2011 2067 2037">
     <span class='ocr_line' id='line_1_89' title="bbox 2031 2011 2067 2037; baseline 0 -9"><span class='ocrx_word' id='word_1_795' title='bbox 2031 2011 2067 2037; x_wconf 89' lang='lat'><strong>40</strong></span> 
     </span>
    </p>
   </div>
   <div class='ocr_carea' id='block_1_22' title="bbox 2030 2226 2062 2252">
    <p class='ocr_par' dir='ltr' id='par_1_27' title="bbox 2030 2226 2062 2252">
     <span class='ocr_line' id='line_1_90' title="bbox 2030 2226 2062 2252; baseline -0.031 0"><span class='ocrx_word' id='word_1_796' title='bbox 2030 2226 2062 2252; x_wconf 81' lang='lat'><strong>45</strong></span> 
     </span>
    </p>
   </div>
   <div class='ocr_carea' id='block_1_23' title="bbox 2030 2441 2064 2467">
    <p class='ocr_par' dir='ltr' id='par_1_28' title="bbox 2030 2441 2064 2467">
     <span class='ocr_line' id='line_1_91' title="bbox 2030 2441 2064 2467; baseline 0 -9"><span class='ocrx_word' id='word_1_797' title='bbox 2030 2441 2064 2467; x_wconf 73' lang='lat'><strong>50</strong></span> 
     </span>
    </p>
   </div>
   <div class='ocr_carea' id='block_1_24' title="bbox 1091 2633 2060 2711">
    <p class='ocr_par' dir='ltr' id='par_1_29' title="bbox 1091 2633 2060 2711">
     <span class='ocr_line' id='line_1_92' title="bbox 1181 2633 2060 2670; baseline 0.001 -10"><span class='ocrx_word' id='word_1_798' title='bbox 1181 2633 1193 2651; x_wconf 90' lang='lat'>⁷</span> <span class='ocrx_word' id='word_1_799' title='bbox 1212 2635 1295 2660; x_wconf 82' lang='lat' dir='ltr'><strong>Nella</strong></span> <span class='ocrx_word' id='word_1_800' title='bbox 1317 2637 1420 2661; x_wconf 68' lang='lat' dir='ltr'><strong>sinodo</strong></span> <span class='ocrx_word' id='word_1_801' title='bbox 1441 2637 1645 2662; x_wconf 61' lang='lat' dir='ltr'><strong>Beneventum</strong></span> <span class='ocrx_word' id='word_1_802' title='bbox 1665 2637 1792 2670; x_wconf 83' lang='lat' dir='ltr'><strong>dell’apr.</strong></span> <span class='ocrx_word' id='word_1_803' title='bbox 1823 2643 1888 2670; x_wconf 80' lang='lat'><strong>1117</strong></span> <span class='ocrx_word' id='word_1_804' title='bbox 1916 2636 1999 2662; x_wconf 84' lang='lat' dir='ltr'><strong>Gela·</strong></span> <span class='ocrx_word' id='word_1_805' title='bbox 2033 2660 2060 2666; x_wconf 82' lang='grc'><strong>,,</strong></span> 
     </span>
     <span class='ocr_line' id='line_1_93' title="bbox 1091 2668 2060 2711; baseline 0.002 -10"><span class='ocrx_word' id='word_1_806' title='bbox 1091 2677 1136 2702; x_wconf 76' lang='lat' dir='ltr'><strong>sio</strong></span> <span class='ocrx_word' id='word_1_807' title='bbox 1154 2677 1181 2702; x_wconf 88' lang='lat'><strong>11</strong></span> <span class='ocrx_word' id='word_1_808' title='bbox 1199 2678 1367 2703; x_wconf 75' lang='lat' dir='ltr'><strong>scomunico</strong></span> <span class='ocrx_word' id='word_1_809' title='bbox 1388 2679 1538 2704; x_wconf 84' lang='lat' dir='ltr'><strong>Maurizio.</strong></span> <span class='ocrx_word' id='word_1_810' title='bbox 1578 2680 1623 2704; x_wconf 77' lang='lat' dir='ltr'><strong>Cf.</strong></span> <span class='ocrx_word' id='word_1_811' title='bbox 1646 2682 1673 2704; x_wconf 84' lang='lat' dir='ltr'><strong>in</strong></span> <span class='ocrx_word' id='word_1_812' title='bbox 1697 2680 1859 2711; x_wconf 59' lang='lat' dir='ltr'><strong>amoinus,</strong></span> <span class='ocrx_word' id='word_1_813' title='bbox 1883 2679 2001 2705; x_wconf 75' lang='lat' dir='ltr'><strong>Annales</strong></span> <span class='ocrx_word' id='word_1_814' title='bbox 2030 2668 2060 2685; x_wconf 67' lang='lat'><strong>³³</strong></span> 
     </span>
    </p>
   </div>
   <div class='ocr_carea' id='block_1_25' title="bbox 1089 2719 2000 3042">
    <p class='ocr_par' dir='ltr' id='par_1_30' title="bbox 1089 2719 2000 2968">
     <span class='ocr_line' id='line_1_94' title="bbox 1090 2719 2000 2755; baseline 0.002 -12"><span class='ocrx_word' id='word_1_815' title='bbox 1090 2719 1260 2745; x_wconf 70' lang='lat' dir='ltr'><strong>ecclesiastici</strong></span> <span class='ocrx_word' id='word_1_816' title='bbox 1275 2729 1292 2745; x_wconf 84' lang='lat' dir='ltr'><em>a</em></span> <span class='ocrx_word' id='word_1_817' title='bbox 1307 2721 1418 2750; x_wconf 57' lang='lat' dir='ltr'><strong>‚Christo</strong></span> <span class='ocrx_word' id='word_1_818' title='bbox 1436 2725 1498 2746; x_wconf 83' lang='lat' dir='ltr'><strong>nato</strong></span> <span class='ocrx_word' id='word_1_819' title='bbox 1520 2723 1557 2745; x_wconf 80' lang='lat' dir='ltr'><strong>ad</strong></span> <span class='ocrx_word' id='word_1_820' title='bbox 1573 2729 1675 2746; x_wconf 78' lang='lat' dir='ltr'><strong>annum</strong></span> <span class='ocrx_word' id='word_1_821' title='bbox 1698 2721 1774 2755; x_wconf 84' lang='lat'><strong>1198,</strong></span> <span class='ocrx_word' id='word_1_822' title='bbox 1794 2721 1895 2754; x_wconf 78' lang='lat' dir='ltr'><strong>Roma,</strong></span> <span class='ocrx_word' id='word_1_823' title='bbox 1919 2720 2000 2755; x_wconf 79' lang='lat'>1578-</span> 
     </span>
     <span class='ocr_line' id='line_1_95' title="bbox 1093 2761 1999 2798; baseline 0.006 -12"><span class='ocrx_word' id='word_1_824' title='bbox 1093 2761 1171 2794; x_wconf 79' lang='lat'><strong>1583,</strong></span> <span class='ocrx_word' id='word_1_825' title='bbox 1189 2763 1247 2788; x_wconf 89' lang='lat' dir='ltr'><strong>vol.</strong></span> <span class='ocrx_word' id='word_1_826' title='bbox 1268 2764 1327 2791; x_wconf 80' lang='grc' dir='ltr'><strong>ΧΠ,</strong></span> <span class='ocrx_word' id='word_1_827' title='bbox 1345 2769 1403 2794; x_wconf 80' lang='lat'><strong>125,</strong></span> <span class='ocrx_word' id='word_1_828' title='bbox 1417 2772 1430 2788; x_wconf 87' lang='lat' dir='ltr'><strong>c</strong></span> <span class='ocrx_word' id='word_1_829' title='bbox 1446 2764 1588 2797; x_wconf 80' lang='lat' dir='ltr'><strong>i&#39;epistola</strong></span> <span class='ocrx_word' id='word_1_830' title='bbox 1603 2765 1631 2789; x_wconf 89' lang='lat' dir='ltr'><strong>di</strong></span> <span class='ocrx_word' id='word_1_831' title='bbox 1647 2764 1766 2790; x_wconf 79' lang='lat' dir='ltr'><strong>Gelasio</strong></span> <span class='ocrx_word' id='word_1_832' title='bbox 1781 2765 1819 2790; x_wconf 82' lang='lat'><strong>11:</strong></span> <span class='ocrx_word' id='word_1_833' title='bbox 1834 2765 1885 2791; x_wconf 77' lang='lat' dir='ltr'><strong>Ille</strong></span> <span class='ocrx_word' id='word_1_834' title='bbox 1898 2766 1999 2798; x_wconf 74' lang='lat' dir='ltr'><strong>(impe-</strong></span> 
     </span>
     <span class='ocr_line' id='line_1_96' title="bbox 1091 2803 2000 2841; baseline 0.006 -13"><span class='ocrx_word' id='word_1_835' title='bbox 1091 2803 1181 2836; x_wconf 80' lang='lat' dir='ltr'><strong>rator)</strong></span> <span class='ocrx_word' id='word_1_836' title='bbox 1204 2806 1296 2830; x_wconf 69' lang='lat' dir='ltr'><strong>statim</strong></span> <span class='ocrx_word' id='word_1_837' title='bbox 1325 2807 1367 2830; x_wconf 76' lang='lat' dir='ltr'><strong>die</strong></span> <span class='ocrx_word' id='word_1_838' title='bbox 1389 2809 1448 2838; x_wconf 77' lang='lat' dir='ltr'><strong>post</strong></span> <span class='ocrx_word' id='word_1_839' title='bbox 1471 2806 1623 2833; x_wconf 70' lang='lat' dir='ltr'><strong>electionem</strong></span> <span class='ocrx_word' id='word_1_840' title='bbox 1651 2810 1769 2834; x_wconf 75' lang='lat' dir='ltr'><strong>nostram</strong></span> <span class='ocrx_word' id='word_1_841' title='bbox 1794 2809 2000 2841; x_wconf 65' lang='lat' dir='ltr'><strong>quadragesimo</strong></span> 
     </span>
     <span class='ocr_line' id='line_1_97' title="bbox 1089 2848 2000 2883; baseline 0.005 -12"><span class='ocrx_word' id='word_1_842' title='bbox 1089 2851 1185 2878; x_wconf 75' lang='lat' dir='ltr'><strong>quarto</strong></span> <span class='ocrx_word' id='word_1_843' title='bbox 1203 2848 1368 2873; x_wconf 70' lang='lat' dir='ltr'><strong>Mammam</strong></span> <span class='ocrx_word' id='word_1_844' title='bbox 1391 2849 1602 2874; x_wconf 69' lang='lat' dir='ltr'><strong>Bracharentem</strong></span> <span class='ocrx_word' id='word_1_845' title='bbox 1616 2851 1778 2882; x_wconf 74' lang='lat' dir='ltr'><strong>episcopum,</strong></span> <span class='ocrx_word' id='word_1_846' title='bbox 1789 2859 1860 2876; x_wconf 80' lang='lat' dir='ltr'><strong>anno</strong></span> <span class='ocrx_word' id='word_1_847' title='bbox 1869 2852 2000 2883; x_wconf 74' lang='lat' dir='ltr'><strong>preterito</strong></span> 
     </span>
     <span class='ocr_line' id='line_1_98' title="bbox 1090 2890 1998 2925; baseline 0.006 -12"><span class='ocrx_word' id='word_1_848' title='bbox 1090 2898 1106 2913; x_wconf 83' lang='lat' dir='ltr'><em>a</em></span> <span class='ocrx_word' id='word_1_849' title='bbox 1125 2890 1230 2915; x_wconf 74' lang='lat' dir='ltr'><strong>domino</strong></span> <span class='ocrx_word' id='word_1_850' title='bbox 1245 2892 1424 2922; x_wconf 76' lang='lat' dir='ltr'><strong>predecessore</strong></span> <span class='ocrx_word' id='word_1_851' title='bbox 1441 2894 1528 2917; x_wconf 69' lang='lat' dir='ltr'><strong>nostro</strong></span> <span class='ocrx_word' id='word_1_852' title='bbox 1550 2892 1676 2918; x_wconf 58' lang='lat' dir='ltr'><strong>Pasa-halt</strong></span> <span class='ocrx_word' id='word_1_853' title='bbox 1689 2896 1762 2925; x_wconf 74' lang='lat' dir='ltr'><strong>popa</strong></span> <span class='ocrx_word' id='word_1_854' title='bbox 1781 2895 1809 2918; x_wconf 82' lang='lat' dir='ltr'><strong>in</strong></span> <span class='ocrx_word' id='word_1_855' title='bbox 1823 2893 1934 2918; x_wconf 72' lang='lat' dir='ltr'><strong>concila&#39;o</strong></span> <span class='ocrx_word' id='word_1_856' title='bbox 1949 2894 1998 2918; x_wconf 83' lang='lat' dir='ltr'><strong>Be-</strong></span> 
     </span>
     <span class='ocr_line' id='line_1_99' title="bbox 1089 2933 1999 2968; baseline 0.005 -12"><span class='ocrx_word' id='word_1_857' title='bbox 1089 2933 1198 2956; x_wconf 60' lang='lat' dir='ltr'><strong>uersanti</strong></span> <span class='ocrx_word' id='word_1_858' title='bbox 1202 2934 1457 2958; x_wconf 67' lang='lat' dir='ltr'><strong>excommumz-atum</strong></span> <span class='ocrx_word' id='word_1_859' title='bbox 1465 2935 1495 2959; x_wconf 75' lang='lat' dir='ltr'><strong>in</strong></span> <span class='ocrx_word' id='word_1_860' title='bbox 1502 2935 1598 2959; x_wconf 75' lang='lat' dir='ltr'><strong>matris</strong></span> <span class='ocrx_word' id='word_1_861' title='bbox 1606 2935 1709 2960; x_wconf 78' lang='lat' dir='ltr'><strong>ecclesie</strong></span> <span class='ocrx_word' id='word_1_862' title='bbox 1719 2936 1853 2967; x_wconf 73' lang='lat' dir='ltr'><strong>gremium</strong></span> <span class='ocrx_word' id='word_1_863' title='bbox 1864 2937 1999 2968; x_wconf 63' lang='lat' dir='ltr'><strong>Ingressu-</strong></span> 
     </span>
    </p>

    <p class='ocr_par' dir='ltr' id='par_1_31' title="bbox 1093 2972 2000 3042">
     <span class='ocr_line' id='line_1_100' title="bbox 1181 2972 2000 3011; baseline 0.005 -12"><span class='ocrx_word' id='word_1_864' title='bbox 1181 2972 1192 2990; x_wconf 72' lang='lat'>⁸</span> <span class='ocrx_word' id='word_1_865' title='bbox 1212 2975 1253 3000; x_wconf 81' lang='lat' dir='ltr'><strong>Fu</strong></span> <span class='ocrx_word' id='word_1_866' title='bbox 1277 2979 1447 3001; x_wconf 65' lang='lat' dir='ltr'><strong>comm-rato</strong></span> <span class='ocrx_word' id='word_1_867' title='bbox 1468 2980 1545 3010; x_wconf 72' lang='lat' dir='ltr'><strong>prete</strong></span> <span class='ocrx_word' id='word_1_868' title='bbox 1572 2985 1586 3001; x_wconf 80' lang='lat' dir='ltr'><strong>c</strong></span> <span class='ocrx_word' id='word_1_869' title='bbox 1606 2986 1678 3011; x_wconf 76' lang='lat' dir='ltr'><strong>papa</strong></span> <span class='ocrx_word' id='word_1_870' title='bbox 1700 2980 1744 3003; x_wconf 81' lang='lat' dir='ltr'><strong>nei</strong></span> <span class='ocrx_word' id='word_1_871' title='bbox 1766 2980 1864 3010; x_wconf 65' lang='lat' dir='ltr'><strong>gion-ni</strong></span> <span class='ocrx_word' id='word_1_872' title='bbox 1895 2987 1911 3011; x_wconf 89' lang='lat'>9</span> <span class='ocrx_word' id='word_1_873' title='bbox 1931 2987 1945 3003; x_wconf 86' lang='lat' dir='ltr'><strong>e</strong></span> <span class='ocrx_word' id='word_1_874' title='bbox 1970 2986 2000 3004; x_wconf 86' lang='lat'><strong>10</strong></span> 
     </span>
     <span class='ocr_line' id='line_1_101' title="bbox 1093 3023 1197 3042; baseline 0.01 -1"><span class='ocrx_word' id='word_1_875' title='bbox 1093 3023 1197 3042; x_wconf 80' lang='lat' dir='ltr'><strong>marzo.</strong></span> 
     </span>
    </p>
   </div>
   <div class='ocr_carea' id='block_1_26' title="bbox 2029 2867 2063 2891">
    <p class='ocr_par' dir='ltr' id='par_1_32' title="bbox 2029 2867 2063 2891">
     <span class='ocr_line' id='line_1_102' title="bbox 2029 2867 2063 2891; baseline 0 0"><span class='ocrx_word' id='word_1_876' title='bbox 2029 2867 2063 2891; x_wconf 84' lang='lat'><strong>60</strong></span> 
     </span>
    </p>
   </div>
  </div>
 </body>
</html>
