2398 3470
163 234 216 272 [A.
235 234 381 271 (3.1177]
745 226 1036 264 ROMUALDI
1063 223 1428 282 SALERNITANI

166 353 422 396 ‘perturbatum
444 354 528 397 quia
550 352 631 385 dum
652 353 690 385 in
713 352 809 385 facto
832 350 979 384 ecclesie
1003 349 1117 394 potius
1139 350 1302 383 uirtutem
1325 349 1482 392 potentie
1505 358 1609 392 quam
1623 347 1792 380 rationem
1809 346 1933 380 iustitie
1947 356 2010 380 uo-

167 406 309 439 “lumus
332 416 512 445 exercere,
534 411 672 439 constat
693 415 758 438 nos
779 405 816 437 in
840 400 994 438 errorem
1017 404 1140 437 merito
1165 402 1356 436 deuenisse.
1404 401 1537 435 Iustitia
1560 401 1652 434 enim
1683 400 1923 434 fortitudinem
1955 411 2010 433 re-

133 479 138 484 ·
168 458 298 501 “spuit,
322 459 455 502 equitas
477 458 680 491 uiolentiam
703 468 774 492 non
797 457 958 490 admittit.
1005 456 1134 500 Sicque
1158 457 1290 489 factum
1315 461 1378 495 est,
1401 455 1496 499 quod
1517 454 1587 493 ille,
1612 454 1671 498 qui
1695 454 1840 487 humilia
1869 452 2010 497 respicit

167 513 183 529 ⁴⁶
196 518 232 545 et
253 512 324 546 alta
346 523 367 545 a
389 512 492 556 longe
515 511 682 556 agnoscit,
706 510 897 553 potentiam
912 515 1065 543 nostram
1081 515 1117 542 et
1132 509 1277 542 aduerse
1294 508 1401 551 partis
1415 507 1646 541 humilitatem
1665 507 1899 547 considerans,
1915 516 2010 540 more

123 565 142 598 5
169 565 184 582 ‘⁶
197 575 259 598 suo
282 570 442 608 potentes
466 565 510 598 de
533 564 618 597 sede
642 563 812 607 deposuit,
835 569 870 595 et
892 563 1040 595 humiles
1055 562 1228 595 exaltauit.
1274 562 1347 595 Sed
1362 561 1443 604 quia
1458 561 1578 594 diuina
1594 560 1778 594 clementia
1793 570 1857 593 nos
1873 561 1918 594 ad
1934 570 2010 594 cor-

167 617 182 635 “
196 617 388 651 rectionem
424 623 575 650 nostram
599 617 643 649 ad
666 623 802 659 tempus
823 626 940 649 errare
962 615 1082 654 uoluit,
1106 615 1168 648 sed
1192 615 1334 648 deuiare
1358 614 1394 646 in
1416 620 1622 657 perpetuum
1646 623 1715 646 non
1738 613 1908 655 permisit:
1933 613 2010 646 uni—

167 671 183 688 “
196 680 298 703 uersa
322 671 388 704 hec
412 671 565 703 fidelium
589 669 690 703 turba
711 676 911 713 cognoscat,
934 669 1030 712 quod
1053 678 1117 701 nos
1140 668 1185 701 de
1208 674 1337 706 cetero,
1361 677 1480 700 errore
1496 666 1601 699 totius
1617 666 1779 700 falsitatis
1795 667 1949 707 abiecto,
1965 667 2010 700 ad

169 724 380 756 “ueritatem
405 724 650 762 conuertimur,
674 723 718 755 de
741 723 900 755 scismate
924 722 970 754 ad
992 723 1157 754 unitatem
1181 720 1335 754 redimus
1357 726 1391 753 et
1415 721 1462 753 ad
1484 720 1655 764 gremium
1678 720 1797 753 matris
1821 726 1934 753 nostre
1957 730 2012 752 sa-

166 777 182 794 “
196 783 378 810 crosancte
401 777 562 810 Romane
585 776 734 809 ecclesie
757 781 935 819 gratanter
957 775 1166 814 accedimus,
1190 775 1365 807 dominum
1388 773 1638 812 Alexandrum,
1661 774 1720 816 qui
1743 779 1796 806 est
1817 774 1853 806 in
1869 783 2011 816 presen-

172 830 334 870 “tim-um,
358 836 393 863 et
415 840 636 863 successores
658 830 730 862 eius
751 829 787 862 in
810 828 1020 861 catholicum
1043 838 1170 871 papam
1193 827 1381 870 recipimus
1403 832 1438 859 et
1459 826 1526 869 ipsi
1548 832 1726 870 tamquam
1749 826 1840 869 patri
1858 826 2011 859 debitam

167 886 182 901 ‘⁶
197 883 430 916 reuerentiam
455 883 624 916 exhibere
646 882 882 926 proponimus
928 882 1056 914 Pacem
1079 886 1231 914 nostram
1256 880 1419 918 ecclesie,
1442 879 1566 912 illustri
1587 879 1663 924 regi
1687 879 1806 913 Sicilie
1837 885 1872 912 et
1903 880 2009 913 Lom-

168 937 184 954 “
197 937 326 975 bardis,
349 936 438 969 sicut
461 936 551 969 inter
574 947 639 969 nos
660 935 856 969 ordinatum
879 942 932 968 est
954 940 990 967 et
1011 934 1228 977 dispositum,
1250 934 1470 974 reddimus„-

252 989 452 1032 Imperator'
474 989 584 1022 uerba
606 989 756 1022 finierat.
802 989 959 1032 Cumque
988 988 1025 1020 in
1056 986 1191 1020 laudem
1222 986 1295 1020 eius
1325 987 1384 1030 qui
1415 987 1562 1020 aderant
1591 986 1854 1025 acclamassent,
1883 988 2009 1020 iterum

42 1081 43 1086 ¹
164 1043 262 1076 facto
284 1043 434 1080 silentio,
457 1048 579 1075 sancta
601 1042 667 1074 Dei
690 1041 872 1085 euangelia
896 1051 974 1073 cum
997 1047 1196 1074 sanctorum
1219 1039 1374 1083 reliquiis
1396 1046 1431 1072 et
1454 1050 1560 1073 cruce
1583 1040 1628 1073 de
1651 1039 1745 1083 ligno
1767 1039 1908 1072 Domini
1931 1046 2012 1073 sunt

50 1092 52 1094 ¹
103 1095 142 1129 15
164 1095 337 1139 producta
358 1096 395 1127 in
417 1095 579 1128 medium.
624 1094 817 1127 Mandante
840 1094 956 1137 itaque
979 1094 1196 1136 imperatore,
1219 1103 1335 1126 comes
1357 1093 1530 1126 Henricus
1552 1094 1596 1126 de
1618 1093 1741 1126 Diessa
1763 1093 1800 1125 in
1815 1093 1932 1126 anima
1945 1094 2010 1126 im-

164 1148 334 1191 peratoris
356 1148 496 1187 iurauit,
519 1148 614 1191 quod
636 1148 709 1190 ipse
732 1157 857 1189 pacem
879 1146 1031 1180 ecclesie
1054 1153 1090 1180 et
1111 1146 1256 1190 imperii,
1279 1156 1404 1189 pacem
1425 1146 1518 1189 regis
1541 1145 1664 1179 Sicilie
1687 1157 1795 1190 usque
1826 1146 1872 1179 ad
1903 1156 2012 1179 annos

165 1201 366 1245 quindecim
390 1207 425 1234 et
448 1207 611 1244 treuguas
632 1199 908 1233 Lombardorum
931 1210 1041 1243 usque
1066 1199 1111 1232 ad
1134 1210 1243 1232 annos
1264 1208 1336 1238 sex,
1363 1198 1454 1232 sicut
1482 1209 1547 1242 per
1576 1199 1785 1232 mediatores
1815 1199 1899 1232 hinc
1929 1199 2011 1232 inde

164 1260 347 1289 tractatum
370 1260 406 1287 et
428 1253 597 1296 scriptum
621 1254 748 1291 fuerat,
770 1253 862 1286 bona
882 1253 963 1292 fide,
986 1253 1061 1285 sine
1083 1253 1209 1286 fraude
1233 1258 1268 1285 et
1290 1252 1380 1286 malo
1405 1252 1547 1296 ingenio
1562 1252 1705 1285 firmiter
1721 1252 1924 1285 obseruaret
1940 1252 1961 1292 ⁴,
1978 1259 2012 1286 et

166 1308 355 1341 Henricum
377 1317 498 1351 regem
521 1307 625 1339 filium
648 1317 747 1340 suum
769 1307 805 1339 id
826 1307 938 1349 ipsum
961 1307 1075 1339 iurare
1098 1307 1231 1339 faceret
1254 1312 1289 1339 et
1312 1316 1463 1339 seruare.
1509 1306 1648 1339 Dehinc
1673 1306 1859 1340 duodecim
1881 1307 2012 1349 princi-

99 1362 144 1394 20
164 1360 251 1404 pes¹
274 1361 422 1403 imperii,
445 1367 516 1392 tam
539 1360 772 1393 ecclesiastici
798 1370 900 1402 quam
931 1360 1116 1399 seculares,
1146 1360 1250 1392 tactis
1279 1360 1513 1393 sacrosanctis
1543 1359 1746 1403 euangeliis,
1777 1360 1880 1394 modo
1911 1360 2012 1393 simili

165 1413 376 1447 iurauerunt.
422 1412 586 1446 Protinus
609 1413 823 1446 Romoaldus
847 1407 1085 1445 Salernitanus
1108 1412 1393 1455 archiepiscopus
1414 1422 1571 1455 surgenS,
1595 1423 1658 1455 per
1681 1413 1803 1446 eadem
1830 1413 2012 1456 euangelia

166 1467 303 1506 iurauit,
327 1466 423 1511 quod
446 1472 628 1509 postquam
649 1466 838 1508 imperator
860 1466 998 1498 nuntios
1021 1475 1100 1498 suos
1121 1471 1267 1508 propter
1282 1465 1350 1498 hoc
1366 1465 1411 1498 ad
1427 1475 1547 1509 regem
1562 1465 1599 1498 in
1614 1465 1771 1499 Siciliam
1788 1465 1932 1505 miserit,
1946 1476 2012 1499 rex

167 1520 260 1554 infra
283 1521 431 1554 duorum
453 1519 623 1552 mensium
646 1519 795 1561 spatium
817 1528 882 1560 per
909 1518 1058 1562 aliquem
1089 1519 1285 1561 principum
1316 1528 1456 1551 suorum
1487 1518 1533 1551 de
1563 1518 1783 1552 obseruanda
1812 1519 2014 1562 imperatori

165 1583 254 1617 pace
277 1583 386 1617 usque
409 1573 455 1606 ad
478 1580 586 1606 annos
609 1572 809 1615 quindecim
832 1572 868 1604 in
891 1571 1006 1603 anima
1027 1581 1088 1604 sua
1112 1571 1228 1605 iurare
1251 1572 1372 1611 faciet,
1395 1577 1431 1605 et
1454 1572 1578 1605 decem
1608 1572 1785 1615 principes
1814 1583 1894 1606 suos
1921 1573 2015 1606 iura-

167 1633 320 1660 mentum
343 1626 418 1659 ueri
440 1626 552 1659 simile
574 1626 683 1658 faciet
706 1625 882 1658 exhibere.
927 1624 1054 1658 Comes
1076 1625 1179 1658 etiam
1202 1625 1412 1669 Roggerius,
1434 1625 1523 1658 sicut
1546 1625 1832 1668 archiepiscopus
1847 1626 1982 1660 fecerat
1991 1625 2014 1665 ³,

166 1679 204 1713 id
225 1679 338 1723 ipsum
361 1690 466 1712 manu
487 1690 549 1712 sua
573 1679 710 1711 iurauit.
756 1678 894 1710 Dehinc
915 1683 1074 1711 rectores
1096 1677 1316 1718 Lombardie,
1338 1678 1400 1721 qui
1420 1677 1470 1711 ibi
1492 1678 1649 1719 aderant,
1672 1679 1887 1720 iurauerunt,
1918 1680 2013 1723 quod

167 1742 276 1776 usque
295 1733 346 1766 ad
367 1743 428 1766 sex
451 1742 561 1765 annos
583 1732 676 1765 bona
700 1732 767 1765 fide
791 1738 826 1765 et
847 1732 921 1764 sine
953 1731 1079 1764 fraude
1110 1737 1272 1776 treuguas
1302 1731 1504 1774 imperatori
1535 1731 1773 1772 obser-narem,
1804 1733 1895 1766 sicut
1922 1732 2018 1767 inter

83 831 143 864 4ιο

38 1607 50 1670 'v
101 1625 143 1660 25

259 1863 284 1888 5.
301 1854 350 1880 Set
369 1855 394 1881 C
409 1861 423 1878 e
441 1854 532 1879 Arndt
553 1867 583 1872 -·
604 1853 628 1878 6.
648 1857 689 1878 set
710 1856 733 1879 C
749 1863 763 1878 e
781 1854 872 1878 Arndt
891 1868 922 1871 ——
943 1860 966 1885 7.
986 1854 1101 1879 obiecto
1120 1856 1161 1883 Α;
1181 1855 1226 1880 nel
1248 1856 1374 1887 margine
1397 1857 1497 1879 esterno
1522 1855 1553 1879 dn·
1569 1854 1602 1884 A,
1620 1855 1651 1878 di
1670 1862 1747 1879 mano
1765 1855 1809 1879 dcl
1825 1862 1872 1880 sec.
1891 1855 1982 1880 XVII
1992 1858 2019 1880 n·

167 1898 260 1931 lagga:
278 1897 399 1923 Redit-us
418 1897 600 1930 imperatoris
619 1898 654 1921 ati
674 1896 867 1922 obedientlam
886 1896 1016 1921 Romane
1035 1897 1160 1922 Ecclesie
1180 1911 1212 1916 —-
1232 1897 1257 1922 8.
1275 1897 1427 1922 schismate
1439 1897 1467 1921 B
1477 1905 1491 1921 e
1505 1897 1535 1927 C,
1549 1897 1626 1922 Sasso
1638 1905 1652 1921 e
1663 1897 1754 1922 Arndt
1767 1911 1799 1915 —
1815 1904 1855 1930 13.
1876 1905 2016 1931 quumque

172 1941 199 1966 B
215 1947 230 1964 e
247 1940 325 1965 Sauo
344 1953 377 1958 —
399 1947 439 1972 19.
457 1939 513 1963 Ne!
529 1940 651 1971 margine
668 1942 769 1964 esterno
787 1939 818 1962 di
835 1939 867 1968 A,
886 1946 962 1963 mano
981 1938 1025 1963 del
1040 1946 1089 1964 sec.
1107 1938 1198 1964 XVII
1209 1940 1314 1964 scrisse:
1334 1939 1527 1964 conditiones
1545 1940 1573 1964 et
1591 1941 1674 1972 pacta
1692 1941 1770 1973 pacis
1792 1942 1820 1964 et
1845 1940 2015 1965 concordiae

169 1982 277 2007 iuravit
295 1982 496 2016 Imperatorem
514 1981 688 2006 Fridericum
709 1981 812 2014 Regem
832 1980 933 2005 Sicilie
950 1982 978 2005 et
997 1980 1173 2006 Lombardos
1191 1995 1224 2000 —
1245 1988 1287 2006 22.
1306 1982 1425 2006 nuncios
1447 1982 1480 2010 B,
1495 1982 1524 2010 C,
1540 1982 1641 2007 Sassoe
1653 1982 1746 2006 Arndt
1758 1995 1790 2000 —
1803 1987 1846 2014 25.
1859 1982 2013 2016 Rogerium

123 2029 138 2055 5
172 2024 206 2054 B,
227 2025 256 2054 C,
275 2023 352 2049 Sauo
369 2032 383 2048 ε
400 2024 493 2050 Arndt
509 2038 543 2043 -
563 2022 657 2048 26.1n
674 2023 698 2048 A
716 2023 743 2047 la
760 2023 838 2048 solita
856 2030 932 2047 mano
950 2023 995 2047 del
1011 2030 1056 2048 tec,
1079 2022 1110 2047 Χ
1115 2023 1168 2048 111
1188 2024 1294 2048 scrinei
1320 2022 1496 2049 Romualdus
1522 2024 1606 2048 Arch.
1633 2023 1720 2049 Saler.
1745 2025 1852 2049 iuravit
1877 2032 1929 2058 pro
1954 2027 2012 2057 regi

170 2065 269 2091 Sicilie
288 2067 466 2092 observanda
486 2074 552 2099 pace
572 2073 621 2099 per
639 2073 730 2090 annos
748 2065 910 2098 quindecim

256 2166 263 2182 ⁴
283 2169 369 2198 80⁵0,
388 2169 467 2194 Liber
484 2168 595 2200 Pondfi,
622 2169 676 2193 loc.
697 2169 758 2193 cit.:
781 2168 794 2180 ‘⁴
805 2167 885 2192 Tunc
906 2169 1062 2200 imperator
1118 2169 1145 2193 la
1157 2169 1378 2194 testimonianza
1398 2169 1427 2193 di
1447 2169 1533 2200 Boso,
1561 2169 1621 2194 Vita
1634 2168 1793 2198 Auxanum,
1807 2170 1856 2194 che
1870 2171 1899 2194 in
1913 2172 2012 2201 questo

110 2299 142 2318 10

109 2510 139 2537 ις

108 2719 141 2738 20

107 2933 140 2960 25

168 2210 288 2236 ‘coram
301 2211 437 2244 pontifice
456 2213 544 2239 stans,
564 2211 594 2235 in
614 2211 758 2235 communi
778 2211 922 2235 auditorio
936 2211 1063 2244 precepit

167 2253 182 2268 ¹
192 2253 292 2279 comiti
305 2253 430 2279 Hem-ico
449 2255 483 2279 de
501 2254 558 2278 Des
577 2254 713 2285 quatInus
734 2254 762 2277 in
783 2254 880 2277 anima
893 2260 941 2277 sua
957 2254 1063 2278 iuraret

167 2295 182 2310 ¹¹
191 2296 267 2328 quod
286 2303 381 2328 pacem
407 2296 533 2321 Ecclesie
557 2297 641 2327 atque
667 2296 789 2327 imperii,
814 2297 841 2319 et
866 2302 962 2327 pacem
987 2295 1062 2328 regis

169 2336 183 2351 ⁸
193 2337 294 2363 Sicilie
307 2345 394 2370 usque
406 2338 442 2362 ad
454 2337 507 2363 XV
520 2344 620 2366 annos,
633 2338 662 2362 ct
675 2339 823 2369 treuguam
837 2337 1061 2362 Lombardorum

167 2378 182 2393 ¹¹
193 2387 209 2404 a
222 2380 364 2412 proximis
383 2379 520 2405 Kalendis
534 2380 648 2412 augusti
661 2386 749 2411 usque
765 2380 798 2404 ad
813 2386 862 2403 sex
875 2386 975 2408 annos,
988 2380 1063 2404 sicut

167 2420 182 2435 ¹
192 2429 242 2454 per
254 2422 424 2447 mediatores
436 2422 582 2454 utriusque
595 2421 686 2454 partis
698 2421 871 2453 dispositum
884 2423 912 2446 et
926 2422 1063 2454 scrIptum

168 2463 242 2493 ἐμὲ,
259 2464 336 2488 bona
354 2463 407 2489 fide
421 2464 554 2489 servabit.
591 2463 775 2488 Presentibus
793 2470 906 2495 quoque
926 2463 1063 2496 principi·

168 2505 243 2531 “bus
262 2506 471 2531 nichilominus
491 2507 575 2531 iussit
594 2506 668 2538 quod
689 2505 806 2531 eandem
825 2513 921 2539 pacem
942 2507 970 2531 et
988 2507 1063 2531 treu-

169 2545 275 2581 ‘guam
294 2549 402 2582 perstet
423 2550 552 2573 iurarent
575 2549 604 2573 et
622 2549 699 2573 bons
725 2548 778 2573 fide
802 2548 956 2573 servarent.
994 2547 1063 2573 Mox

167 2591 181 2605 ⁸
192 2590 301 2615 iuravit
327 2589 388 2622 ipse
413 2597 506 2615 comes
525 2597 610 2623 super
627 2591 727 2615 sancta
745 2590 799 2614 Del
819 2589 970 2622 evangelia
988 2591 1064 2615 sicut

170 2631 184 2645 ¹¹
196 2633 350 2665 imperator
368 2632 396 2656 ei
414 2634 587 2664 preceperat,
605 2634 633 2657 et
646 2639 800 2657 conversus
812 2633 847 2657 ad
863 2634 955 2666 ipsum
970 2633 1062 2657 dixit:

171 2674 184 2688 “
197 2674 243 2700 Sic
260 2676 286 2698 te
303 2673 376 2698 Deus
393 2674 502 2698 τελέεσσι
518 2676 545 2698 et
562 2673 608 2698 luc
624 2676 715 2698 sancta
733 2673 870 2706 evangello
878 2691 899 2704 „.

257 2716 290 2742 Κ.
310 2717 346 2742 Α.
363 2716 458 2747 Karna,
477 2715 534 2742 Zur
550 2715 800 2741 Frteaensurhuude
818 2716 970 2741 Fruar-{cho
988 2716 1064 2742 Im

174 2759 301 2792 dedg,
320 2759 351 2784 in
370 2759 486 2784 Neues
505 2758 646 2784 Arch1v
671 2758 706 2783 d.
735 2758 992 2784 Geseilsehaft
1007 2758 1064 2784 fiir

169 2801 281 2827 altere
294 2801 476 2826 deutsche
490 2800 854 2833 Geschiehtskunde,
867 2801 982 2831 xxvn,
997 2802 1064 2828 suc.

169 2851 195 2876 3,
207 2851 234 2876 p.
249 2841 309 2875 765,
325 2850 353 2868 n.
367 2848 391 2875 5.
405 2842 545 2876 equivoco
557 2843 577 2868 ii
587 2843 770 2876 giursmento
784 2845 911 2877 prestato
924 2843 970 2869 dsl
981 2845 1064 2869 conte

167 2885 251 2911 Dedo
276 2885 304 2910 di
332 2885 483 2910 Groitzsch
505 2885 551 2910 nel
571 2892 603 2910 22
624 2886 683 2918 lug.
702 2884 748 2919 (R.
768 2894 795 2919 p.
815 2886 874 2919 ²83·
894 2894 921 2911 n.
947 2885 984 2919 4),
1009 2893 1063 2911 con

167 2927 264 2959 quello
289 2929 416 2960 prestato
441 2928 476 2953 ds
489 2927 596 2952 Emit-,o
609 2928 643 2953 de
657 2927 713 2952 Des
729 2927 749 2952 il
766 2935 777 2952 1
793 2935 837 2961 ag.
854 2934 929 2961 1177.
966 2928 1065 2954 Anche

169 2969 338 3002 valenien,
364 2970 495 3003 Beardga
511 2977 562 2995 nur
582 2969 736 2995 Gaschecluae
757 2970 802 2995 da
824 2970 980 2996 Venetia-er
990 2970 1065 2996 Frie-

167 3011 381 3044 domlou‘runs
391 3019 448 3036 vom
461 3010 547 3044 sam
564 3016 640 3043 1177,
659 3021 686 3045 p.
706 3018 747 3043 59,
771 3019 827 3037 non
842 3014 924 3037 tenne
938 3015 1066 3047 presente

1116 2212 1207 2244 punto
1220 2212 1363 2236 concorda
1381 2219 1434 2236 con
1455 2211 1490 2236 R.

1202 2251 1213 2270 ²
1226 2253 1313 2284 Boso,
1325 2254 1408 2280 Liber
1419 2254 1528 2284 Auem,
1542 2255 1596 2279 loc.
1610 2256 1675 2280 cit.:
1692 2256 1705 2268 “
1714 2255 1883 2280 Iuraverunt
1895 2262 2012 2287 sequen-

1116 2296 1182 2321 “ter
1200 2297 1344 2330 priricipes
1370 2298 1426 2322 ita:
1453 2298 1512 2330 Ego
1539 2296 1732 2330 Qhrtstx'anus)
1756 2298 1944 2330 Mogunedmae,
1968 2304 2015 2328 ego

1116 2338 1301 2372 “Ho'ltppud
1322 2339 1492 2370 Color-tensis,
1515 2347 1560 2372 ego
1593 2339 1779 2373 migmannus)
1806 2340 2014 2372 Magaburgen-

1115 2380 1129 2394 ‘¹
1141 2381 1184 2412 sis,
1198 2388 1242 2413 ego
1256 2381 1289 2406 B.
1303 2381 1460 2414 (correggiz
1480 2381 1624 2413 Arnoldus)
1638 2382 1803 2406 Treverenn‘s
1814 2382 2014 2414 archiepiscopc',

1116 2424 1128 2437 ‘⁴
1138 2431 1184 2456 ego
1213 2423 1408 2457 maculamus)
1436 2424 1625 2453 memiensis,
1651 2431 1697 2456 ego
1727 2422 1889 2456 donnaus)
1917 2423 2015 2448 electus

1115 2465 1129 2479 ⁸
1145 2465 1359 2494 Wamacienm,
1385 2474 1431 2498 ego
1463 2465 1625 2497 Aroma-s,
1662 2465 1834 2499 Wornm'nus)
1863 2466 2014 2498 imperialis

1116 2507 1130 2521 “
1138 2507 1199 2532 aule
1207 2509 1415 2539 protonotarius,
1433 2515 1479 2540 ego
1494 2507 1689 2541 aar-sidonius)
1703 2509 1835 2539 quondam
1848 2508 2014 2533 Mantuanus

1117 2548 1130 2563 ³
1139 2549 1282 2581 episcopus,
1300 2557 1346 2582 ego
1369 2548 1536 2582 Goth-edus)
1554 2550 1742 2578 cancellarius,
1753 2552 1779 2574 et
1790 2557 1836 2582 ego
1852 2549 2014 2582 Cor-radus)

1116 2590 1129 2604 ‘¹
1139 2597 1220 2616 coma
1237 2590 1468 2624 (Montlrferratiffi
1488 2593 1612 2616 iuramus
1630 2592 1660 2615 in
1672 2593 1815 2616 animabus
1827 2593 1924 2616 nostris
1935 2595 2015 2623 super

1118 2633 1130 2645 ⁶¹
1142 2633 1187 2658 luc
1198 2636 1287 2658 sancta
1306 2633 1360 2658 Det
1376 2634 1512 2667 evangelia
1525 2634 1596 2665 quad
1603 2637 1695 2666 pacem
1714 2633 1828 2658 Ecclesia
1841 2636 1921 2665 atqu
1934 2635 2014 2666 impe-

1119 2675 1131 2688 “
1141 2676 1189 2706 ru,
1206 2678 1231 2700 et
1246 2678 1337 2708 pacem
1355 2677 1427 2708 regis
1446 2675 1539 2702 Sicilie
1556 2682 1640 2706 usque
1657 2676 1695 2700 ad
1712 2676 1774 2701 XV
1786 2683 1879 2704 annos,
1898 2679 1923 2700 et
1941 2678 2011 2700 mu-

1118 2717 1130 2731 “
1138 2726 1222 2750 guam
1240 2718 1447 2744 Lon-bardorum
1465 2725 1549 2749 utque
1567 2718 1604 2741 ad
1624 2717 1665 2742 V!
1676 2725 1770 2746 annos,
1789 2719 1860 2743 n'cut
1883 2720 2012 2743 statutum

1120 2759 1179 2785 “est
1189 2764 1215 2785 et
1226 2762 1354 2792 scriptum
1369 2763 1420 2792 per
1439 2760 1594 2784 mediatores
1611 2761 1752 2792 utriusque
1768 2761 1866 2792 partis,
1882 2761 1948 2785 bona
1962 2760 2015 2791 fide

1118 2801 1130 2816 ⁸
1140 2804 1301 2828 servabimus
1319 2803 1415 2835 absque
1425 2802 1536 2833 fraude.
1576 2802 1621 2827 310
1640 2810 1685 2827 nos
1710 2802 1783 2827 Deus
1800 2803 1909 2827 adiuvet
1926 2806 1952 2827 et
1969 2803 2015 2827 hec

1122 2846 1134 2859 ‘¹
1143 2849 1234 2870 sancta
1258 2846 1312 2871 Ded
1328 2844 1466 2877 nauplio
1478 2863 1500 2875 „⁴

1205 2885 1216 2902 ³
1236 2888 1320 2918 lom,
1341 2887 1395 2912 loc.
1420 2888 1486 2912 cin:
1517 2886 1530 2899 ‘⁴
1542 2886 1584 2911 Ex
1610 2889 1692 2920 parte
1719 2893 1786 2911 vero
1811 2886 1914 2911 Sicilie
1940 2887 2014 2919 regis

1120 2929 1241 2954 “eodem
1262 2929 1347 2954 modo
1369 2930 1475 2954 iuravit
1501 2929 1535 2953 R.
1559 2928 1759 2954 salernitanus
1784 2923 2015 2962 archiepiscopus

1122 2974 1132 2984 ‘⁴
1144 2974 1172 2996 et
1191 2971 1223 2996 R.
1246 2971 1405 2995 Audi-ensis
1426 2978 1518 2995 comes
1533 2988 1555 3001 η.

1932 222 2004 262 287
2020 231 2096 257 Μυιὲ.γ
2111 238 2144 253 cc.
2160 238 2248 258 ²³³·234

2093 1003 2112 1019 c,
2129 1003 2166 1022 ²7²
2175 1004 2188 1017 η

2042 2261 2076 2286 30

2042 2474 2073 2500 35

2043 2684 2077 2708 40

2043 2894 2074 2921 45
