2398 3470
170 220 378 244 mmmm„
416 209 482 243 128
1176 202 1491 241 CHRONICON
2059 209 2110 244 [A.
2130 209 2167 238 c.
2186 210 2261 244 ⁶⁴⁰]

211 1044 231 1058 c.
247 1044 286 1062 155
294 1038 306 1057 h

157 1837 301 1857 &inmanius

217 1897 237 1911 c.
253 1895 289 1915 150
300 1897 313 1911 a

409 279 2239 292 .....................................................................................................................................................................................................
2241 280 2258 288 ιο

410 339 692 382 “stantinopolim
721 339 767 371 ad
794 339 1035 381 imperatorem
1071 338 1206 375 direxit,
1239 341 1407 380 quatenus
1442 335 1476 367 ei
1506 346 1600 368 suam
1635 336 1801 369 redderet
1835 345 1979 369 uxorem
1992 360 2023 376 „.
2069 336 2262 379 Imperator

401 395 466 426 hoc
490 393 632 425 audiens
656 392 837 434 respondit
860 391 910 423 eis
937 391 1073 423 dicens:
1099 401 1183 429 rem,
1211 400 1312 432 quam
1340 389 1493 431 quernis,
1519 389 1652 421 omnino
1667 390 1816 432 ignor05
1838 393 1889 430 est
1909 394 2023 422 tamen
2038 389 2094 422 hic
2116 386 2260 433 quedam

402 447 522 479 mulier
543 445 834 486 christianissima,
860 455 960 487 quam
987 445 1095 476 nescio
1119 448 1269 475 uestram
1301 453 1371 474 esse
1393 442 1569 485 reginam.
1622 442 1746 486 Legati
1780 443 2045 484 responderunt,
2082 442 2255 475 dicentes:

400 499 442 532 St·
460 500 580 542 placet,
606 499 759 542 cupimus
782 498 868 529 hanc
891 498 1010 530 uidere
1032 495 1237 529 muliercm¹.
1277 496 1356 533 Que
1385 506 1463 527 cum
1494 495 1588 528 iussu
1619 495 1838 537 imperatoris
1860 496 2024 534 uenisset,
2047 505 2129 528 mox
2151 494 2258 538 legati

401 559 438 584 ut
462 563 537 584 eam
561 551 791 594 conspiciunt,
817 551 863 583 ad
885 551 959 583 eius
989 550 1140 593 uestigia
1168 548 1421 591 prouoluuntur
1452 548 1554 592 eique
1585 548 1847 588 uenerabiliter,
1878 548 1959 592 quia
1987 558 2063 581 eam
2090 548 2143 581 uir
2176 558 2258 581 suus
2303 547 2322 580 5

400 606 591 648 requireret
614 610 804 648 suggerunt
827 603 951 647 quibus
974 603 1048 635 illa:
1074 603 1138 643 lte,
1162 602 1285 644 inquit,
1309 607 1343 634 et
1365 602 1560 634 renunciate
1576 601 1726 635 Domino
1748 606 1872 644 uestro,
1888 602 1969 645 quia
1983 602 2074 634 sicut
2095 612 2165 645 ego
2187 601 2256 634 iam

400 659 540 699 credtdi,
564 658 614 689 tta
637 663 671 689 et
693 658 768 700 ipsc
783 658 851 689 ni'sz
872 658 907 688 in
930 657 1040 689 Deum
1065 655 1263 696 emendent,
1289 666 1341 687 me
1363 656 1432 687 iam
1455 655 1550 687 ultra
1572 659 1757 688 consortem
1781 655 1876 687 thori
1896 654 2021 688 habere
2036 665 2102 687 non
2113 654 2256 698 poterit.
2266 692 2269 695 ¹

403 714 417 729 “
433 711 530 749 Quid
553 711 681 743 multa?
705 711 829 753 Legati
853 710 985 743 reuersi
1010 710 1054 742 ad
1077 709 1234 752 patriam,
1258 709 1420 741 uniuersa
1443 718 1512 752 que
1536 709 1718 741 audierant
1739 708 1815 752 regi
1842 719 1904 741 suo
1933 708 2131 741 nunciante.
2176 708 2258 741 Rex

403 765 548 808 “itaque
570 764 659 797 nihil
681 771 834 797 moratus
858 775 934 796 cum
959 773 1008 795 Lx
1031 762 1170 795 milibus
1193 763 1286 802 uiris,
1303 762 1627 806 *Costantinopolim
1644 761 1790 805 pacifice
1815 762 1861 795 ad
1884 762 2127 805 imperatorem
2150 761 2256 801 uenit,

403 821 451 851 “a
474 829 543 862 quo
567 824 746 862 gratanter
770 823 805 850 et
829 818 910 850 satis
935 817 1039 860 digne
1062 823 1243 859 susceptus
1265 822 1326 849 est.
1375 815 1446 854 Qui
1478 827 1556 850 cum
1587 817 1658 849 suis
1680 816 1853 849 uniuersis
1879 815 1917 849 in
1941 815 2117 850 Christum
2140 815 2253 848 domi-
2279 815 2320 848 lo
2365 837 2368 846 0

402 875 415 890 “
429 884 509 904 num
533 872 683 905 credens
708 871 908 914 pariterque
932 871 1022 903 sacri
1045 870 1263 912 baptismatis
1285 870 1380 903 unda
1404 870 1568 913 perfusus
1591 876 1627 903 et
1657 869 1701 902 ab
1734 875 1880 913 augusto
1917 869 1962 902 de
1989 869 2088 902 fonte
2112 868 2255 908 leuatus,

400 928 414 943 “
428 925 602 959 catholica
625 926 694 958 fide
719 925 939 958 confirmatus
962 930 1029 961 est3
1054 923 1239 969 multisque
1262 923 1464 957 muneribus
1487 923 1532 956 ab
1556 928 1702 967 augusto
1719 928 1929 963 muneratus,
1945 928 2093 965 accepta
2115 931 2179 955 sua
2193 931 2254 955 co-

401 981 415 997 “
429 979 543 1023 niuge,
567 979 656 1012 letus
679 985 714 1011 et
737 979 893 1021 gaudens
917 988 994 1012 cum
1018 978 1087 1010 suis
1110 978 1156 1010 ad
1180 978 1321 1020 propria
1345 977 1541 1017 remeauit„

484 1032 649 1065 Preterea
672 1031 853 1074 Aripertus
877 1031 1188 1074 Langobardorum
1212 1041 1284 1070 rex,
1313 1037 1498 1075 postquam
1527 1042 1593 1073 per
1623 1041 1733 1064 annos
1759 1029 1894 1063 nouem'
1918 1033 2135 1073 regnauerat,
2159 1027 2253 1062 diem
2290 1040 2294 1046 ·

395 1086 559 1119 claudens
582 1087 829 1124 extremum‚“
842 1095 986 1128 regnum
1011 1085 1147 1117 duobus
1161 1084 1242 1117 filiis
1257 1084 1374 1118 adhuc
1391 1083 1683 1130 adolescentibus,
1706 1082 1890 1116 Perthari²
1921 1089 1956 1115 et
1972 1081 2175 1116 Godeberto
2197 1092 2253 1114 re-
2279 1080 2316 1114 15

399 1138 579 1183 “gendum
602 1139 752 1182 reliquit,
775 1144 811 1171 et
835 1137 1056 1171 Godebertus
1073 1138 1213 1180 quidem
1230 1137 1347 1171 Ticini
1371 1137 1491 1170 sedem
1513 1137 1642 1176 habuit,
1666 1137 1826 1170 Per-thari
1849 1146 1935 1169 uero
1958 1136 1994 1168 in
2011 1135 2152 1168 ciuitate
2173 1134 2251 1168 Me-

399 1195 412 1210 “
427 1192 646 1231 diolanensi
665 1191 688 1224 ⁸.
735 1191 957 1224 Grimoaldus
985 1197 1098 1224 autem
1122 1191 1448 1224 Beneuentanomm
1472 1191 1544 1223 dux
1566 1192 1636 1223 hoc
1659 1190 1806 1223 audiens
1827 1190 2047 1234 suggestione
2071 1187 2252 1231 Garipaldi

391 1247 631 1279 Taurinatium
647 1256 727 1278 mox
743 1246 893 1277 animum
910 1245 1062 1277 omnium
1080 1245 1124 1277 ad
1140 1248 1285 1288 regnum
1301 1244 1612 1287 Langobardorum
1625 1243 1851 1277 obtinendum
1869 1244 1990 1281 erexit,
2007 1242 2251 1285 ordinauitque

393 1300 486 1342 apud
509 1298 745 1331 Beneuentum
777 1298 1010 1330 Romualdum
1034 1297 1141 1330 filiurn
1164 1308 1263 1330 suum
1286 1298 1423 1330 ducem.
1471 1298 1548 1340 Ipse
1572 1307 1651 1330 cum
1674 1297 1787 1330 electa
1809 1306 1913 1328 manu
1935 1295 2100 1329 Ticinum
2123 1303 2251 1338 prope-

393 1364 482 1391 rans,
506 1363 569 1395 per
603 1362 723 1386 omnes
747 1351 907 1384 ciuitates
941 1362 1006 1393 per
1042 1361 1128 1393 quas
1150 1352 1243 1383 uiam
1275 1350 1397 1383 habuit
1426 1350 1490 1383 sibi
1522 1350 1652 1384 amicos
1682 1356 1788 1394 atque
1820 1349 1998 1382 adiutores
2029 1349 2075 1382 ad
2103 1358 2249 1393 regnum
2274 1347 2317 1380 20

391 1406 655 1449 percipiendum
689 1405 819 1437 asciuit.
866 1405 1024 1447 Cumque
1058 1404 1274 1437 Placentiam
1305 1404 1467 1442 uenisset,
1498 1404 1654 1446 premisit
1681 1409 1762 1436 ante
1792 1413 1829 1435 se
1860 1402 2054 1445 predictum
2089 1400 2251 1444 Garipal-

393 1458 474 1490 dum
509 1456 614 1490 totius
647 1455 727 1488 mali
750 1455 963 1488 incentorem
987 1456 1032 1488 ad
1057 1455 1293 1489 Godebertum
1318 1455 1490 1489 nuncians
1514 1453 1607 1498 quod
1639 1453 1861 1487 Grimoaldus
1893 1464 1970 1486 cum
2000 1452 2121 1487 ualida
2146 1463 2251 1485 manu

391 1510 425 1542 in
449 1510 522 1542 eius
546 1510 747 1553 obsequium
778 1509 925 1542 ueniret.
972 1508 1181 1551 Garipaldus
1212 1513 1338 1546 autem,
1370 1514 1552 1551 postquam
1584 1507 1788 1541 Godeberto
1821 1507 1962 1540 domino
1992 1516 2055 1539 suo
2085 1505 2250 1539 consilin-

391 1570 445 1596 tus
468 1563 593 1601 fuerat,
616 1568 654 1595 ut
677 1563 768 1595 intra
791 1563 955 1604 palatium
990 1562 1110 1594 Ticini
1145 1562 1386 1594 Grimoaldum
1421 1561 1576 1604 hospitio
1606 1562 1792 1603 reciperet,
1824 1560 1994 1603 persuasit
2017 1559 2156 1593 domino
2187 1568 2248 1591 suo

389 1616 589 1650 Godeberto
613 1622 651 1649 ut
674 1626 743 1649 non
778 1616 878 1648 aliter
908 1627 1011 1659 quam
1047 1615 1158 1648 lorica
1188 1615 1251 1647 sub
1282 1620 1380 1647 ueste
1405 1615 1555 1653 indutus,
1588 1625 1666 1647 cum
1703 1614 1906 1647 Grimoaldo
1936 1613 2117 1647 locuturus
2139 1612 2246 1645 adue·
2269 1611 2311 1644 25

390 1671 489 1709 niret,
506 1680 663 1702 asserens
686 1669 766 1713 quia
790 1681 867 1702 eum
893 1669 1113 1702 Grimoaldus
1137 1669 1302 1701 occidere
1326 1668 1443 1701 uellet.
1496 1672 1509 1686 ‘⁴
1525 1668 1660 1701 Rursus
1682 1668 1779 1701 idem
1795 1666 1940 1699 fallendi
1957 1666 2085 1700 artifex
2108 1666 2154 1700 ad
2169 1665 2249 1699 Gri-

390 1723 562 1756 moaldum
578 1723 722 1756 ueniens
738 1723 837 1762 dixit,
855 1723 948 1765 quod
965 1723 1031 1755 nisi
1047 1733 1085 1755 se
1101 1723 1241 1755 fortiter
1256 1728 1470 1764 prepararet,
1488 1733 1566 1754 eum
1584 1721 1805 1754 Godebertus
1824 1730 1886 1753 suo
1909 1721 2026 1763 gladio
2048 1719 2249 1764 perimeret,

393 1779 407 1795 ‘⁴
421 1787 622 1810 asseuerans
645 1776 896 1814 Godebertum‚
920 1775 1060 1819 quando
1084 1787 1162 1809 cum
1188 1787 1230 1808 eo
1246 1776 1291 1809 ad
1315 1775 1529 1819 loquendum
1554 1775 1689 1808 ueniret
1712 1774 1854 1807 loricam
1878 1774 1941 1807 sub
1965 1779 2061 1807 ueste
2083 1777 2248 1817 gestaret.

323 1843 367 1857 rm·
396 1833 410 1849 “
425 1831 522 1870 Quid
538 1830 661 1873 plura?
686 1831 731 1863 ad
759 1829 1028 1872 colloquendum
1054 1830 1109 1863 die
1135 1830 1284 1862 crastina
1307 1840 1386 1862 cum
1410 1830 1588 1861 uenissent
1612 1833 1647 1860 et
1671 1827 1910 1861 Godebertum
1935 1826 2156 1860 Grimoaldus
2170 1831 2250 1870 post

395 1887 408 1902 “
422 1883 670 1917 salutationem'
695 1884 908 1926 amplexatus
944 1889 1034 1916 esset
1067 1884 1182 1916 statim
1214 1883 1319 1915 sensit
1349 1882 1443 1925 quod
1466 1882 1610 1915 loricam
1634 1881 1698 1914 sub
1731 1886 1826 1913 ueste
1850 1885 2022 1924 gestaret;
2047 1890 2113 1912 nec
2137 1889 2244 1919 mora,
2263 1880 2311 1912 ’30

394 1939 605 1981 “euaginato
628 1937 746 1980 gladio
769 1948 847 1969 eum
871 1937 944 1969 uita
977 1937 1141 1979 priuauit,
1166 1946 1378 1980 regnumque
1410 1936 1484 1968 eius
1516 1942 1551 1968 et
1583 1946 1721 1968 omnem
1753 1940 1961 1977 potestatem
1985 1934 2156 1967 inuadens
2189 1942 2249 1966 sue

395 1993 409 2009 “
422 1990 578 2024 subdidit
601 1990 733 2023 dicioni
745 1990 767 2023 ⁴.
815 1991 896 2029 Quo
919 1990 1038 2023 audito
1062 1989 1232 2028 Perthari,
1257 1990 1317 2033 qui
1332 1990 1426 2032 apud
1442 1989 1679 2022 Mediolanum
1704 1988 1883 2033 regnabat,
1899 1993 2030 2031 quanta
2052 1986 2168 2030 potuit
2189 1996 2248 2020 ue-

394 2047 409 2063 “
422 2045 561 2077 locitate
585 2044 704 2087 fugam
719 2043 863 2086 arripuit
889 2050 993 2087 atque
1011 2043 1191 2087 Scythiam
1210 2044 1255 2076 ad
1272 2043 1450 2076 Cacanum
1465 2052 1585 2086 regem
1601 2041 1757 2074 Auarum
1781 2041 1941 2084 peruenit
1954 2065 1984 2081 „.
2031 2041 2117 2074 Erat
2132 2037 2247 2073 autem

390 2098 531 2140 quidam
555 2097 718 2139 paruulus
741 2097 971 2129 homunculus
996 2097 1040 2129 de
1064 2096 1207 2139 propria
1239 2096 1373 2128 familia
1397 2095 1608 2133 Godeberti3
1633 2095 1662 2127 is
1693 2105 1772 2127 cum
1805 2093 2032 2127 Garibaldum
2057 2094 2182 2126 ducem
2210 2093 2246 2126 in

389 2153 463 2193 ipso
487 2150 718 2183 sacratissimo
742 2149 801 2182 die
824 2150 981 2192 paschali
1006 2150 1051 2182 ad
1077 2150 1262 2182 ecclesiam
1279 2155 1460 2182 uenturum
1485 2149 1599 2188 sciret,
1623 2158 1728 2191 super
1751 2158 1886 2180 sacrum
1902 2146 2096 2190 baptisterii
2113 2147 2246 2180 fontem
2270 2146 2312 2180 35

389 2204 637 2242 conscendens,
662 2203 807 2246 leuaque
832 2213 937 2235 manu
960 2213 996 2235 se
1021 2204 1066 2236 ad
1091 2203 1308 2235 columellam
1333 2202 1462 2246 tugurii
1486 2208 1616 2241 tenens,
1640 2202 1732 2233 unde
1757 2200 1967 2243 Garipaldus
1994 2205 2148 2239 uenerat,
2171 2205 2246 2233 toto

389 2258 509 2290 annisu
534 2268 611 2290 eum
634 2257 670 2288 in
695 2257 832 2289 ceruice
856 2258 1027 2299 percussit
1050 2262 1085 2289 et
1108 2257 1268 2299 protinus
1291 2261 1396 2299 caput
1419 2256 1493 2288 eius
1517 2254 1720 2298 amputauit,
1752 2254 1810 2297 qui
1834 2254 1917 2287 licet
1939 2253 1983 2286 ab
2006 2254 2058 2287 his
2081 2254 2142 2298 qui
2165 2263 2244 2287 cum

389 2310 578 2353 Garipaldo
602 2316 769 2342 uenerant
794 2310 999 2342 interfectus
1022 2310 1127 2342 fuerit
1151 2309 1283 2342 domini
1307 2309 1359 2342 sui
1382 2315 1528 2342 mortem
1552 2308 1644 2341 ultus
1666 2313 1718 2343 est
1727 2307 1748 2340 ⁶.

477 2419 501 2444 7.
521 2414 577 2437 tori
598 2413 698 2437 habere
718 2420 777 2437 non
797 2413 894 2446 potuit
917 2413 951 2442 C;
970 2413 994 2437 A
1006 2414 1032 2437 B
1050 2413 1182 2444 conformi
1199 2413 1316 2438 PAULus
1335 2426 1368 2430 —
1388 2420 1415 2445 9.
1435 2413 1525 2437 nichil
1549 2411 1573 2436 C
1589 2425 1599 2431 -
1619 2412 1762 2436 militibus
1780 2411 1819 2442 E3
1843 2411 1972 2436 millibus
1991 2411 2068 2436 Sar-w
2084 2411 2132 2436 clue
2147 2414 2246 2436 amota

390 2459 599 2480 erroneamentae:
621 2454 679 2479 “In
700 2456 789 2480 Paulo
810 2457 931 2480 diacono
951 2455 1035 2479 Amb.
1055 2455 1138 2485 Bibl„
1158 2455 1219 2486 XII,
1239 2455 1390 2485 millibus„
1410 2469 1443 2473 —
1466 2462 1505 2487 ¹3-
1525 2462 1575 2479 sua
1594 2454 1712 2487 propria
1733 2455 1770 2484 σς
1789 2454 1923 2478 PAULus:
1944 2453 2004 2479 “ad
2024 2461 2103 2479 suam
2123 2455 2243 2487 patriam

390 2498 558 2530 repedavit„
580 2511 612 2515 —ss
635 2504 674 2529 15.
695 2498 802 2522 Pertari
828 2498 850 2521 C
869 2512 899 2515 —-
923 2497 955 2522 16
984 2498 1109 2530 reliquid
1131 2498 1154 2521 C
1171 2511 1179 2515 -
1201 2498 1378 2530 Godepertus
1401 2499 1424 2522 C
1440 2511 1472 2515 —
1490 2497 1529 2523 ¹8.
1550 2497 1775 2522 Taurinancium
1790 2497 1870 2521 ducis
1892 2496 1915 2520 C
1933 2510 1941 2514 -
1962 2497 2151 2529 optinendum
2171 2497 2195 2522 C
2211 2510 2244 2516 —

394 2548 431 2573 19.
452 2540 641 2564 Romoaldum
664 2542 686 2565 C
702 2554 735 2558 -—
757 2547 798 2565 21.
818 2540 996 2565 Placenciam
1019 2541 1043 2565 C
1068 2554 1098 2558 —
1120 2546 1162 2565 22.
1176 2541 1270 2565 tocius
1298 2540 1321 2564 C
1337 2553 1347 2558 -
1367 2539 1559 2573 Godepertum
1581 2539 1606 2564 C
1621 2553 1655 2558 —
1676 2545 1717 2571 23.
1732 2538 1896 2571 Godeperto
1918 2539 1941 2562 C
1958 2552 1990 2557 —-
2011 2545 2054 2571 24.
2066 2539 2208 2571 ospicium
2224 2539 2247 2563 C

346 2588 358 2613 ς
390 2596 421 2600 -—
443 2587 483 2613 25.
504 2581 667 2614 Godeperto
683 2583 748 2607 c—
764 2581 804 2606 28.
819 2583 909 2607 lorica
925 2583 959 2611 C;
973 2583 997 2606 Α
1010 2582 1176 2613 Bconformi
1187 2582 1304 2607 Primus
1323 2583 1376 2607 loc.
1395 2583 1445 2607 cit.
1460 2596 1491 2599 ——
1507 2588 1549 2615 29.
1562 2581 1756 2614 Godepertum
1772 2582 1794 2605 C
1806 2595 1837 2598 —
1853 2587 1895 2613 3²·
1915 2581 2025 2605 dicioni
2042 2581 2086 2606 C·
2100 2580 2209 2606 Pertari
2225 2581 2249 2606 C

386 2639 417 2642 Η
438 2632 478 2656 33.
499 2624 616 2649 Scitiam
641 2624 663 2648 C
681 2638 710 2642 —
732 2632 774 2657 34.
797 2621 951 2657 Godeperti
975 2626 998 2649 C
1014 2638 1022 2642 -
1042 2625 1229 2658 Garipaldum
1251 2626 1274 2649 C
1292 2639 1323 2642 —-
1345 2624 1386 2657 36.
1406 2625 1594 2649 collunellum
1615 2625 1638 2649 C
1656 2638 1688 2641 —-
1708 2623 1798 2656 36-37.
1818 2625 1882 2648 toto
1895 2624 2033 2661 annisum
2049 2624 2073 2648 C

332 2833 362 2850 10

480 2700 488 2716 ¹
509 2702 631 2729 Pauus,
643 2701 696 2726 loc.
711 2703 758 2726 cit.
797 2702 895 2726 Anche
908 2702 957 2734 qui
970 2708 989 2725 R
1003 2702 1135 2726 modifica
1150 2702 1175 2726 le
1191 2702 1289 2735 parole
1343 2700 1393 2726 ch‘e
1412 2709 1465 2726 con
1487 2701 1618 2726 “Rursus
1638 2702 1715 2726 enim
1736 2700 1856 2725 fallendi
1868 2718 1881 2732 „
1902 2702 1987 2725 torna
2005 2707 2022 2724 a
2042 2700 2166 2732 copiare.
2276 2704 2305 2731 ις

391 2743 635 2775 dell'imperatore
654 2750 668 2768 e
688 2744 780 2775 quelle
806 2744 849 2768 dei
873 2744 969 2776 legati,
996 2751 1048 2776 pur
1067 2745 1246 2776 rispettando
1267 2745 1287 2768 il
1432 2743 1443 2758 ⁴
1463 2751 1481 2768 R
1501 2745 1606 2768 omette
1631 2744 1694 2775 poi:
1724 2743 1875 2767 “Habebat
1900 2744 1993 2767 autem
2012 2743 2081 2768 tunc
2100 2740 2245 2775 Godepert

391 2793 480 2810 senso.
1345 2787 1423 2810 “iam
1442 2786 1531 2810 filium
1553 2786 1710 2818 preclarum
1724 2785 1840 2809 nomine
1856 2785 2074 2818 Raglnpertum,
2087 2785 2136 2817 qui
2157 2792 2173 2809 a
2185 2782 2246 2808 Go-

478 2826 489 2842 2
509 2827 584 2851 Semo
603 2830 715 2851 annom:
731 2827 742 2839 “
757 2828 808 2852 Seu
823 2828 974 2852 Bertarido
986 2846 1009 2859 η.
1025 2828 1035 2851 I
1049 2827 1153 2852 Codici
1169 2829 1198 2852 di
1213 2828 1287 2853 PAu-
1345 2827 1358 2841 “
1369 2828 1479 2861 deperti
1498 2828 1628 2852 fidelibus
1648 2828 1775 2852 sublatus
1788 2829 1817 2852 et
1831 2828 1943 2852 occulte
1957 2828 2082 2852 nutritus
2101 2828 2151 2852 est.
2187 2826 2244 2851 Nec

389 2875 449 2898 Lus,
467 2869 516 2899 1v,
535 2876 563 2893 Li.
584 2870 717 2894 variano:
731 2869 879 2898 Perctarit,
900 2870 1036 2900 Peretafl,
1055 2870 1203 2899 Beretarit,
1223 2871 1288 2894 Bcr-
1345 2871 1431 2895 “eum
1453 2870 1602 2894 Grimuald
1624 2870 1753 2902 persequi
1774 2871 1893 2901 curavit,
1908 2870 2013 2902 quippe
2027 2869 2077 2900 qul
2096 2869 2188 2893 adhuc
2200 2868 2244 2893 in-

388 2911 467 2941 tarit,
487 2911 638 2939 Bertarith‚
658 2911 789 2937 Pertarit.
810 2914 861 2936 cte.
1345 2914 1357 2925 ‘⁴
1370 2913 1497 2937 santulus
1522 2914 1594 2936 esset
1605 2921 1635 2944 ,‚;
1663 2911 1795 2944 riprende
1821 2913 1848 2936 la
1874 2912 1958 2944 copia
1982 2919 2037 2936 con
2064 2910 2182 2944 qualche
2201 2917 2245 2944 pe-
2274 2920 2307 2938 ιο

475 2951 486 2967 ³
508 2953 631 2982 Munus,
650 2952 698 2983 IV,
718 2959 755 2984 Li,
777 2955 856 2985 quasi
885 2953 1101 2978 letteralmente.
1139 2954 1191 2978 Nel
1212 2956 1287 2978 resto
1343 2955 1426 2979 rlodo
1445 2962 1460 2978 e
1479 2955 1618 2979 continua
1639 2954 1791 2978 suntando.

389 3001 406 3019 R
427 2996 518 3023 sunta,
539 2995 618 3019 salvo
638 2995 756 3027 qualche
777 2996 849 3020 srase
869 2995 1031 3029 riprodotta
1052 3003 1100 3029 per
1115 2997 1218 3027 intere,
1238 2996 1287 3020 fin·
1431 2995 1442 3011 ⁵
1460 2996 1584 3025 ΡΑυιυε,
1604 2996 1652 3026 IV,
1671 3003 1700 3022 ιι
1720 2997 1768 3021 cit.
