2398 3470
0 2017 8 2200 ξ

0 2224 8 2391 Ξ

0 2413 9 2531 Ξ

15 1107 80 1148 ²15

14 1355 25 1407 ,³-
38 1382 82 1414 20
105 1382 258 1425 elegans,
274 1388 390 1415 mente
405 1383 504 1421 leuis,
521 1383 613 1416 dolis
629 1383 713 1416 nulli
728 1389 944 1415 uersutorum
960 1382 1152 1419 secundus:
1175 1382 1257 1413 huic
1274 1381 1405 1414 animus
1423 1381 1609 1424 inquietus,
1633 1386 1794 1423 prompta
1810 1379 1969 1418 audacia,

0 1501 15 1624 εἴ

9 1671 12 1674 .
37 1646 79 1679 25
104 1647 270 1687 steritate,
300 1647 419 1680 finem'
451 1648 522 1680 uite
554 1649 694 1681 sortitus
723 1655 775 1681 est
787 1647 810 1681 ⁵.

110 248 194 284 [ΑΛ.
213 247 248 277 c.
267 249 420 281 sis-sao]
691 240 984 278 ROMUALDI
1012 237 1378 275 SALERNITANI
1893 234 1959 270 111

197 373 305 418 Cujus
327 378 485 415 tempore
508 373 619 406 Stella
641 382 686 405 ex
707 371 856 404 aduerso
879 370 1034 408 ueniens,
1057 369 1094 403 in
1118 369 1236 402 lunam
1259 368 1413 411 ingressa
1437 373 1499 400 est.
1545 367 1648 400 Tune
1672 375 1810 410 quoque
1833 375 1900 398 uue
1931 366 1967 397 in

108 426 244 465 arbore,
268 436 336 469 que
359 426 544 459 sambucus
573 425 712 465 dicitur,
736 430 814 457 nate
844 429 933 456 sunt.
979 421 1253 455 Theodebaldus
1284 427 1400 454 autem
1432 421 1620 453 defunctus
1643 426 1695 452 est
1719 430 1810 453 anno
1841 424 1967 451 octauo

106 479 207 524 regni
229 479 294 517 sui,
317 479 550 522 principatum
572 478 696 523 gentis,
720 487 823 521 quam
846 476 1003 520 regebat,
1027 487 1104 508 cum
1128 475 1298 508 thesauris
1321 474 1498 507 Clothario
1523 473 1710 516 dereliquit
1732 472 1932 505 habendum
1945 472 1966 505 ¹.

107 532 351 566 childebertus
373 538 489 565 autern
513 532 699 564 defunctus
721 536 774 564 est
796 540 887 563 anno
911 529 1178 573 quadragesimo
1200 537 1305 568 nono,
1327 533 1508 570 postquam
1531 536 1680 570 regnare
1704 532 1855 568 ceperat,
1872 525 1969 569 cujus

64 586 83 618 5
106 595 249 630 regnum
273 592 307 618 et
329 585 484 618 thesauri
509 586 554 618 ad
578 584 792 619 Clotharium
815 583 1007 616 redierunt.
1053 582 1234 616 Clothario
1249 582 1368 624 itaque
1392 581 1608 614 Francorum
1630 585 1776 624 regente
1791 579 1969 623 principa-

106 644 190 677 tum,
213 638 527 682 Longobardorum
550 638 647 682 genti
663 643 801 681 preerat
816 636 1012 681 Audoynus
1035 647 1110 675 reX,
1134 636 1191 678 qui
1217 645 1286 667 non
1309 634 1416 667 multo
1440 640 1519 676 post
1543 640 1700 676 tempore
1716 633 1970 677 Longobardos

104 692 142 724 in
165 691 380 725 Pannoniam
406 692 567 731 deduxit;
592 692 652 736 qui
676 702 753 724 cum
778 690 1056 729 famosissimum,
1080 695 1115 721 et
1137 687 1322 721 uirtutibus
1350 688 1481 720 clarum
1504 687 1632 730 ubique
1655 697 1781 719 nomen
1813 686 1967 725 haberet,

104 745 181 787 ipse
197 745 398 778 Clotharius
413 756 474 778 rex
490 745 751 778 Clothsiundam
769 743 871 776 filiam
896 754 993 776 suam
1009 742 1040 775 ei
1057 743 1091 774 in
1108 741 1365 802 matrimoniutq
1380 740 1526 774 sociauit
1537 739 1549 757 ²
1595 740 1737 773 Audoin
1761 750 1823 772 rex
1839 739 1969 782 quippe

106 797 236 831 bellum
260 809 339 831 cum
362 799 499 832 Hunnis
515 799 595 843 egit,
613 797 842 841 nobiliterque
865 807 924 830 eos
940 796 1081 829 deuicit.
1127 796 1215 828 Cum
1234 795 1383 838 Gepid1s
1405 805 1543 838 quoque
1558 794 1687 826 bellum
1704 793 1823 838 gessit,
1840 803 1969 836 eosque

21 857 23 859 ’
42 850 82 884 10
106 851 266 884 deuictos
290 852 432 885 omnino
455 852 524 885 sibi
548 851 695 896 subegit,
719 850 941 884 Cunimundo
966 859 1086 882 eorum
1109 849 1211 892 Rege
1234 848 1423 880 interfecto
1447 847 1490 880 ab
1514 857 1567 880 eo.
1614 847 1665 880 Eo
1689 853 1844 889 tempore
1862 845 1969 878 Gothi

107 914 185 937 cum
207 905 327 938 Totila
350 915 432 950 rege
456 915 575 938 eorum
599 903 747 938 Italiam'
771 903 983 941 incolebant3
1008 913 1077 946 quo
1100 908 1257 945 tempore
1281 901 1402 934 beatus
1417 901 1608 934 Medardus
1631 900 1879 934 Vermadensis
1894 899 1969 942 epi-

105 967 233 1001 scopus
255 958 381 1001 plenus
402 958 588 991 uirtutibus
610 957 772 1001 migrauit
795 957 841 990 ad
863 956 1037 990 Christum
1050 955 1062 973 ³
1085 955 1284 988 Clotharius
1306 960 1434 994 autem,
1457 961 1641 998 postquam
1664 954 1702 986 in
1726 953 1874 987 Galliam
1906 962 1970 994 per

105 1011 337 1055 quadraginta
360 1017 396 1044 et
418 1023 523 1044 unum
547 1017 753 1055 regnauerat
776 1021 895 1048 annos,
919 1010 1012 1042 diem
1036 1009 1161 1042 clausit
1185 1014 1390 1047 extremum,
1412 1017 1628 1051 regnumque
1651 1007 1730 1040 filiis
1745 1008 1815 1039 suis
1837 1006 1970 1039 Chere-

105 1063 213 1102 berto,
237 1070 274 1097 et
296 1064 515 1104 Guthranno,
539 1064 752 1107 Chilperico,
769 1069 873 1107 atque
890 1062 1065 1107 Sigiberto
1088 1062 1240 1105 reliquit.
1286 1061 1450 1105 Regnum
1474 1062 1592 1104 itaque
1615 1061 1642 1094 ii
1665 1066 1829 1104 quattuor
1843 1060 1971 1092 fratres

106 1127 151 1150 ex
173 1127 263 1160 equo
286 1118 498 1158 sortiuntur,-
511 1123 546 1150 et
570 1117 785 1150 Chereberto
801 1117 954 1160 quidem,
972 1115 1032 1158 qui
1048 1122 1083 1148 et
1099 1114 1282 1148 Aribertus
1307 1120 1359 1147 est
1382 1114 1507 1153 dictus,
1532 1114 1740 1147 Parisiorum
1760 1112 1842 1146 urbs
1859 1122 1970 1156 quon-

105 1169 185 1203 dam
209 1170 429 1204 childeberti
452 1170 547 1203 forte
570 1170 744 1213 peruenit:
770 1170 976 1204 Guthranno
999 1168 1210 1207 Aurelianis,
1238 1178 1384 1212 regnum
1416 1167 1583 1200 uidelicet
1606 1167 1842 1201 Chlodomiri:
1875 1165 1969 1199 Chil-

105 1223 227 1266 perico
251 1223 431 1256 suessonis
456 1225 650 1268 assignatur
674 1224 807 1263 ciuitas,
831 1229 936 1266 caput
960 1229 994 1255 et
1015 1223 1092 1265 ipsa
1115 1222 1215 1266 regni
1239 1222 1393 1265 paterni:
1420 1221 1606 1265 Sigeberto
1629 1227 1741 1253 autem
1765 1220 1883 1253 medio
1898 1230 1971 1251 ma-

105 1276 311 1320 tricumque,
335 1286 402 1320 que
427 1282 462 1309 et
483 1277 598 1316 Metis,
623 1277 736 1315 cessit,
752 1276 966 1310 Theoderici
981 1275 1095 1318 patrui
1111 1275 1288 1318 quondam
1311 1274 1470 1318 subjecta
1493 1275 1693 1312 dominatui,
1710 1274 1792 1306 urbs
1808 1274 1970 1312 formosa,

105 1334 140 1361 et
169 1328 303 1373 inclyta
313 1328 337 1362 ⁴.
382 1330 511 1362 Fuerat
540 1336 700 1372 preterea
730 1329 910 1362 Clothario
942 1329 1032 1361 filius
1063 1329 1162 1368 alius,
1192 1328 1331 1361 nomine
1363 1328 1623 1367 Gunthrannus‚
1651 1336 1798 1370 corpore
1831 1326 1970 1370 quidem

104 1434 217 1467 effera
239 1435 292 1468 uis
315 1435 432 1475 animi,
456 1436 515 1479 qui
539 1436 713 1469 tirannica
735 1436 883 1468 adactus
907 1435 1125 1474 crudelitate,
1149 1445 1206 1467 res
1229 1434 1373 1467 aliorum
1397 1434 1527 1477 rapinis
1552 1434 1748 1476 diripiebat,
1773 1444 1874 1477 quem
1891 1442 1971 1465 cum

103 1494 203 1531 pater
226 1488 299 1532 ejus
322 1489 480 1522 modesta
503 1489 739 1531 increpatione
762 1489 998 1532 redargueret,
1022 1488 1081 1521 ille
1105 1488 1268 1520 mandata
1291 1487 1397 1530 patris
1419 1488 1652 1530 uilipendens,
1677 1488 1758 1520 dum
1782 1487 1813 1519 ei
1829 1486 1971 1519 insidias

103 1547 214 1584 parat,
238 1542 319 1585 igne
343 1548 584 1574 concrematus
607 1548 668 1575 est.
717 1541 989 1584 Chi1[de]bertus
1010 1542 1139 1584 itaque,
1162 1541 1222 1584 qui
1246 1547 1280 1573 et
1304 1540 1555 1583 [ChJaribertus
1579 1552 1642 1574 rex
1664 1541 1876 1573 Parisiorum
1907 1551 1970 1572 an-

104 1594 202 1626 cillas
225 1605 303 1627 suas
326 1595 487 1639 diligens,
510 1606 652 1628 uxorem
676 1595 852 1638 propriam
877 1595 1040 1632 abiciens,
1064 1605 1134 1627 non
1165 1600 1243 1637 post
1274 1594 1417 1626 multum
1440 1595 1606 1637 temporis
1637 1594 1712 1627 sine
1736 1594 1886 1626 filiorum
1908 1603 1971 1635 po-

858 1648 1079 1681 Guthrannus
1110 1654 1225 1680 autem
1257 1647 1324 1680 fuit
1354 1647 1451 1690 pacis
1484 1653 1518 1679 et
1549 1648 1710 1690 equitatis
1740 1653 1872 1679 amator
1906 1646 1970 1679 sed

103 1700 287 1734 lenociniis
317 1701 538 1734 meretricum
562 1702 709 1742 deditus,
732 1701 866 1735 licitum
897 1701 1064 1734 refutauit
1095 1701 1368 1738 matrimonium3
1401 1701 1459 1733 hic
1491 1701 1642 1744 quodam
1666 1701 1725 1733 die
1749 1706 1911 1734 uenatum
1934 1700 1971 1732 in

103 1753 203 1798 sylua
232 1754 413 1797 profectus
435 1755 549 1794 sociis,
573 1766 638 1797 pro
662 1762 699 1787 ut
723 1766 778 1788 res
809 1754 1032 1798 exposcebat,
1063 1754 1132 1786 huc
1155 1754 1308 1797 illucque
1332 1754 1508 1797 dispersis,
1532 1755 1607 1796 ipse
1633 1765 1711 1787 cum
1734 1764 1803 1787 uno
1830 1764 1969 1786 suorum

103 1806 271 1840 fidissimo
287 1807 452 1847 fidelium,
474 1808 539 1841 sub
563 1809 687 1841 arbore
711 1809 888 1852 quieturus
911 1808 1051 1847 resedit,
1074 1808 1256 1851 positoque
1279 1808 1316 1839 in
1339 1807 1446 1849 ipsius
1468 1808 1602 1850 gremio
1626 1808 1751 1850 capite,
1777 1807 1894 1840 oculos
1909 1816 1971 1839 cu—

103 1859 203 1903 piens
225 1859 332 1893 furari
355 1860 481 1900 labori,
505 1862 734 1895 obdormiuit:
760 1868 794 1894 et
819 1871 904 1894 ecce
929 1872 971 1893 ex
994 1871 1054 1893 ore
1079 1861 1293 1904 quiescentis
1308 1861 1401 1904 regis
1424 1860 1582 1902 [paruum
1607 1860 1746 1902 animal]
1770 1860 1807 1892 in
1830 1860 1970 1892 modum

7 1902 15 1938 Ῐ
39 1913 82 1945 30
104 1912 239 1956 reptilis
257 1923 443 1957 egressum,
468 1924 562 1947 oram
585 1920 703 1957 preter
725 1914 875 1947 labentis
898 1914 1000 1947 riqu
1023 1924 1237 1956 percursare,
1261 1924 1302 1947 ac
1327 1914 1362 1945 in
1385 1914 1585 1946 ulteriorem
1610 1914 1720 1956 ripam
1744 1913 1891 1946 transire
1915 1923 1970 1945 sa-

104 1971 225 2012 tagere
250 1966 361 2009 cepit3
393 1968 489 2011 quod
520 1978 667 2000 cernens
691 1968 761 2006 ille,
793 1977 899 2010 super
929 1968 1028 2011 cujus
1050 1977 1165 2011 genua
1188 1977 1250 1999 rex
1274 1973 1379 2009 caput
1401 1966 1644 2006 inclinauerat,
1667 1966 1821 2009 gladium
1844 1966 1972 2010 uagina

105 2019 270 2052 nudatum
293 2020 397 2053 fluuio
419 2021 648 2064 superposuit,
673 2027 707 2054 et
729 2021 779 2054 sic
796 2020 924 2053 animal
939 2020 1027 2053 illud
1042 2021 1089 2053 ad
1112 2020 1216 2052 aliam
1232 2020 1456 2053 transmeauit
1470 2027 1615 2063 partem,
1633 2026 1737 2063 atque
1761 2019 1825 2052 sub
1848 2019 1969 2051 radice

106 2072 284 2117 cujusdam
307 2074 432 2107 montis
453 2075 659 2118 ingressum,
681 2079 760 2117 post
790 2074 933 2118 aliquod
963 2073 1070 2107 rediit
1092 2074 1256 2106 horarum
1279 2074 1439 2116 spatium,
1467 2079 1502 2106 et
1524 2074 1650 2107 eodem
1681 2078 1789 2116 ponte
1814 2084 1911 2105 usum
1933 2072 1969 2104 in

199 2207 220 2225 1.
241 2202 272 2225 in
291 2201 360 2226 luna
383 2201 406 2226 C
423 2215 456 2220 —
474 2209 500 2234 3.
520 2203 678 2235 dereliquid
703 2202 741 2231 C,·
760 2203 913 2235 dereliquit
931 2202 1092 2227 habendum
1110 2202 1134 2226 Α
1149 2201 1173 2226 C
1189 2215 1222 2220 —
1243 2201 1267 2227 8.
1280 2203 1312 2227 in
1331 2203 1519 2227 matrimonio
1542 2202 1566 2226 C
1582 2216 1615 2220 —-
1638 2209 1677 2227 12.
1691 2203 1722 2226 in
1742 2201 1840 2226 Gallia
1858 2201 1918 2226 AB
1936 2214 1969 2219 -—

110 2249 149 2275 14.
170 2242 293 2275 reliquid
311 2243 334 2268 C
345 2257 377 2263 —
393 2243 432 2268 16.
452 2243 604 2270 Todomiri
617 2245 679 2270 AB
698 2259 730 2263 —
753 2244 839 2277 17-18.
859 2245 1109 2270 Mediomatricum
1127 2244 1171 2273 B,-
1190 2245 1285 2269 medio
1304 2245 1390 2270 matri
1409 2252 1473 2269 cum
1492 2251 1546 2276 que
1567 2244 1591 2268 C
1607 2258 1640 2262 -
1663 2243 1703 2269 18,
1723 2245 1879 2269 subiectam
1902 2243 1924 2268 C
1935 2257 1968 2260 —

110 2291 150 2318 19.
169 2283 356 2311 Guthrannus
375 2286 401 2310 B
420 2300 451 2305 —
471 2293 513 2319 ²3·
533 2287 602 2312 inne
624 2287 662 2316 C,-
686 2288 752 2320 igne
769 2287 831 2312 AB
850 2301 859 2306 -
879 2286 1047 2312 Chelbertus
1066 2287 1144 2315 AB,-
1163 2285 1334 2312 Cherbertus
1357 2286 1380 2311 C
1396 2300 1405 2305 -
1425 2286 1576 2312 Aribertus
1598 2287 1658 2311 ΑΒ
1671 2286 1695 2311 C
1710 2300 1743 2304 --
1769 2293 1812 2318 30.
1832 2293 1897 2311 oras
1920 2285 1943 2309 C
1959 2298 1969 2303 -

107 2329 225 2360 propter
247 2327 270 2351 C
286 2341 319 2346 —
338 2334 380 2360 31.
400 2328 491 2362 capud
514 2329 538 2353 C

61 2418 75 2444 5

0 2620 78 2649 ⁵10

0 2826 77 2866 '1⁵

194 2410 203 2428 ¹
224 2410 401 2438 Guooiuus
413 2413 615 2445 Tuaoumaesrs,
628 2414 675 2442 111.
690 2414 733 2446 36,
747 2423 774 2448 p.
792 2415 840 2447 138
852 2423 907 2448 sg.;
921 2414 969 2443 IV.
983 2423 1008 2447 9,

104 2462 130 2488 p.
153 2453 204 2487 146
212 2462 269 2487 sg.=
289 2456 345 2481 Sub
363 2456 447 2480 huius
458 2459 572 2488 tempore
583 2465 650 2482 uvas
667 2459 698 2482 in
710 2458 803 2482 arbore
822 2465 903 2489 quam
915 2465 1011 2482 saumas

102 2503 223 2521 vocamus
246 2498 342 2528 absque
360 2498 424 2523 vitis
440 2501 621 2524 coniunctione
647 2502 726 2524 natm
745 2500 865 2524 videmus
889 2503 915 2525 et
927 2501 1011 2532 flores

92 2538 224 2573 ¹{piarum
243 2539 380 2568 arborum,
405 2546 472 2571 quae
496 2548 592 2573 negra,
617 2544 648 2566 ut
672 2543 755 2566 nostis
775 2550 865 2574 grana
885 2541 1010 2574 proferre

103 2579 178 2604 mute
193 2583 268 2609 mne,
287 2582 449 2607 ratimarum
463 2589 554 2615 grana
572 2583 731 2609 dederunt..
741 2602 762 2609 ..
785 2584 1009 2616 (Theodovaldus)

102 2623 211 2654 septimo
229 2624 309 2654 regni
326 2624 371 2647 rui
388 2631 456 2648 anno
475 2627 589 2649 mortuos
606 2628 655 2654 est,
673 2633 840 2658 regnumquae
859 2627 917 2651 n'us
932 2626 1010 2651 chlo-

103 2663 261 2689 thahat-tus
272 2672 321 2690 rex
333 2667 457 2698 accepit..
465 2684 471 2692 .
480 2684 486 2691 .

193 2701 205 2720 ¹
225 2704 311 2734 Imus,
331 2705 378 2734 1v.
402 2713 433 2739 19
446 2707 484 2740 (p.
501 2707 578 2741 156):
601 2709 724 2740 Tempore
740 2716 842 2740 quoque
859 2709 1012 2734 calathum·

104 2746 177 2778 regit
184 2749 291 2771 sanctus
300 2747 356 2772 Dc!
361 2748 508 2773 Medardus
516 2751 661 2782 episcopus,
670 2754 846 2776 consummato
856 2752 917 2775 bom*
925 2753 1011 2783 operis

104 2793 185 2811 cursu
202 2789 228 2811 tt
242 2788 341 2819 plenus
359 2790 476 2820 dierum,
496 2793 637 2816 sancu'tate
651 2794 825 2824 praecipuus,
847 2793 918 2817 diem
935 2794 1008 2822 obiit.

193 2826 205 2844 ³
223 2828 310 2859 Imm,
328 2831 376 2870 lv,
396 2840 421 2865 3.
441 2841 468 2866 p.
490 2840 556 2867 143:
575 2834 708 2859 Alboenus
725 2841 827 2866 quoque
845 2842 894 2860 rex
906 2836 1009 2868 Lango-

105 2869 250 2894 bardorum
272 2870 453 2899 chlotsindam
471 2875 558 2905 filiam
576 2878 648 2908 regis
666 2877 771 2908 accepit.

194 2911 205 2929 ⁴
223 2910 310 2942 IDEM,
330 2914 378 2944 IV,
399 2922 441 2948 22,
461 2924 487 2950 p.
505 2924 569 2950 ¹59²
585 2916 598 2930 ⁸
610 2917 815 2950 [Chilpericus]
836 2921 863 2943 et
876 2926 944 2943 mox
959 2919 1010 2943 Pa-

110 2952 123 2966 “
135 2952 222 2977 xmus
237 2954 398 2987 ingreditur
413 2959 560 2991 sedemque
574 2958 773 2985 Childeberthi
792 2960 866 2993 regis
880 2963 1009 2993 occupem

109 2992 184 3018 “sed
203 3000 266 3020 uon
287 2997 338 3023 diu
357 3001 382 3024 ei
406 3001 460 3026 hoc
486 3002 569 3027 licuit
589 3002 750 3035 possedere:
771 3009 835 3028 nam
861 3004 1011 3028 coniuncti

1067 2414 1080 2427 ‘⁴
1094 2413 1194 2438 fratres
1214 2415 1274 2439 eius
1295 2422 1356 2438 eum
1377 2415 1482 2438 exinde
1496 2415 1668 2447 repulerunt,
1687 2417 1715 2438 et
1734 2415 1774 2438 sic
1794 2414 1869 2438 inter
1883 2421 1911 2438 se
1923 2413 1967 2437 hii

1065 2455 1079 2469 “
1090 2457 1233 2488 quattuor,
1254 2457 1285 2481 id
1304 2459 1346 2481 est
1366 2457 1560 2486 charibertus,
1579 2455 1805 2485 Gunthramnus,
1824 2456 1967 2489 Chilperi—

1066 2498 1139 2523 “cus
1168 2501 1253 2530 atque
1277 2498 1438 2531 sigibertus
1464 2498 1638 2523 divisionem
1662 2498 1822 2531 legitimam
1849 2498 1968 2522 faciunt.

1066 2540 1079 2553 “
1091 2540 1234 2572 Deditque
1245 2548 1306 2565 sors
1317 2539 1519 2565 Charibertum
1533 2548 1651 2573 regnum
1661 2539 1804 2565 Childerti
1820 2540 1967 2572 sedemque

1066 2583 1192 2607 “habere
1211 2582 1347 2609 Parisius.
1374 2581 1576 2607 Gunthramno
1603 2589 1671 2607 vero
1698 2590 1813 2615 regnum
1839 2581 1966 2608 Chlodo-

1064 2624 1078 2638 ¹‘
1091 2626 1175 2649 meris
1196 2633 1227 2649 ac
1245 2627 1339 2649 tenere
1353 2626 1444 2649 sedern
1460 2625 1700 2654 Aurilianensem,
1720 2624 1886 2658 Chilperico
1900 2632 1967 2649 vero

1066 2666 1078 2679 ‘⁴
1091 2674 1208 2699 regnum
1228 2666 1371 2696 Chlotari,
1391 2668 1482 2700 patris
1501 2668 1570 2695 eius,
1588 2666 1806 2699 cathedramque
1819 2666 1966 2691 Sessonias

1065 2707 1078 2721 “
1089 2708 1199 2737 habere,
1219 2708 1391 2742 Sygibcrtho
1410 2716 1521 2741 quoque
1539 2715 1655 2741 regnum
1676 2707 1847 2734 Theoderici
1861 2710 1966 2734 sedem-

1066 2750 1079 2764 “
1090 2758 1143 2782 que
1163 2751 1266 2775 habere
1285 2751 1451 2776 Remensem
1463 2768 1488 2782 ,,.

1152 2793 1163 2808 ⁵
1186 2794 1271 2821 lnam.
1296 2793 1345 2824 IV,
1372 2793 1413 2821 26,
1441 2801 1466 2826 p.
1497 2793 1560 2817 160:
1586 2792 1815 2825 ‘¹(Charbertus).
1839 2793 1966 2818 Habebat

1066 2837 1079 2849 ‘⁴
1091 2837 1159 2860 tunc
1172 2837 1311 2868 temporis
1324 2835 1482 2868 Ingoberga
1495 2836 1526 2859 in
1541 2835 1689 2860 servitium
1710 2843 1790 2860 suum
1805 2836 1873 2860 duas
1887 2837 1967 2868 puci-

1066 2878 1078 2891 “
1091 2878 1134 2902 las
1159 2878 1292 2910 pauperis
1311 2878 1457 2902 cuiusdam
1477 2877 1559 2905 filias,
1573 2885 1691 2909 quarum
1706 2878 1797 2910 prima
1812 2878 1966 2903 vocabatur

1066 2919 1079 2932 ⁸
1092 2919 1265 2948 Marcovefa.
1287 2919 1421 2952 religiosa
1444 2922 1533 2949 veste*
1544 2920 1656 2947 habens,
1677 2919 1734 2944 alia
1754 2926 1821 2944 vero
1841 2919 1965 2945 Meroflc-

1066 2960 1080 2974 ‘¹
1093 2961 1151 2990 dis;
1174 2963 1203 2986 in
1225 2969 1344 2993 quarum
1364 2969 1460 2987 amore
1480 2969 1528 2986 rex
1544 2962 1628 2986 valde
1642 2962 1859 2994 detenebatur„.

1995 244 2203 269 Mus.,cc.510-511

1992 914 2013 928 c.
2028 907 2093 932 1:5⁶

1992 1660 2014 1676 c.
2027 1656 2071 1679 156
2079 1660 2094 1675 a

1997 2418 2031 2436 20

1996 2625 2027 2651 25

1995 2839 2030 2863 30
