2398 3470
329 2662 360 2679 1o

330 2874 358 2900 ι5

1145 235 1481 273 PREFAZIONE

396 371 532 407 diocesi
563 382 583 405 e
610 369 679 405 alla
706 379 768 403 sua
797 367 934 411 chiesa,
963 363 1060 400 onde
1089 363 1114 398 il
1142 375 1208 399 suo
1237 373 1348 397 nome
1376 362 1473 397 fosse
1501 358 1734 396 tramandato
1762 359 1795 393 ai
1825 358 1964 406 posteri
1993 370 2014 394 e
2059 358 2247 395 “servisse

402 438 636 484 “d'esempio
665 436 699 470 ai
727 434 836 470 fedeli
865 433 1024 470 cristiani
1055 443 1119 478 per
1149 429 1305 466 incitarli
1334 429 1405 464 alle
1433 427 1628 474 preghiere
1657 438 1678 462 e
1706 425 1778 461 alle
1807 425 1931 460 buone
1951 426 2105 474 azioni„
2127 423 2152 461 ¹.
2189 426 2247 462 La

394 509 505 540 stessa
534 502 768 539 concessione
796 513 817 536 a
844 501 969 536 Pietro
997 497 1218 534 Mannarino
1247 495 1284 531 di
1314 496 1466 532 fondare
1497 508 1569 531 una
1599 494 1723 530 chiesa
1749 493 1784 530 al
1813 493 1924 530 titolo
1953 493 2014 529 dei
2034 493 2100 529 SS.
2119 494 2248 530 Pietro

393 582 413 606 e
441 570 567 615 Paolo,
596 570 645 616 gli
673 580 790 606 aveva
819 568 954 604 fornito
983 579 1029 602 un
1059 566 1159 600 buon
1187 575 1316 599 mezzo
1345 575 1411 610 per
1439 563 1650 611 ingraziarsi
1679 574 1775 610 papa
1807 562 2041 598 Alessandro
2077 562 2142 608 111,
2180 562 2248 599 che

393 637 475 686 quel
503 638 566 684 pio
594 636 777 673 desiderio
804 647 924 671 aveva
953 632 1198 679 caldeggiato,
1228 643 1247 666 e
1277 643 1342 678 per
1370 636 1514 667 entrare
1543 632 1580 666 in
1608 630 1774 677 rapporti
1795 641 1867 665 con
1886 628 2143 677 quell'insigne
2173 631 2246 667 Ca-

394 704 546 749 nonista,
576 704 818 740 cattivarsene
847 703 880 737 la
909 700 1157 737 benevolenza
1179 711 1198 734 e
1219 698 1393 735 risolvere
1413 698 1546 734 alcune
1567 698 1749 746 questioni
1769 698 1888 745 gravi,
1910 697 1978 732 che
1998 698 2029 734 si
2048 698 2249 745 agitavano

393 771 448 806 nel
467 783 635 819 governo
654 770 905 806 ecclesiastico
925 767 1023 803 della
1042 779 1107 802 sua
1127 766 1278 802 diocesi.
1313 765 1427 801 Varie
1449 765 1639 809 decretali,
1661 764 1830 801 l'avverti
1852 777 1918 812 per
1936 766 2058 812 primo
2077 764 2248 813 l’Ughel-

392 838 415 873 li
430 836 453 878 ²,
483 838 609 874 scrisse
638 836 861 873 Alessandro
896 835 960 881 ΙΙΙ,
997 836 1011 854 “
1028 835 1083 870 vir
1111 834 1315 870 catholicus
1343 837 1379 868 et
1407 833 1582 868 honestus
1599 861 1613 880 „
1660 832 1728 868 che
1772 831 1787 849 “
1805 832 1957 879 negotia
1995 832 2248 869 ecclesiastica

396 905 411 922 “
429 905 608 952 sapienter
625 903 869 951 disponebat„
887 901 912 948 ³,
931 904 966 938 in
986 902 1140 948 risposta
1161 901 1208 936 ad
1227 900 1346 936 alcuni
1362 900 1493 947 quesiti
1513 899 1767 946 sottopostigli
1787 899 1848 936 dal
1869 906 1997 936 nostro
2016 899 2246 946 Romualdo,

394 972 544 1008 durante
573 972 598 1007 il
627 984 691 1007 suo
721 971 959 1019 pontificato;
987 981 1048 1005 ma
1074 981 1239 1016 neppure
1267 968 1456 1015 possiamo
1485 966 1734 1003 determinare
1763 973 1898 1015 quante
1927 980 1947 1004 e
1976 968 2075 1015 quali
2102 967 2133 1003 si
2159 968 2245 1004 rife-

1876 1034 2127 1073 Conosciamo
2155 1038 2247 1084 pero

390 1107 440 1154 gli
469 1106 674 1153 argomenti
702 1105 865 1154 generali
893 1105 991 1141 delle
1020 1104 1122 1140 varie
1150 1103 1333 1151 questioni
1363 1115 1383 1138 e
1413 1102 1450 1137 di
1479 1102 1660 1151 qualcuna
1688 1103 1888 1140 riesciamo
1915 1104 2032 1140 anche
2070 1115 2092 1139 a
2128 1104 2248 1151 preci-

389 1050 500 1075 scano
528 1051 549 1074 a
577 1045 708 1087 questo
736 1038 900 1074 secondo
928 1036 1083 1085 periodo
1120 1035 1216 1072 della
1252 1047 1315 1071 sua
1352 1035 1497 1071 attivita
1534 1035 1819 1071 arcivescovile.

389 1185 468 1209 sare
495 1172 747 1220 l'importanza
774 1172 924 1208 morale.

387 1239 412 1275 il
441 1239 523 1276 foro
551 1239 814 1285 ecclesiastico,
842 1240 876 1275 la
903 1238 1110 1286 procedura
1138 1251 1158 1274 e
1187 1239 1221 1274 le
1251 1237 1394 1273 decime
1423 1237 1716 1284 ecclesiastiche3
1747 1250 1856 1274 come
1876 1250 1897 1273 a
1917 1239 2010 1285 dire,
2036 1239 2051 1256 ‘⁴
2071 1239 2133 1275 De
2151 1239 2246 1286 judi-

390 1307 456 1342 ciis
472 1335 506 1354 „,
542 1305 556 1323 “
574 1308 631 1342 De
658 1307 811 1342 testibus
839 1311 876 1341 et
903 1305 1195 1343 attestationibus
1211 1332 1246 1351 „,
1275 1318 1296 1341 e
1330 1304 1345 1322 ‘⁴
1364 1305 1425 1340 De
1454 1311 1585 1352 quarta
1613 1304 1783 1342 decimae
1803 1335 1818 1354 „
1842 1306 1929 1342 Lib.
1959 1306 2009 1352 11,
2039 1307 2094 1343 tit.
2115 1317 2141 1352 1,
2162 1318 2245 1352 xm,

388 1384 483 1408 xvm
495 1370 519 1408 ⁴.
577 1373 694 1418 Altre‚
723 1374 865 1418 invece,
895 1378 1068 1420 spettano
1097 1374 1129 1410 ai
1160 1373 1315 1420 precetti
1343 1372 1497 1408 morali:
1540 1372 1556 1390 ⁸
1573 1373 1632 1408 De
1669 1384 1803 1421 sponsa
1842 1373 2001 1410 duorum
2038 1380 2076 1410 et
2108 1386 2128 1410 e
2159 1387 2246 1412 con-

394 1440 409 1457 “
426 1451 532 1476 verso
550 1465 584 1487 „,
621 1441 635 1459 ‘⁴
652 1440 711 1475 De
739 1441 961 1487 cognatione
989 1440 1166 1487 spirituali
1195 1445 1232 1476 et
1260 1439 1346 1475 filiis
1373 1445 1458 1476 ante
1487 1439 1546 1476 vel
1576 1445 1660 1486 post
1688 1440 2033 1477 confi-aternitatem
2068 1442 2205 1490 genitis
2222 1469 2237 1488 „

387 1507 471 1543 Lib.
499 1507 566 1552 1V,
595 1507 649 1543 tit.
678 1518 718 1543 Ν
746 1519 766 1542 e
793 1505 858 1553 x⁵,
887 1519 911 1542 o
940 1507 975 1543 al
1010 1509 1025 1527 “
1044 1509 1103 1543 De
1133 1508 1247 1543 usuris
1264 1535 1278 1552 „
1314 1507 1400 1543 Lib.
1431 1508 1479 1553 V,
1510 1508 1565 1544 tit.
1595 1519 1649 1543 xv
1663 1503 1689 1553 ⁶,
1718 1520 1742 1544 o
1771 1507 1806 1542 al
1832 1507 1847 1526 ‘⁴
1867 1508 1925 1543 De
1946 1509 2178 1546 testamentis
2206 1515 2245 1546 et

400 1573 414 1590 “
431 1573 568 1610 ultimis
595 1574 842 1611 voluntatibus
860 1602 878 1622 „
898 1571 921 1610 ⁷.

474 1642 542 1677 Pin
570 1641 744 1678 notevole
773 1642 866 1678 assai
895 1654 961 1688 per
988 1643 1024 1678 la
1052 1642 1166 1679 storia
1193 1641 1253 1679 del
1284 1643 1447 1679 celibato
1477 1642 1536 1678 dei
1565 1644 1672 1691 preti,
1703 1643 1772 1679 che
1799 1644 1839 1679 in
1867 1645 1987 1681 verita
2024 1644 2083 1681 nel
2121 1644 2246 1683 Saler-

387 1709 513 1744 nitano
541 1720 614 1745 non
642 1709 679 1744 fu
707 1709 824 1745 molto
852 1710 994 1758 seguita
1022 1710 1057 1746 la
1085 1710 1315 1757 proibizione
1344 1707 1563 1756 canonica⁸‚
1593 1711 1613 1745 ὲ
1643 1709 1678 1745 13
1711 1712 1726 1730 ‘⁴
1746 1711 1808 1746 De
1837 1711 2116 1748 cohabitatione
2137 1711 2244 1749 cleri-

393 1775 408 1793 “
427 1787 554 1813 corum
581 1781 618 1812 et
645 1776 837 1812 mulierum
865 1782 902 1813 et
930 1776 1073 1814 clericis
1102 1778 1376 1814 concubinariis
1393 1808 1408 1826 „
1443 1778 1531 1814 Lib.
1560 1778 1623 1825 ΙΙΙ,
1652 1779 1709 1816 tit.
1739 1776 1815 1826 11'3
1845 1780 1881 1815 la
1909 1779 2019 1829 quale
2055 1781 2243 1828 prescrive

387 1843 454 1878 che
482 1854 612 1878 nessun
639 1849 755 1890 prete,
784 1844 943 1880 diacono
971 1857 991 1880 e
1019 1844 1259 1891 suddiacono,
1288 1845 1398 1881 abbia
1420 1846 1458 1882 in
1478 1857 1564 1882 casa
1593 1857 1666 1882 una
1686 1846 1895 1882 concubina
1914 1859 1938 1882 o
1957 1859 2030 1883 una
2049 1847 2186 1885 femina
2205 1848 2244 1886 di

388 1910 483 1945 male
512 1909 634 1956 affare,
664 1922 684 1946 e
713 1911 892 1948 minaccia
920 1912 954 1947 la
982 1913 1196 1948 scomunica
1224 1924 1245 1948 a
1274 1913 1386 1961 quelli
1413 1914 1482 1949 che
1501 1914 1769 1950 scientemente
1788 1927 1834 1951 ne
1852 1915 2037 1952 ascoltino
2057 1915 2092 1952 la
2110 1927 2243 1954 messa.

476 1977 506 2013 E
533 1977 567 2013 la
593 1989 657 2014 sua
684 1979 827 2016 attivita
854 1980 882 2015 si
911 1981 1108 2016 manifesto
1137 1981 1252 2017 anche
1282 1980 1341 2017 nel
1371 1991 1505 2028 campo
1535 1980 1630 2017 della
1658 1981 1872 2019 letteratura
1890 1983 2120 2030 agiografica
2140 1996 2161 2020 e
2181 1983 2242 2022 dei

385 2043 551 2089 breviari,
582 2057 606 2080 ο
633 2044 732 2092 degli
760 2046 859 2082 uffici
888 2046 985 2083 della
1014 2047 1136 2083 chiesa
1164 2047 1402 2093 Salernitana,
1433 2060 1542 2085 come
1571 2048 1774 2086 affermano
1801 2049 1990 2097 l’Ughelli,
2021 2050 2047 2086 il
2075 2051 2204 2088 Tafuri
2223 2063 2244 2088 e

389 2110 413 2146 il
441 2110 558 2157 Soria,
587 2125 607 2148 e
635 2113 805 2161 ripetono
832 2114 858 2150 il
886 2115 959 2150 Del
987 2116 1047 2151 Re
1075 2126 1096 2150 e
1125 2115 1162 2151 lo
1189 2115 1315 2152 Arndt
1329 2112 1365 2151 ¹⁰.
1421 2116 1506 2164 Egli
1535 2117 1700 2154 avrebbe
1729 2118 1877 2154 scritto:

475 2277 482 2292 ¹
503 2279 660 2313 Privilegio
673 2282 722 2307 cit.
733 2282 777 2307 del
793 2283 826 2308 28
837 2284 951 2308 ottobre
964 2283 1039 2317 1169,
1053 2284 1181 2310 inedito:
1198 2284 1212 2298 ‘⁴
1222 2284 1278 2308 Ro-

1334 2285 1379 2309 De
1396 2288 1495 2317 quarta
1515 2286 1643 2310 decimae.
1682 2285 1727 2311 Cf.
1748 2293 1817 2319 pure
1835 2285 2017 2317 Fruunnrmc,
2038 2288 2162 2322 Quinque
2175 2297 2243 2314 com·

390 2319 542 2346 “mualdus
560 2322 612 2347 Dei
638 2325 731 2355 gratia
755 2325 895 2350 secundus
914 2325 1114 2352 Salernitanus
1140 2327 1279 2360 archiepi-

1329 2327 1479 2358 pilationes
1499 2329 1634 2360 antiquae,
1654 2328 1781 2362 Lipsiae,
1803 2328 1880 2360 1882,
1901 2338 1928 2362 p.
1951 2337 1981 2363 13
2001 2338 2016 2355 e
2036 2338 2076 2364 sg.
2097 2331 2126 2356 nl
2140 2332 2242 2365 rlspet·

980 1172 1079 1217 Cosi‚
1108 1170 1154 1206 ad
1184 1171 1363 1218 esempio,
1394 1170 1524 1206 alcune
1553 1169 1590 1205 di
1620 1175 1748 1218 queste
1786 1170 1963 1208 decretali
2002 1171 2254 1220 disciplinano'

389 2360 513 2395 “scopus
532 2363 639 2389 dilecto
658 2365 689 2389 ln
712 2364 830 2391 Christo
855 2367 916 2392 filio
940 2368 1026 2393 Petro
1051 2368 1227 2394 Mannarino
1253 2371 1281 2394 et

387 2403 467 2429 “eius
480 2405 627 2431 heredibus
649 2408 677 2432 in
691 2411 867 2441 perpetuum.
904 2411 1007 2435 Divini
1022 2414 1050 2436 et
1063 2413 1182 2437 humani
1196 2413 1280 2446 juri:-

388 2444 507 2478 “pactio
533 2449 659 2480 postulat
683 2451 711 2475 et
736 2452 889 2483 pastoralis
917 2453 1002 2478 officii
1030 2461 1083 2479 nos
1109 2454 1280 2479 sollicitudo

388 2486 559 2522 “compellit
583 2491 805 2518 christianorum
831 2494 959 2520 fidelium
984 2498 1053 2521 vota
1080 2497 1227 2522 attendere
1253 2500 1281 2522 et

387 2529 504 2556 “eorum
523 2533 705 2559 devotionem
725 2537 752 2560 et
771 2537 821 2569 pia
840 2537 996 2563 desiderare
1022 2539 1057 2563 ad
1084 2540 1157 2564 bone
1180 2547 1279 2572 opera-

389 2572 503 2598 “cionis
523 2575 648 2600 studium
668 2577 797 2608 incitare,
818 2580 848 2603 ut
867 2580 975 2604 bonum
995 2581 1071 2612 quod
1087 2581 1122 2606 ab
1134 2582 1176 2606 eis
1191 2583 1279 2616 inspi-

387 2613 490 2641 “rante
503 2618 628 2643 Domino
649 2620 776 2645 studiose
796 2622 902 2654 incipit
922 2624 1077 2655 pastoralis
1092 2624 1181 2658 officij
1196 2625 1278 2649 bene-

389 2656 402 2670 “
413 2657 476 2682 ficio
495 2661 522 2684 et
540 2660 695 2686 stud10sius
714 2662 876 2695 impleatur.
914 2663 991 2693 Quia
1010 2666 1102 2698 igitur
1121 2667 1225 2692 dilecte
1249 2668 1278 2692 in

388 2698 526 2726 “Christo
544 2701 599 2726 filii
617 2703 699 2728 Petre
719 2704 888 2730 Mannarine
902 2714 1053 2738 personam
1073 2710 1151 2733 tuam
1171 2710 1279 2734 sincere

388 2739 539 2768 “caritatis
559 2745 684 2770 affectum
709 2746 858 2780 diligimus
883 2750 1013 2782 precibus
1038 2752 1143 2775 ecclam
1169 2752 1279 2776 domini

389 2783 487 2817 “Pape
505 2786 669 2812 Alessandri
693 2789 837 2815 admoniti
863 2792 1003 2823 peticioni
1030 2795 1077 2817 tue
1102 2795 1136 2818 de
1160 2795 1279 2820 ecclesia

387 2824 400 2838 ⁸
412 2826 567 2853 edificanda
586 2836 603 2854 a
622 2837 697 2855 novo
718 2831 883 2858 fundamine
893 2850 991 2866 ......

472 2868 484 2886 ²
501 2870 642 2903 Uonzm,
661 2877 702 2903 op.
721 2875 774 2903 cit„
795 2874 856 2905 VII,
876 2884 902 2908 p.
923 2882 983 2908 405.

473 2910 484 2927 ³
503 2911 548 2938 Cf.
570 2915 720 2944 Οἰνοπίωνι,
740 2923 767 2949 p.
787 2922 846 2950 259.

473 2952 483 2969 ⁴
505 2954 549 2980 Cf.
574 2957 604 2980 F.
624 2956 723 2989 JAFFk,
751 2960 874 2992 Regesta
900 2962 1061 2991 Pontificum
1089 2965 1278 2996 Romanorum,

389 3002 436 3019 nn.
455 3003 532 3028 9141,
551 3005 629 3031 9143.
649 3006 729 3032 9145,
746 3001 826 3034 914⁶·
845 3003 918 3027 colle
943 3004 1095 3030 decretali:
1123 3007 1161 3032 Ae
1181 3008 1207 3032 si
1230 3009 1279 3032 cle-

388 3037 617 3068 ricis-conterere.-
637 3042 715 3066 Lice!
728 3046 825 3073 preter
843 3046 964 3076 solitumJ
983 3048 1028 3071 De
1053 3050 1278 3080 cetero-admitti.-

1336 2369 1390 2394 tivl
1412 2369 1503 2395 titoli.

1424 2411 1435 2428 ⁶
1450 2411 1552 2445 juta,
1570 2417 1612 2444 op.
1631 2414 1687 2445 cia,
1708 2421 1756 2439 nn.
1776 2421 1856 2447 9141,
1876 2422 1947 2448 9143
1965 2422 1981 2440 e
2000 2416 2080 2449 9148,
2100 2417 2175 2442 delle
2195 2417 2243 2443 de-

1334 2457 1451 2481 cretali:
1472 2458 1551 2483 Licet
1564 2460 1782 2490 preter-seculo,·
1807 2460 1900 2486 Utrum
1921 2462 2125 2487 autem-lrabeat.

1424 2497 1436 2515 ⁶
1454 2499 1541 2530 Imm,
1561 2502 1638 2531 idem,
1660 2509 1707 2526 nn.
1721 2509 1802 2534 9144,
1816 2508 1897 2536 9147,
1917 2503 1992 2528 colle
2006 2505 2159 2531 decretali:
2177 2505 2242 2531 cam

1336 2545 1364 2566 tu
1383 2542 1591 2569 sicut-liberari.

1423 2582 1434 2600 ⁷
1455 2583 1564 2613 Questa
1584 2586 1724 2612 decretale
1744 2595 1802 2613 non
1822 2587 1837 2613 ὲ
1858 2589 1987 2614 indicata
2007 2589 2044 2614 da
2057 2588 2181 2622 F.Jaffe3
2195 2598 2241 2616 mn

1335 2630 1444 2654 trovasi
1467 2631 1496 2654 in
1518 2630 1698 2663 Famosum,
1720 2636 1761 2664 op.
1781 2634 1835 2664 cit..
1856 2641 1882 2667 p.
1896 2640 1939 2666 32,
1953 2633 2017 2659 Lib.
2035 2633 2085 2664 111,
2100 2635 2146 2660 tlt.
2160 2641 2240 2660 xxm

1334 2671 1381 2696 Ad
1398 2673 1647 2703 hec-personarum.

1423 2712 1434 2729 ⁸
1454 2714 1486 2739 C.
1501 2715 1535 2740 A.
1550 2715 1677 2747 Gmwm,
1696 2718 1760 2742 Otia
1775 2718 1959 2750 diplomatica.
1976 2720 2045 2744 Note
2060 2720 2094 2744 ed
2105 2719 2241 2752 aggi-mee

1334 2758 1392 2781 alla
1414 2757 1507 2782 storia
1526 2759 1571 2783 del
1591 2759 1711 2785 Celibato
1731 2761 1912 2787 ecclesiastico
1931 2762 2086 2787 nell'ltalia
2106 2763 2240 2788 Mert‘dio·

1333 2800 1396 2823 nale
1415 2801 1460 2825 dei
1477 2802 1560 2826 secoli
1579 2803 1629 2827 XI
1644 2811 1661 2828 a
1681 2804 1769 2833 ΧΙΙΙ,
1791 2805 1820 2828 in
1842 2803 2059 2830 Bollettino
2079 2805 2183 2830 dello.
2197 2805 2236 2831 R.

1334 2841 1554 2868 Accademia
1573 2845 1607 2868 di
1629 2845 1799 2876 Sclenze,
1825 2846 1979 2872 Lettere
2005 2855 2019 2872 e
2038 2847 2143 2873 Belle
2161 2849 2238 2874 arti

1334 2883 1371 2908 di
1390 2885 1575 2918 Palermo,
1596 2887 1737 2920 Pakrmo,
1755 2896 1830 2922 1920,
1843 2890 1932 2915 Anno
1949 2897 2026 2922 1919,
2041 2891 2109 2916 fasc.
2127 2897 2148 2921 ι,
2163 2898 2190 2925 p.
2204 2898 2240 2926 30

1334 2934 1348 2951 e
1367 2935 1407 2959 sg.

1421 2968 1433 2985 ⁹
1447 2969 1547 3003 jamra,
1562 2976 1603 3003 op.
1617 2973 1671 3003 cit„
1685 2982 1733 2999 nn.
1748 2982 1827 3007 9144,
1843 2981 1928 3007 9147:
1945 2976 2238 3003 clericos-arceantur.

1424 3010 1446 3027 ¹⁰
1465 3012 1606 3045 Uonmm,
1627 3018 1668 3045 op.
1690 3016 1746 3046 cit„
1766 3016 1828 3044 VII.
1848 3025 1875 3049 p.
1897 3024 1962 3050 404:
1985 3017 2018 3042 G.
2040 3018 2240 3044 Bmmnnmo

1334 3051 1460 3083 TAFURI,
1485 3055 1578 3080 Storia
1604 3057 1684 3089 ‹leg-li
1709 3059 1841 3083 Scrittori
1864 3059 1895 3084 di
1919 3060 2024 3090 Napoli
2049 3060 2157 3091 (scritta
2182 3059 2238 3093 da),
