2398 3470
0 485 11 573 J}

0 575 10 625 ξ

0 762 10 794 ,ε

0 1069 10 1217 ἒ

0 1219 8 1276 ξ

0 1360 15 1646 Ξ

0 1650 14 1690 i

0 1807 15 1966 ἑ

0 2012 10 2083 Ξ

0 2103 13 2272 ἓ

113 618 131 649 5

92 884 130 915 10

90 1148 129 1182 15

155 276 239 322 ιἈΑ
257 287 290 315 α
311 287 410 315 11³⁹
395 289 506 321 noni
737 282 1027 319 ROMUALm
1055 283 1417 320 SALERNITANl

157 357 173 364 a
175 357 1984 365 ...............................................................................................................................................................................................
1987 359 1999 365 -

153 403 322 437 tinentem
345 414 408 447 pro
431 414 534 447 posse
558 411 694 438 uastare
719 410 754 438 et
774 405 992 439 Lombardos
1015 406 1114 445 alios,
1137 406 1196 450 qui
1218 405 1288 438 illis
1302 361 1503 449 prestabant
1518 405 1693 445 auxilium,
1709 405 1754 439 ab
1771 416 1890 439 eorum
1906 406 1999 439 adiu-

153 456 244 490 torio
265 456 460 490 reuocare.'
507 457 676 491 Suasione
697 464 813 491 autem
836 458 1134 502 Cremonensium,
1163 465 1312 492 castrum
1344 459 1478 498 Creme,
1503 458 1599 502 quod
1621 459 1902 493 Mediolanenses
1934 470 1998 503 pro

154 521 255 554 posse
277 509 431 550 iuuabat,
453 517 489 544 et
511 511 803 544 Cremonensibus
826 511 970 545 uiriliter
991 512 1179 554 resistebat,
1201 518 1365 555 potenter
1388 512 1537 550 obsedit,
1562 523 1628 545 nec
1643 513 1739 556 prius
1755 512 1799 546 ab
1816 513 1997 546 obsidione

154 563 313 601 cessauit,
336 573 516 607 quousque
539 563 651 607 ipsum
674 571 818 608 caperet
840 570 876 598 et
898 576 917 598 a
940 565 1176 598 fundamentis
1198 571 1374 598 euerteret
1388 567 1407 599 ¹.

243 617 382 650 Interea
404 616 581 650 Adrianus
601 628 694 661 papa
718 618 810 661 apud
833 617 1030 662 Anagniam
1053 624 1206 651 mortuus
1229 624 1291 656 est,
1314 629 1406 652 anno
1429 620 1651 662 pontificatus
1666 620 1718 652 sui
1734 620 1864 663 quinto,
1881 631 1998 655 mense

155 676 290 709 octauo,
314 670 438 703 diebus
460 681 534 710 sex,
557 682 649 704 anno
672 681 758 704 uero
782 672 957 705 dominice
980 671 1239 709 incarnationis,
1262 670 1427 714 MCLIX,
1450 671 1643 706 indictione
1669 671 1769 712 XIII,
1800 673 1910 716 prima
1942 675 1999 708 die

154 723 381 766 Septembris.
427 723 562 767 Corpus
585 735 669 758 uero
693 725 766 757 eius
788 725 902 758 Rome
925 723 1067 757 ductum
1091 730 1144 757 est
1167 730 1203 758 et
1224 724 1260 757 in
1285 725 1434 758 ecclesia
1458 724 1550 758 beati
1574 725 1670 758 Petri
1694 736 1774 759 cum
1798 727 1931 761 honore
1948 738 2000 760 se-

152 776 285 819 pultum
297 776 320 810 ².
366 777 495 811 Omnes
517 783 633 811 autem
655 777 852 811 cardinales
876 788 954 811 cum
978 778 1152 821 episcopis
1174 777 1209 810 in
1234 778 1357 810 eadem
1379 778 1534 811 ecclesia
1557 780 1769 823 congregati,
1786 780 1898 823 primo
1915 793 2001 814 una-

154 829 291 862 nimiter
313 837 554 864 conuenerunt
576 831 613 864 in
636 830 807 864 electione
830 830 986 864 Rolandi
1007 831 1169 864 Romane
1192 830 1343 864 ecclesie
1367 831 1570 864 cancellarii
1594 837 1629 865 et
1660 833 1850 866 cardinalis
1881 834 2001 868 Sancti

153 883 278 922 Marci,
301 883 361 926 qui
383 884 436 916 uir
458 884 651 928 religiosus>
664 890 699 917 et
721 884 844 917 timens
868 884 991 923 Deum,
1014 883 1238 917 considerans
1261 884 1348 917 tanti
1370 884 1515 917 honoris
1538 886 1720 930 sarcinam,
1744 897 1806 928 pro
1831 897 1932 929 posse
1948 899 2002 920 re-

153 936 243 969 stitit
263 943 298 970 et
319 937 537 982 repugnauit.
582 937 750 982 Episcopi
772 947 857 970 uero
881 943 916 970 et
938 936 1135 971 cardinales
1158 937 1387 970 adtendentes
1410 938 1592 983 indignum
1608 939 1685 971 fore
1702 939 1916 980 sacerdocio,
1933 941 1999 974 nisi

151 990 258 1022 fuerit
281 990 460 1023 ordinatus
483 991 621 1030 inuitus,
644 990 843 1033 predictum
866 990 1113 1023 cancellarium
1137 990 1312 1024 humiliter
1333 997 1584 1034 repugnantem
1608 992 1800 1036 elegerunt,
1823 1000 1858 1026 et
1873 1004 1998 1037 papam

153 1042 392 1076 Alexandrum
413 1043 560 1076 tercium
583 1043 803 1077 nominarunt
814 1045 836 1077 ’.
883 1044 1078 1087 Episcopus
1098 1054 1184 1078 uero
1206 1044 1451 1077 Tusculanus‘
1474 1055 1552 1077 cum
1569 1045 1724 1078 Iohanne
1740 1046 1865 1080 Pisano
1883 1048 1997 1080 cardi-

153 1096 223 1130 nali
247 1096 369 1130 Sancti
392 1095 547 1136 Martini,
570 1102 605 1130 et
628 1096 788 1130 Guidone
812 1096 1002 1131 Cremense
1016 1100 1038 1136 ⁸,
1063 1097 1191 1130 auxilio
1215 1098 1441 1141 quorumdam
1466 1098 1633 1131 laicorum
1658 1105 1693 1131 et
1723 1099 1936 1147 falsagraui,⁶
1967 1107 2001 1134 et

153 1150 289 1183 comitis
311 1150 586 1184 Blandacensis⁷
608 1150 812 1184 nunciorum
834 1150 1063 1194 imperatoris,
1086 1150 1147 1194 qui
1169 1157 1253 1184 tunc
1277 1151 1392 1184 Rome
1415 1157 1523 1190 erant,
1540 1152 1771 1200 Octauianum
1787 1153 2002 1186 cardinalem

153 1203 285 1236 Sancte
309 1202 442 1237 Cecilie
464 1204 644 1247 elegerunt
667 1210 702 1236 et
717 1202 804 1237 eum'
826 1214 953 1247 papam
977 1204 1156 1238 Uictorem
1178 1210 1394 1238 uocauerunt
1405 1207 1428 1238 ³.
1474 1204 1676 1238 Alexander
1697 1212 1812 1238 autem
1837 1217 1915 1239 cum
1946 1217 1998 1239 re-

152 1256 254 1300 liquis
277 1256 512 1290 cardinalibus
535 1262 571 1290 et
594 1256 770 1300 episcopis
800 1257 836 1290 in
867 1257 954 1290 turri
983 1257 1079 1291 beati
1110 1257 1207 1290 Petri
1236 1268 1274 1290 se
1305 1258 1451 1301 recepit.
1497 1257 1709 1291 Octauianus
1740 1259 1876 1292 interim
1907 1260 2001 1304 cepit

151 1310 335 1353 pecuniam
358 1310 500 1343 multam
522 1320 587 1354 per
609 1309 739 1344 Urbem
764 1311 973 1354 expendere,
997 1316 1033 1344 et
1055 1316 1232 1344 senatores
1253 1317 1290 1344 et
1310 1312 1478 1355 populum
1501 1312 1547 1344 ad
1570 1322 1668 1344 suum
1691 1312 1857 1345 auxilium
1873 1324 2002 1356 prouo-

153 1372 235 1396 care
248 1366 271 1396 ⁹.
317 1362 521 1397 Alexander
542 1374 627 1398 uero
650 1363 779 1397 auxilio
802 1363 961 1397 Ocdonis
990 1364 1184 1407 Fraiapane
1215 1370 1249 1397 et
1278 1364 1426 1398 aliorum
1458 1365 1624 1398 nobilium
1657 1376 1735 1398 cum
1767 1366 2003 1400 cardinalibus

244 1528 268 1545 1.
287 1520 428 1553 pertinere
450 1521 474 1546 C
490 1535 523 1540 -
542 1528 567 1546 2.
587 1528 671 1554 posce
691 1522 715 1546 C
730 1528 745 1545 e
762 1521 854 1546 Arndt
871 1534 881 1540 -
895 1522 949 1546 No.
962 1522 997 1546 de
1010 1520 1250 1546 Cremonensibus
1263 1523 1291 1546 et
1305 1522 1398 1546 castro
1411 1520 1519 1554 Creme,
1534 1522 1580 1547 nel
1596 1523 1716 1555 margine
1733 1531 1747 1547 e
1765 1523 1796 1548 di
1813 1531 1890 1549 mano
1902 1527 2003 1549 recente

155 1563 179 1588 C
196 1576 229 1581 -—
247 1570 273 1595 3.
292 1563 431 1588 iuvabant
448 1564 600 1596 aggimtaeo
618 1563 654 1588 da
672 1571 749 1588 mano
766 1566 869 1588 recente
891 1563 915 1588 C
931 1577 964 1582 —
984 1571 1008 1595 4.
1028 1565 1150 1589 castrum
1174 1563 1274 1589 Creme
1298 1564 1454 1589 destruitur
1478 1565 1569 1589 scritto
1593 1565 1638 1589 nel
1661 1566 1781 1597 margine
1805 1566 1840 1590 da
1859 1574 1935 1590 mano
1950 1566 2002 1598 pini

152 1609 254 1630 recente
275 1606 299 1631 C
315 1619 348 1623 —
366 1604 392 1630 6.
412 1612 488 1630 anno
508 1605 653 1630 dominice
672 1607 883 1631 incarnationIs
901 1605 1008 1631 MCLX
1025 1606 1065 1635 A;
1084 1613 1160 1631 anno
1180 1607 1214 1631 ab
1234 1608 1435 1632 incarnatione
1453 1607 1571 1631 Domini
1593 1607 1713 1632 MCLIX
1735 1607 1758 1632 C
1772 1615 1786 1631 ι
1805 1608 1910 1638 Ανηᾱες
1925 1616 2002 1633 anno

152 1647 261 1672 domin.
280 1649 389 1673 incarn.
410 1647 517 1673 MCLX
535 1648 561 1672 B
578 1655 592 1672 e
612 1648 688 1673 Sam
707 1662 740 1666 —
760 1655 784 1681 7.
803 1648 971 1674 Febbruarii
989 1649 1015 1673 A
1033 1657 1047 1673 e
1067 1650 1094 1674 B
1110 1657 1123 1673 ε
1143 1649 1227 1678 Sauo,
1245 1649 1291 1673 che
1314 1651 1430 1674 annotat
1458 1649 1564 1675 “Obiit
1590 1649 1734 1674 Adrianus
1758 1650 1798 1675 IV
1823 1658 1898 1675 anno
1928 1656 2003 1683 1159,

119 1694 134 1721 ς
156 1689 275 1723 “primo
301 1690 347 1714 die
371 1689 553 1723 Septembris,
579 1692 610 1716 ut
634 1698 669 1715 ex
695 1690 803 1716 duabus
827 1691 959 1724 epistolis
978 1690 1118 1716 Friderici
1138 1691 1321 1724 imperatoris
1339 1692 1368 1716 et
1386 1691 1545 1716 Alexandri
1567 1691 1614 1722 111,
1633 1691 1739 1716 Summi
1760 1692 1909 1717 Pontificis
1928 1693 2002 1725 apud

92 1979 124 1998 10

92 2191 121 2217 ¹⁵

90 2401 124 2420 20

90 2613 122 2640 ²5

88 2823 124 2850 30

89 3036 122 3063 35

156 1731 329 1764 “Baronum‚
357 1732 394 1757 ad
411 1732 486 1757 hunc
506 1740 612 1757 annum
631 1734 754 1758 constat.
791 1732 878 1758 Error
895 1733 942 1758 hic
961 1732 1090 1758 Libraril
1109 1733 1185 1759 credi
1205 1735 1308 1766 potest,
1328 1741 1390 1758 cum
1410 1734 1440 1758 in
1463 1734 1561 1758 codice
1587 1742 1601 1758 a
1627 1733 1748 1759 Carusio
1775 1736 1914 1768 producto
1939 1734 2003 1767 (cto)

156 1774 267 1806 “quello
280 1774 352 1799 della
363 1775 424 1799 Bib.
446 1775 517 1800 Com.
536 1776 566 1799 d!
582 1773 715 1807 Polemo)
733 1775 844 1807 legatur
862 1782 940 1800 anno
959 1775 1110 1800 Dominice
1130 1777 1342 1801 Incarnationis
1363 1781 1437 1809 1159,
1459 1776 1505 1800 die
1523 1777 1615 1810 prima
1635 1777 1824 1810 septembris„
1846 1791 1878 1795 —
1902 1784 1941 1802 11.
1962 1785 2002 1801 re-

150 1817 248 1842 stituit
271 1816 294 1841 C
311 1830 319 1835 -
339 1817 519 1842 attendentes
537 1818 705 1848 suprascr-tuo
724 1817 827 1841 d'alera
847 1825 924 1842 mano
940 1824 987 1843 con
1006 1817 1149 1842 tnebiostro
1166 1818 1279 1842 :Modico
1298 1819 1322 1844 C
1340 1831 1373 1836 —
1396 1823 1435 1849 ις.
1455 1819 1556 1843 comiti
1577 1820 1600 1844 C

239 1926 246 1942 ¹
266 1928 388 1953 Annales
404 1928 512 1954 Mediot.
526 1929 644 1958 maiores,
658 1930 716 1959 cit..
730 1937 756 1962 p.
767 1928 828 1962 368.
866 1928 915 1954 Gli
929 1929 1049 1954 Annales

149 1970 349 2003 &damnem
362 1970 566 1997 Larumna
581 1972 611 1996 in
623 1970 663 1997 Μ.
678 1972 712 1997 G.
728 1972 770 2002 E,
784 1972 843 2003 SS.‚
857 1970 930 2003 XVI,
945 1979 973 2004 p.
987 1979 1047 2005 344,

148 2020 163 2038 e
182 2010 328 2039 Gnorws
345 2012 668 2045 Rnxeuznsnnaoausm,
686 2014 728 2038 Da
752 2014 954 2046 investigamus
971 2013 1047 2038 Anu-

149 2055 256 2085 christi,
281 2055 301 2088 1,
329 2061 492 2089 111,c.57,
521 2057 550 2080 in
577 2056 719 2081 Archiv
750 2055 806 2080 fur
834 2056 960 2080 Kunde
987 2056 1049 2080 der

149 2097 366 2123 Osterreieh
380 2097 602 2123 Geschichts
615 2099 775 2131 quellen,
787 2098 846 2130 XX,
859 2106 886 2131 p.
903 2103 960 2130 145,
971 2098 1049 2123 affer-

149 2147 235 2166 mano
253 2140 305 2166 che
323 2142 332 2166 1
353 2140 488 2166 Milanesi
507 2142 531 2166 si
551 2141 736 2166 sollevarono
756 2143 859 2166 contro
881 2140 1017 2166 Federico
1035 2140 1048 2165 1

148 2181 322 2208 Barbarossa
335 2190 385 2216 per
398 2184 572 2216 istigazione
585 2184 614 2208 di
626 2182 793 2217 Guglielmo
806 2183 820 2209 1
832 2190 847 2208 e
860 2184 890 2208 di
904 2183 1047 2215 Rolando,

149 2225 317 2250 csnoelliere
329 2225 406 2251 della
419 2224 524 2251 Chiesa
537 2225 567 2251 di
582 2225 683 2255 Roma,
702 2226 753 2251 che
767 2226 797 2251 fu
812 2227 860 2258 poi
881 2232 954 2260 papa
967 2225 1048 2251 Ales-

149 2267 254 2293 sandro
273 2267 321 2293 111.
341 2268 383 2298 R„
403 2268 454 2293 che
473 2270 496 2293 si
517 2270 626 2293 mostra
645 2269 718 2294 assai
739 2269 901 2294 informato
925 2268 1000 2293 della
1013 2268 1049 2292 ri-

149 2309 230 2335 volta
249 2311 278 2335 di
299 2310 411 2336 Milano
429 2319 445 2336 e
463 2310 533 2336 loda
551 2312 743 2344 giustamente
763 2311 880 2336 l’erolca
899 2311 992 2337 difesa
1017 2311 1045 2336 di

149 2354 213 2385 quei
233 2352 371 2378 clttadini
389 2355 491 2379 contro
505 2353 709 2387 l’imperatore,
722 2354 876 2379 manifesta
890 2353 1047 2379 l’interesse

149 2394 200 2419 che
217 2394 248 2420 la
265 2396 345 2420 corte
364 2395 530 2420 Normanna
549 2396 579 2420 di
599 2395 703 2421 Sicilia
722 2404 736 2421 e
749 2396 778 2421 la
792 2395 881 2421 Curis
894 2396 1048 2421 Pontificia

147 2443 278 2462 avevano
296 2437 327 2463 di
340 2440 437 2463 tenere
456 2439 622 2470 impegnsto
642 2438 664 2463 ll
686 2438 858 2464 Barbarossa
879 2438 956 2463 nelle
975 2439 1048 2464 lotte

148 2477 225 2504 della
244 2479 417 2505 Lombardia
436 2487 486 2513 per
498 2480 635 2505 distrarlo
650 2487 665 2504 e
678 2481 876 2506 allontsnarlo
890 2487 1048 2514 comunque

148 2520 306 2546 dall'Italia
317 2521 516 2547 Meridionale.
554 2522 620 2547 Non
633 2521 648 2548 ὲ
661 2523 853 2556 improbabile
866 2524 916 2548 che
930 2524 1048 2558 proprio

148 2570 198 2596 per
216 2563 271 2588 tali
291 2564 408 2596 ragIoni
426 2572 440 2589 e
459 2572 509 2598 per
528 2572 611 2590 avere
630 2564 773 2590 l’esercito
793 2567 898 2598 pronto
918 2573 933 2590 e
958 2567 1048 2591 sotto-

149 2612 234 2630 mano
253 2603 420 2639 Gugsselmo
445 2606 457 2631 1
482 2613 541 2631 non
568 2607 653 2632 abea
680 2608 890 2632 strenuamente
915 2607 1010 2633 difeso
1037 2609 1045 2632 i

149 2648 270 2680 possessi
291 2647 435 2674 Asi-leani.
473 2649 527 2673 Per
546 2647 592 2674 cio
610 2649 661 2674 che
682 2650 817 2682 riguarda
828 2649 985 2675 I’interesse
997 2650 1048 2675 ebe

150 2689 178 2714 la
196 2688 301 2715 emesa
320 2690 349 2715 di
369 2689 461 2716 Roma
480 2692 625 2724 prendeva
638 2699 707 2725 pure
721 2692 797 2717 nella
810 2699 911 2725 guerra
923 2692 952 2717 di
966 2691 1049 2718 Lom-

150 2732 249 2757 bsrdla
268 2740 282 2757 e
301 2740 380 2758 come
400 2733 427 2758 le
445 2734 531 2759 stesse
550 2740 567 2758 a
580 2741 665 2759 cuore
678 2734 730 2760 che
742 2732 886 2760 Cremona
900 2742 958 2760 non
972 2734 1047 2760 sone

149 2774 295 2804 dhtrutta,
315 2774 351 2800 cs.
365 2775 452 2807 Boso,
464 2774 521 2801 Bb.
534 2774 648 2806 Pontlfi.
667 2775 702 2808 11,
724 2784 751 2809 p.
771 2783 838 2808 400:
852 2776 865 2790 ⁸
879 2793 903 2802 ..
914 2795 920 2802 .
932 2795 938 2802 .
949 2777 1048 2810 ponti-

153 2815 224 2841 “fex
244 2818 361 2842 nuntios
381 2825 444 2842 cum
464 2818 633 2851 apostolicis
651 2818 759 2844 liiteris
778 2818 917 2851 (perduc)
931 2819 967 2845 ad
979 2827 1046 2844 eun-

153 2858 240 2884 ‘dem
258 2860 467 2893 imperatorem,
488 2861 517 2885 in
538 2861 667 2893 partibus
686 2860 857 2887 Lombardle
869 2861 1048 2887 obsidentem

153 2901 167 2915 ‘⁴
176 2900 317 2934 Cremam,
335 2902 484 2928 humiliter
502 2902 669 2932 destInavit,
688 2905 808 2937 cupiens
826 2910 889 2929 eum
914 2904 950 2929 sd
968 2911 1047 2930 amo-

153 2943 167 2957 ⁴‘
176 2951 234 2969 rem
253 2944 379 2969 Ecclesie
393 2946 422 2970 in
443 2946 520 2970 omni
535 2945 676 2978 patientia
687 2947 716 2970 et
730 2945 949 2971 mansuetudine
967 2953 1046 2972 revo-

153 2986 247 3016 “care,
272 2987 425 3012 secundum
452 2987 529 3012 beati
557 2986 642 3012 Pauli
667 2988 795 3021 apostoli
823 2987 950 3013 dictum:
977 2988 1046 3014 Noli

154 3027 257 3054 “vinci
276 3036 292 3053 a
311 3028 397 3058 malo,
417 3030 459 3054 set
478 3030 560 3054 vince
581 3030 611 3053 in
632 3029 709 3054 bono
729 3029 835 3055 malum
846 3046 871 3062 ,,.

239 3069 250 3086 ¹
270 3071 352 3102 noso,
376 3069 435 3096 ub.
458 3070 568 3102 Anus..
589 3071 623 3101 11,
648 3079 675 3105 p.
700 3077 770 3105 397:
798 3071 981 3098 “Defunctus
1006 3073 1048 3098 est

1104 1929 1295 1962 “(Adrianus)
1315 1929 1390 1962 apud
1408 1930 1574 1963 Anagniam
1594 1931 1631 1955 kl.
1652 1931 1829 1963 septembris,
1849 1934 1877 1956 et
1903 1934 2001 1957 vectus

1105 1971 1257 2002 “Romam,
1270 1972 1302 1997 in
1321 1972 1441 1998 ecclesia
1459 1973 1538 1998 beati
1558 1973 1635 1998 Petri
1657 1975 1736 1998 iuxta
1756 1981 1861 2006 corpus
1880 1974 2002 2006 Eugenii

1106 2014 1119 2027 ‘¹
1130 2021 1202 2048 pape
1214 2014 1371 2040 honorifice
1390 2015 1548 2040 tumulatus
1569 2016 1612 2040 est
1623 2033 1648 2047 η.

1192 2055 1203 2072 ³
1223 2057 1235 2081 Ι
1253 2057 1422 2089 particulari
1442 2058 1470 2082 di
1491 2057 1607 2082 codesta
1626 2058 1752 2083 elezione
1773 2059 1878 2083 surono
1893 2060 2000 2083 narrati

1105 2099 1182 2124 dallo
1200 2101 1291 2125 stesso
1310 2098 1445 2124 Rolando
1465 2099 1643 2132 Bandineili,
1666 2099 1678 2113 ⁸
1691 2102 1808 2126 natione
1821 2101 1938 2130 Tuscus.
1952 2109 2001 2135 pa-

1107 2141 1120 2155 “
1130 2143 1187 2167 tria
1206 2141 1347 2171 Senensis,
1367 2144 1395 2167 et
1407 2137 1489 2175 patre
1505 2142 1647 2167 RaInutio
1658 2160 1680 2173 η,
1701 2145 1730 2168 in
1746 2145 1825 2168 varie
1839 2144 1938 2168 lettere
1951 2144 2002 2168 che

1105 2185 1206 2209 scrisse
1225 2185 1255 2209 in
1274 2185 1338 2217 quel
1357 2186 1462 2218 tempo.
1502 2185 1647 2210 Notevole
1667 2187 1832 2219 sopratutto
1851 2185 1946 2218 quella
1966 2186 2002 2210 da

1104 2227 1144 2252 lui
1165 2228 1278 2252 invIata
1297 2227 1533 2253 all’arcivescovo
1554 2229 1583 2252 di
1604 2227 1731 2253 Ginevra
1751 2229 1786 2254 da
1804 2229 1959 2254 Terracina
1981 2230 2001 2253 il

1105 2267 1139 2294 26
1156 2270 1220 2294 sett.
1243 2269 1656 2303 1159',JAFF15:-L0EW12N1²ELD‚
1677 2279 1703 2295 n.
1729 2270 1823 2303 10584‚
1848 2271 1899 2295 che
1926 2269 2002 2295 servi

1102 2311 1131 2336 dl
1157 2312 1223 2337 base
1248 2312 1305 2337 alia
1324 2313 1538 2345 compilazione
1557 2313 1585 2337 di
1608 2314 1682 2338 Boso
1701 2314 1732 2337 in
1751 2313 1809 2338 Lib.
1830 2312 1942 2344 Pontis„
1969 2313 2003 2342 Π,

1102 2361 1129 2387 p.
1149 2359 1199 2387 397
1218 2361 1234 2379 e
1253 2362 1308 2387 seg.
1345 2353 1434 2383 Quivi
1455 2353 1470 2379 ὲ
1490 2355 1570 2380 detto
1590 2356 1640 2380 che
1659 2357 1729 2380 tutti
1753 2356 1760 2379 i
1785 2355 1924 2380 cardinali
1952 2362 2002 2379 vo-

1104 2398 1208 2422 tarono
1236 2405 1286 2430 per
1316 2396 1452 2423 Rolando
1483 2398 1674 2430 “....preter
1699 2397 1893 2422 Octavlanum
1920 2398 2000 2422 tituli

1105 2437 1119 2451 ⁴⁴
1129 2438 1233 2464 Sancte
1247 2439 1364 2469 Cecilie,
1377 2440 1534 2465 Iohannem
1548 2440 1629 2465 tituli
1643 2440 1742 2464 Sancti
1757 2440 1876 2465 MartIni
1889 2442 1917 2464 et
1931 2439 2003 2464 Gui-

1106 2481 1119 2494 “
1130 2482 1234 2507 donem
1258 2482 1341 2507 tituli
1361 2481 1487 2508 Callixti
1508 2483 1682 2516 presbiteros
1701 2482 1871 2507 Cardinales
1882 2499 1907 2508 ..
1918 2501 1924 2507 .
1937 2501 1941 2506 .
1955 2499 1979 2514 n·

1193 2521 1205 2539 ⁴
1226 2524 1239 2537 ‘¹
1250 2524 1357 2550 Imarus
1370 2542 1394 2557 η,
1414 2533 1431 2549 o
1453 2524 1468 2538 α
1479 2525 1599 2550 Ymarus
1620 2524 1799 2550 Tusculanus
1811 2525 1964 2558 eplacopus
1979 2542 2003 2555 „-

1191 2563 1202 2581 ⁵
1221 2565 1308 2598 Boso,
1332 2565 1388 2591 ub.
1408 2565 1517 2598 antifi,
1539 2566 1572 2597 11,
1594 2574 1620 2599 p.
1641 2572 1707 2599 399:
1730 2565 1907 2590 “Mcmorati
1934 2573 2002 2591 vero

1102 2605 1256 2642 ⁴¹1[marus]
1275 2608 1310 2633 de
1330 2608 1464 2633 Morrone
1483 2610 1511 2632 et
1525 2606 1646 2641 G[uido]
1662 2606 1824 2632 Cremensis
1839 2609 1869 2631 in
1884 2609 2003 2633 cecitate

1105 2648 1119 2662 “
1130 2656 1177 2674 sue
1196 2651 1321 2675 tenebris
1340 2650 1476 2675 obvoluti
1487 2666 1510 2675 ..
1522 2669 1528 2676 .
1539 2667 1547 2675 .
1558 2668 1582 2682 ,,.

1191 2690 1202 2708 ⁸
1221 2691 1332 2719 Ottone
1353 2693 1391 2718 VI
1412 2695 1497 2718 conte
1516 2693 1651 2718 Palatino
1672 2692 1699 2717 di
1722 2692 1920 2719 Wittelsbach.

1191 2733 1202 2751 '¹
1220 2733 1365 2760 GuIdone.

1190 2774 1202 2793 ⁸
1221 2777 1335 2803 Vittore
1354 2777 1404 2807 IV,
1424 2778 1470 2803 dei
1490 2779 1572 2802 conti
1592 2777 1767 2803 Monticelli.

1190 2817 1202 2835 ⁰
1214 2820 1302 2851 Boso,
1315 2819 1372 2845 Lib.
1383 2818 1496 2852 Portus„
1508 2820 1543 2850 11,
1556 2827 1582 2852 p.
1597 2819 1663 2852 398:
1677 2820 1690 2833 “
1699 2820 1811 2845 Interea
1824 2821 1933 2853 populo
1947 2821 2003 2845 Ro-

1103 2860 1117 2874 “
1128 2868 1212 2887 mano
1226 2870 1309 2896 super
1322 2863 1404 2887 tanta
1421 2863 1592 2887 inmanitate
1606 2862 1783 2887 acclamante
1798 2865 1826 2887 et
1845 2863 1876 2887 in
1889 2862 2001 2887 eosdem

1104 2902 1274 2930 “senatores
1294 2905 1473 2929 vehementer
1494 2905 1641 2936 fremente,
1660 2904 1855 2937 predIctorum
1882 2905 2002 2930 fratrum

1104 2945 1118 2959 ⁸
1127 2949 1288 2972 conventus
1303 2954 1366 2972 cum
1377 2955 1428 2972 suo
1438 2947 1530 2971 electo
1544 2946 1578 2971 de
1593 2947 1674 2972 iliius
1686 2947 1858 2972 munitionis
1871 2947 2004 2973 custodia

1104 2987 1171 3013 “est
1183 2991 1305 3022 ereptus,
1326 2992 1368 3014 set
1389 2990 1418 3014 in
1439 2989 1542 3014 artiori
1562 2991 1590 3014 et
1608 2990 1708 3015 tutiori
1730 2989 1796 3014 loco
1810 2989 1885 3022 apud
1898 2990 2004 3014 Trans-

1105 3031 1243 3056 “tiberim
1269 3039 1319 3064 per
1337 3031 1450 3056 eosdem
1471 3033 1624 3063 senatores,
1651 3033 1763 3065 recepta
1784 3032 1851 3057 inde
1871 3032 2003 3065 pecunin,·

1104 3072 1270 3099 “mantione
1292 3074 1349 3099 fuit
1368 3074 1526 3099 transistus
1538 3091 1562 3106 ,μ

2031 2063 2066 2089 40

2031 2280 2062 2307 45

2032 2489 2067 2515 50

2034 2703 2065 2730 55

2094 417 2133 438 iul.
2149 423 2159 437 2

2082 477 2100 491 c.
2117 471 2177 496 2515

2102 526 2153 545 1160

2082 578 2127 599 ian.
2145 580 2171 598 26

2103 638 2154 658 1159

2085 688 2143 711 sept.
2161 692 2168 706 1

2085 742 2143 765 sept.
2158 745 2171 764 4

2085 796 2143 818 sept.
2159 799 2170 818 5

2086 1061 2144 1083 sept.
2160 1064 2171 1083 7

2082 1225 2180 1244 c.2j5ss
