2398 3470
171 265 255 301 1AA.
275 265 308 295 c.
328 265 479 299 ⁶³9-fissl
754 258 1043 294 ROMUALDI
1075 257 1439 294 SALERNI'I'ANI
1957 257 2021 292 131

175 337 197 344 n·-
199 333 2032 345 .....................................................................................................................................................................................................

167 397 205 424 ut
227 391 349 430 fertur,
373 391 521 424 medicis
543 397 717 424 uenenata
740 390 973 424 medicamina
996 388 1326 433 superponentibus,
1350 390 1423 432 ipse
1448 396 1602 422 mortuus
1626 396 1687 422 est.
1737 390 1752 406 ‘⁴
1767 390 1887 423 Hicin
1903 390 2033 427 edicto,

174 444 298 487 “quod
320 443 469 477 Rothari
496 454 559 476 rex
588 449 845 486 composuerat,
879 443 996 487 aliqua
1027 443 1177 486 capitula
1208 443 1295 486 legis
1326 452 1394 485 que
1426 442 1484 484 [ei]
1516 442 1616 475 utilia
1647 448 1735 480 sunt,
1768 443 1908 475 adiecit.
1955 442 2035 475 Fuit

173 500 315 531 “autem
338 507 486 540 corpore
509 497 656 536 ualidus,
679 498 828 530 audacia
852 498 993 540 primus,
1018 498 1120 530 caluo
1144 491 1270 539 capite,
1287 495 1396 528 barba
1412 496 1633 538 prominenti,
1659 506 1728 528 non
1745 496 1859 528 minus
1875 496 2035 534 consilio,

172 553 305 595 “quam
326 550 459 584 uiribus
483 552 679 584 decoratus.
727 551 832 584 Cuius
856 561 983 592 corpus
1006 550 1177 593 sepultum
1201 556 1252 582 est
1275 550 1311 581 in
1334 549 1480 582 basilica
1504 549 1597 582 beati
1613 549 1788 582 Ambrosii
1813 549 2034 587 confessoris,

124 605 142 638 5
173 607 188 623 “
202 616 305 649 quam
329 603 460 638 dudum
483 605 559 647 ipse
582 605 673 637 intra
688 604 912 637 Ticinensem
937 604 1113 636 ciuitatem
1139 603 1338 636 construxit.
1385 603 1455 635 Hic
1486 608 1566 645 post
1587 609 1733 635 mortem
1760 602 1916 645 Ariperti
1944 603 2035 646 regis

171 658 340 702 “expleto
366 658 435 691 iam
463 668 533 690 uno
563 669 655 691 anno
684 664 719 691 et
753 657 928 690 mensibus
960 657 1077 696 tribus,
1109 656 1422 700 Langobardorum
1455 666 1601 699 regnum
1634 656 1773 694 inuasit,
1806 657 2036 700 regnauitque

173 712 300 745 “annis
322 722 476 751 nouem„
497 710 517 744 ¹.
563 711 672 755 Igitur
694 710 831 743 Pertari
859 710 948 742 filius
982 710 1138 752 Ariperti
1169 711 1272 754 regis,
1303 711 1348 743 de
1380 720 1449 752 quo
1477 720 1581 752 supra
1605 709 1764 748 diximus,
1789 710 1850 753 qui
1874 710 1969 752 prius
2000 710 2037 742 in

166 764 312 809 Scythia
335 765 547 804 exulauerat‚
571 770 694 807 postea
716 773 801 796 uero
834 764 869 795 in
902 764 1016 796 Gallia
1044 774 1123 795 cum
1147 764 1190 795 de
1220 763 1334 796 Gallia
1369 773 1492 795 nauem
1517 763 1723 795 ascenderet
1761 768 1795 795 ut
1818 764 1854 795 in
1888 763 2035 795 insulam

165 818 343 851 Britannie
367 823 402 850 et
427 818 474 851 ad
497 828 616 861 regem
642 817 819 850 Saxonum
843 822 1083 854 transmearet,
1108 816 1201 849 haud
1229 817 1334 860 longe
1355 827 1377 848 a
1400 816 1503 848 litore
1525 825 1596 848 uox
1615 814 1746 848 au'dita
1770 822 1832 849 est.
1887 816 1958 857 Vos,
1976 817 2037 859 qui

11 863 23 905 ’ἶ
45 861 67 909 Ῑ,
104 873 143 905 10
166 872 203 904 in
225 871 310 904 naui
330 872 421 913 estis,
445 871 548 903 dicite
571 870 752 911 Perthari,
783 874 822 902 ut
843 874 1043 902 reuertatur
1065 871 1101 902 in
1124 870 1278 913 patriam
1301 880 1405 911 suam,
1431 870 1511 912 quia
1534 870 1640 901 tertia
1672 869 1744 901 dies
1767 874 1817 901 est
1838 869 1937 902 hodie
1972 881 2039 912 qua

43 915 45 921 ¹
168 925 388 959 Grimoaldus
409 926 452 957 ab
475 925 540 957 hac
561 925 634 957 luce
655 923 846 956 subtractus
869 929 930 956 est.
979 922 1060 961 Quo
1077 924 1196 956 audito
1219 923 1392 961 Perthari,
1418 923 1575 967 quamuis
1597 923 1775 955 neminem
1799 923 1945 962 uideret,
1969 930 2037 956 sta-

165 979 227 1012 tim
250 985 367 1011 tamen
390 988 550 1011 reuersus
573 983 626 1010 est
650 982 685 1009 et
709 977 836 1009 exinde
862 977 907 1009 ad
931 977 1078 1019 patriam
1101 977 1261 1015 tendens,
1290 986 1408 1009 mense
1432 976 1537 1009 tertio
1560 982 1640 1019 post
1667 982 1814 1009 mortem
1843 976 2037 1009 Grimoaldi

165 1033 202 1065 in
224 1042 370 1075 regnum
398 1031 532 1064 leuatus
556 1036 618 1063 est.
666 1030 750 1062 Erat
773 1036 888 1062 autem
912 1030 1074 1062 Perthari
1091 1040 1155 1061 rex
1169 1030 1225 1062 uir
1247 1031 1336 1073 pius,
1354 1030 1422 1063 fide
1438 1029 1643 1068 catholicus,
1667 1029 1798 1062 iustitie
1822 1035 1926 1062 tenax
1953 1040 2039 1072 pau-

27 1119 30 1120 ?
54 1127 56 1130 y
166 1095 358 1129 perumque
380 1080 594 1128 largissimus
618 1083 778 1117 nutritor.
827 1082 898 1121 Qui
923 1083 1039 1116 statim
1062 1084 1303 1116 Beneuentum
1338 1083 1432 1115 misit
1455 1089 1491 1115 et
1514 1082 1763 1116 Rodelandam
1795 1093 1891 1115 suam
1915 1083 2038 1116 coniu-

13 1138 26 1165 3
52 1166 53 1171 ,
101 1137 140 1173 15
163 1149 242 1183 gem
273 1144 309 1171 et
331 1138 560 1183 Cunipertum
591 1137 699 1169 filium
725 1137 798 1170 eius
822 1136 1005 1170 reuocauit
1017 1135 1039 1169 ¹.
1088 1136 1160 1175 Qui
1184 1144 1222 1169 ut
1245 1137 1344 1180 regni
1368 1137 1444 1168 iura
1467 1136 1633 1178 suscepit,
1658 1136 1696 1167 in
1721 1136 1799 1168 loco
1835 1137 1927 1169 unde
1953 1137 2035 1169 olim

167 1193 316 1237 fugerat,
340 1191 438 1224 iuxta
453 1191 617 1224 Ticinum
635 1191 828 1224 construxit
844 1190 1089 1223 monasterium
1105 1191 1141 1222 in
1158 1191 1325 1223 honorem
1341 1195 1462 1222 sancte
1486 1190 1630 1233 uirginis
1658 1196 1693 1222 et
1708 1190 1869 1233 martyris
1885 1189 2036 1233 Agathe,

165 1247 203 1279 in
225 1255 295 1289 quo
318 1244 444 1278 multas
466 1244 622 1288 uirgines
657 1244 889 1288 congregauit
912 1243 1085 1287 rebusque
1116 1244 1247 1286 pariter
1279 1254 1321 1276 ac
1349 1243 1561 1277 ornamentis
1589 1243 1735 1276 didauit.
1781 1243 1924 1287 Regina
1952 1253 2038 1276 uero

165 1298 240 1332 eius
262 1308 350 1332 uxor
372 1297 553 1331 basilicam
577 1303 697 1330 sancta
720 1297 787 1330 Dei
811 1297 990 1341 genitricis
1015 1303 1051 1329 et
1073 1297 1219 1341 uirginis
1244 1297 1357 1330 Marie
1386 1307 1454 1340 que
1476 1297 1522 1330 ad
1546 1296 1703 1330 Perticas
1727 1297 1936 1339 appellatur,
1953 1297 2038 1330 miro

166 1362 274 1396 opere
298 1351 458 1385 condidit
483 1351 767 1395 ornamentisque
792 1350 974 1383 decorauit
986 1349 1008 1383 ³.

28 1427 30 1429 »
47 1399 54 1437 ³1
102 1406 145 1439 20
255 1405 395 1438 Interea
420 1404 641 1449 Dagobertus
666 1405 881 1437 Francorum
904 1415 976 1443 reX‚
1001 1403 1171 1447 profluuio
1194 1405 1325 1437 uentris
1350 1404 1521 1442 laborans,
1546 1404 1643 1437 circa
1669 1404 1810 1437 fluuium
1835 1404 2034 1446 Sequanam

42 1450 58 1461 ”
168 1458 261 1492 haud
282 1458 408 1501 procul
430 1469 451 1490 a
477 1457 617 1490 Parisiis
649 1456 744 1490 diem
775 1456 899 1490 clausit
931 1463 1133 1504 extremum.
1180 1457 1287 1490 Cuius
1319 1467 1447 1500 corpus
1478 1458 1514 1489 in
1547 1457 1699 1490 ecclesia
1730 1457 1842 1490 sancti
1874 1457 2034 1501 Dionysii

167 1511 335 1556 Martyris
360 1511 532 1554 sepultum
557 1517 620 1544 est.
668 1511 749 1544 Fuit
772 1516 888 1543 autem
912 1510 1132 1554 Dagobertus
1155 1521 1217 1543 rex
1240 1511 1429 1544 admodum
1453 1517 1586 1550 cautus,
1610 1511 1751 1554 ingenio
1768 1516 1911 1550 astutus,
1939 1511 2035 1544 circa

167 1565 357 1599 beneuolos
380 1570 416 1598 et
438 1564 504 1597 sibi
528 1564 651 1598 fideles
674 1570 884 1603 mansuetus,
907 1564 1099 1597 rebellibus
1131 1571 1244 1597 autem
1277 1575 1319 1597 ac
1350 1564 1491 1607 perfidis
1522 1564 1626 1596 ualde
1655 1564 1837 1603 terribilis3
1871 1565 2035 1598 exercitis

45 1652 51 1664 ᾗ
168 1619 325 1662 corporis
347 1618 566 1661 maximeque
597 1618 776 1651 uenationi
809 1618 962 1656 deditus,
995 1623 1098 1661 atque
1130 1618 1166 1650 in
1196 1618 1289 1651 omni
1314 1618 1469 1662 agilitate
1494 1627 1667 1661 corporea
1694 1624 1871 1655 strenuus3
1896 1618 2031 1661 peritia'

9 1680 11 1685 ’
43 1687 65 1705 1v
103 1672 144 1706 25
168 1682 307 1717 quoque
332 1677 437 1715 atque
460 1671 592 1705 uirtute
616 1671 652 1703 in
674 1671 767 1704 bello
791 1671 992 1714 preualidus
1005 1670 1027 1703 ⁴.
1073 1670 1121 1703 At
1150 1682 1192 1704 eo
1216 1678 1374 1713 tempore
1402 1681 1471 1714 quo
1494 1671 1569 1713 ipse
1598 1671 1789 1704 defunctus
1819 1677 1882 1711 est,
1914 1672 2038 1704 eadem

51 1729 59 1738 ²
167 1726 256 1759 hora.
277 1725 418 1759 cuidam
441 1725 597 1758 solitario
626 1724 660 1756 in
692 1724 842 1769 quadam
873 1724 985 1756 insula
1017 1724 1138 1757 Sicilie
1170 1724 1325 1768 degenti,
1357 1724 1418 1767 qui
1450 1725 1625 1757 Iohannes
1655 1724 1841 1757 dicebatur
1870 1725 2037 1765 Eremita‚

167 1791 246 1813 cum
268 1790 305 1812 se
329 1779 446 1822 sopori
471 1779 635 1818 dedisset,
659 1779 752 1811 haud
775 1777 900 1821 procul
923 1778 959 1810 in
982 1777 1110 1822 pelago
1135 1778 1312 1811 deformes
1344 1778 1537 1811 truculente
1566 1778 1660 1811 facie
1689 1779 1857 1811 demones
1880 1779 2037 1811 uinctum

55 1927 58 1928 ⁷
169 1886 246 1920 loca
268 1886 453 1919 trahentes.
503 1884 576 1924 Qui
600 1886 769 1919 distentus
792 1885 1017 1924 cruciatibus,
1046 1884 1136 1918 inter
1159 1885 1367 1929 agitationes
1391 1891 1426 1917 et
1447 1895 1606 1922 ueruera,
1635 1886 1867 1928 quorumdam
1898 1892 2036 1918 sancto-

11 1955 13 1966 :
36 1942 39 1971 1
103 1941 146 1974 30
167 1951 243 1974 rum
267 1939 474 1974 audiebatur
495 1939 671 1982 postulare
694 1939 872 1983 suffragia.
920 1938 1007 1971 Cum
1032 1944 1176 1981 repente
1202 1944 1323 1981 aperto
1347 1938 1437 1977 celo,
1461 1939 1554 1971 inter
1577 1938 1725 1971 fulmina
1748 1938 1786 1970 in
1809 1939 1934 1972 fluctus
1958 1950 2037 1972 cum

39 1984 69 1987 ’Ὗ
168 1994 308 2038 fragore
331 1992 481 2032 ruentia,
503 1992 568 2025 uisi
591 1998 669 2025 sunt
685 1991 910 2030 descendisse
926 1991 994 2024 uiri
1012 1992 1140 2024 decore
1155 1992 1307 2024 nitentes
1327 1991 1488 2024 mirabili.
1535 1991 1733 2034 Requirere
1751 1992 1926 2025 solitarius
1942 1993 2038 2035 cepit

168 2047 212 2080 ab
235 2047 286 2080 eis
308 2047 368 2090 qui
392 2052 515 2079 essent.
562 2044 636 2084 Qui
661 2045 827 2079 dixerunt
849 2055 886 2077 se
902 2054 978 2078 esse
1002 2045 1081 2078 illos
1104 2055 1192 2088 quos
1214 2044 1434 2089 Dagobertus
1457 2045 1504 2078 ad
1521 2056 1619 2078 suum
1635 2051 1829 2078 uocauerat
1853 2045 2035 2084 solatium

168 2101 372 2144 Dionysium
395 2099 562 2139 uidelicet
577 2110 619 2132 ac
643 2098 852 2132 Mauricium
879 2104 1049 2142 martyres
1075 2108 1142 2131 nec
1159 2108 1230 2131 non
1248 2104 1283 2131 et
1306 2098 1498 2131 Martinam
1518 2099 1765 2131 confessorem.
1812 2099 1858 2131 Hi
1881 2106 2034 2142 ereptam

46 2186 58 2199 ,ἵ
169 2153 371 2187 demonibus
393 2153 555 2195 animam,
578 2163 695 2186 secum
719 2153 765 2185 ad
789 2152 932 2185 aethera
955 2152 1160 2184 leuauerunt
1184 2158 1349 2184 canentes
1372 2152 1467 2184 hunc
1483 2151 1676 2185 Psalmum:
1702 2151 1833 2184 Beatus
1849 2164 1947 2195 quem
1971 2153 2038 2185 cle·

13 2215 15 2254 j
51 2201 70 2223 ³⁷
104 2205 145 2240 35
167 2207 261 2251 gisti
273 2212 307 2240 et
327 2206 550 2251 assumpsisti,
574 2206 730 2247 Domine,
755 2205 923 2238 habitauit
945 2206 982 2237 in
1005 2205 1131 2238 atrinis
1153 2206 1230 2238 tuis.
1277 2206 1354 2239 Hec
1377 2206 1433 2237 uir
1460 2206 1518 2238 ille
1542 2205 1757 2238 uenerabilis
1774 2205 1948 2238 Iohannes
1963 2206 2038 2239 An-

54 2253 72 2270 ³
166 2260 292 2294 soardo
315 2260 494 2294 defensori
518 2259 733 2293 Pictauensis
757 2259 921 2298 ecclesie,
946 2259 1006 2302 qui
1029 2265 1111 2291 tunc
1135 2265 1262 2292 euectu
1284 2259 1399 2291 nauali
1423 2265 1540 2302 partes
1562 2259 1775 2302 peragrabat
1797 2259 1917 2292 Sicilie
1934 2261 2036 2293 retuli

169 2323 207 2347 se
229 2314 367 2347 uidisse.
415 2312 487 2352 Qui
510 2314 583 2347 sine
606 2323 704 2345 mora
727 2312 763 2344 in
787 2312 919 2345 Gallias
942 2322 1112 2351 reuersus,
1135 2313 1203 2345 hec
1227 2318 1348 2345 sancto
1372 2311 1546 2345 Audoeno
1564 2312 1719 2345 narrauit
1732 2312 1754 2345 ⁵.

257 2367 364 2401 Anno
387 2366 563 2401 dominice
599 2366 847 2399 incarnationis
870 2365 1000 2399 DCLV
1002 2365 1062 2398 111.
1095 2365 1346 2399 Constantinus
1373 2366 1463 2398 filius
1486 2366 1688 2400 Constantis
1715 2366 1905 2409 superioris
1927 2368 2031 2411 regis,

262 2511 284 2530 1.
304 2504 510 2530 medicamenta
529 2505 556 2529 B
573 2512 586 2528 e
606 2505 696 2533 Sassa;
716 2504 741 2528 Α
753 2505 780 2528 Β
791 2511 860 2528 come
873 2503 998 2534 ΡΛυιυε,
1012 2502 1046 2534 V,
1064 2509 1166 2528 xxxxu
1186 2517 1218 2522 ,-
1238 2503 1280 2536 46.
1295 2503 1390 2529 sithiu
1402 2504 1442 2533 A;
1461 2503 1555 2529 scitia
1570 2504 1594 2530 C
1606 2517 1614 2522 -
1628 2505 1660 2529 ut
1676 2504 1799 2529 insulam
1823 2504 1967 2529 Brittanis
1981 2504 2040 2531 BC

174 2560 207 2565 —-
224 2553 252 2580 9.
270 2548 319 2572 aut
336 2546 376 2576 A;
396 2547 472 2572 haud
491 2546 576 2579 longe
596 2546 724 2571 litterale
745 2547 770 2572 C
786 2559 820 2564 —
843 2552 979 2578 10-11-13.
999 2545 1108 2571 Pertarl
1131 2546 1155 2571 C
1172 2559 1203 2564 -
1227 2551 1266 2578 15.
1281 2547 1468 2579 cumperitum
1487 2547 1574 2571 invect
1593 2547 1625 2570 di
1641 2546 1830 2579 Cunipertum
1850 2547 1874 2572 C
1891 2561 1924 2565 —-
1946 2546 1986 2572 16.
2007 2556 2039 2573 ac

174 2589 302 2615 Martlris
322 2589 360 2619 C;
381 2588 494 2622 Agathe
513 2589 589 2614 Sasso
607 2603 641 2608 —
664 2595 703 2622 ¹7·
724 2588 861 2620 rebusque
879 2595 912 2613 ac
931 2589 1038 2620 pariter
1057 2589 1236 2614 ornamentis
1256 2590 1281 2615 C
1304 2602 1338 2607 —
1366 2588 1405 2614 18.
1426 2596 1484 2621 quo
1512 2589 1546 2613 ad
1574 2590 1698 2622 perticas
1719 2590 1744 2614 C
1759 2603 1792 2607 -—
1813 2596 1855 2614 21.
1875 2597 1891 2614 a
1910 2589 1994 2614 Prius
2014 2591 2040 2617 C

14 2653 18 2672 i
55 2645 88 2669 <ff
175 2631 216 2657 2⁶.
237 2631 330 2657 insule
351 2632 376 2658 C
393 2644 403 2650 -
423 2632 561 2657 heremita
582 2632 606 2657 C
623 2645 655 2649 —
677 2636 718 2663 27.
739 2631 788 2655 aut
809 2631 833 2656 C
849 2645 882 2649 —
902 2637 944 2664 29.
964 2632 1089 2656 truentes
1111 2631 1135 2655 C
1151 2644 1161 2649 -
1181 2631 1336 2656 cruentius
1358 2631 1384 2655 B
1404 2639 1418 2655 e
1438 2632 1515 2657 Sasso
1535 2645 1565 2649 -—
1591 2638 1633 2663 34.
1654 2631 1769 2656 hethera
1793 2631 1817 2655 C
1833 2646 1865 2650 —-
1885 2637 1927 2663 35.
1947 2632 2037 2657 taber-

128 2679 142 2706 ς
175 2674 285 2700 uacuus
305 2675 332 2699 B
349 2681 362 2698 a
380 2674 473 2702 Sama,-
491 2674 516 2699 A
526 2675 553 2699 B
570 2680 683 2705 “guono
701 2673 725 2698 a
742 2673 834 2699 Sulmo
846 2672 894 2703 64,
907 2677 924 2703 5
935 2674 966 2697 ln
982 2673 996 2686 “
1007 2673 1087 2698 Gesta
1104 2673 1252 2706 Dagobaertn'
1263 2673 1361 2706 [ναμε
1371 2674 1537 2698 Francorum
1548 2691 1573 2705 „.
1586 2688 1618 2692 —
1634 2673 1723 2706 35-36.
1738 2673 1884 2698 Anstardo
1898 2675 1924 2698 B
1935 2682 1948 2698 e
1962 2675 2039 2699 Sasso

62 2715 80 2722 ”
176 2730 209 2736 -
228 2722 270 2750 37.
290 2717 319 2741 ln
340 2715 453 2742 Gallias
476 2716 500 2741 C
515 2729 549 2734 —
568 2715 612 2748 38.
631 2716 719 2741 Anno
739 2716 774 2741 ab
794 2715 994 2740 lncarnatione
1013 2715 1133 2740 Domini
1157 2715 1191 2745 C;
1211 2715 1365 2747 DCLVIII,
1385 2723 1462 2740 mano
1477 2717 1623 2748 posteriore
1641 2716 1757 2740 cancella
1770 2716 1837 2740 VIII
1856 2717 1886 2740 in
1904 2717 1928 2740 A
1949 2730 1959 2735 -
1978 2717 2036 2741 Ini-

176 2758 248 2784 zlsle
265 2760 371 2784 ornata
392 2759 417 2785 C

260 2848 270 2867 ¹
291 2850 416 2879 Faunus,
436 2850 470 2879 V,
491 2856 597 2875 xxxnx.
1130 2850 1145 2883 §
1164 2857 1208 2883 42,
1229 2858 1254 2884 p.
1274 2858 1335 2884 419.
1373 2851 1414 2876 La
1440 2851 1552 2876 notizia
1579 2851 1655 2875 della
1674 2852 1765 2875 morte
1785 2851 1814 2875 di
1833 2851 2000 2883 Dagoberto
2020 2849 2034 2876 b

261 2890 273 2909 ¹
293 2892 380 2923 lnam,
399 2892 453 2917 loc.
474 2894 524 2918 cit.
1131 2891 1199 2927 pero
1219 2895 1307 2919 tratta
1327 2893 1403 2918 dalle
1429 2893 1578 2920 Cronache
1598 2893 1674 2918 dette
1695 2893 1725 2917 di
1744 2893 1918 2926 Fredegario
1938 2893 2033 2918 Scola-

115 2940 147 2960 ιο
261 2931 274 2950 ⁸
291 2934 378 2965 num.
398 2935 432 2964 v,
452 2940 555 2960 xxxxv.
1131 2935 1213 2965 suco,
1234 2935 1283 2960 ub.
1304 2935 1351 2965 IV,
1371 2941 1413 2969 79·

61 2970 64 2974 ’
260 2975 273 2992 ⁴
293 2977 423 3009 Knuscn,
440 2977 479 3003 M.
510 2977 543 3003 G.
569 2977 605 3002 H.
626 2977 676 3003 SS.
704 2976 776 3005 RR..
800 2977 879 3002 Gesta
897 2977 1046 3009 hugoberti
1061 2976 1080 3001 1
1219 2976 1230 2993 ⁵
1251 2977 1381 3006 Knuscn.
1402 2978 1481 3002 Gesta
1499 2978 1647 3010 Dagobertt
1664 2977 1683 3001 I
1696 2978 1768 3009 reg-1¹5
1780 2978 1956 3006 Francorum,
1978 2978 2036 3007 clt.,

173 3019 243 3050 πρὶν
261 3018 437 3048 Francorum,
452 3019 706 3051 Merom'ngn'carum,
722 3018 780 3043 vol.
794 3018 828 3048 ΙΙ,
845 3019 983 3044 Annover
1000 3017 1076 3050 1888.
1130 3020 1144 3052 g
1165 3028 1207 3053 44,
1228 3027 1274 3053 pp.
1294 3027 1343 3053 421
1365 3027 1380 3045 e
1400 3026 1460 3052 422.

2058 268 2272 293 MUR.,cc.129-13o

2111 833 2130 846 c⁴
2147 833 2186 851 159
2194 834 2208 847 α

2109 1630 2130 1645 c.
2146 1630 2186 1649 ¹59
2195 1625 2208 1644 b

168 1843 287 1878 regem
310 1832 548 1877 Dagobertum
580 1843 644 1875 per
667 1832 782 1874 spatia
809 1831 912 1864 maris
947 1832 1119 1875 agitantes
1141 1832 1351 1875 inflictisque
1382 1831 1523 1874 insuper
1554 1831 1758 1864 uerberibus
1788 1833 1835 1866 ad
1861 1832 2038 1865 Vulcania
2078 1863 2082 1866 Δ

2057 2359 2207 2379 Constantius
2222 2359 2259 2380 IV

2056 2391 2077 2406 a.
2093 2386 2120 2406 C.
2136 2387 2176 2410 658

2067 2943 2095 2969 ¹5
