2398 3470
137 280 349 305 Mun.,cc.1³2-1³³
383 269 452 304 134
1150 263 1463 300 CHRONlCON
1926 269 2010 303 [AA.
2031 270 2062 297 c.
2086 272 2236 305 ῡεΊ-Ίοο]

378 402 521 443 “itaque
544 409 662 432 omnes
684 399 818 431 iudices
841 409 909 430 una
933 409 1008 431 cum
1034 397 1237 440 primatibus
1269 395 1442 428 exercitus
1472 395 1604 437 pariter
1628 395 1673 427 ad
1696 396 1770 428 eius
1797 395 2034 429 salutationem
2058 398 2237 430 uenientes

375 452 389 467 ‘⁴
404 452 440 483 in
463 452 535 483 eius
560 450 663 482 laude
688 459 807 482 omnes
837 449 938 481 simul
969 449 1293 486 acclamaverunt„.
1341 446 1446 479 Cuius
1469 445 1677 478 electionem
1702 446 1911 479 Iustinianus
1938 447 2124 491 imperator
2146 449 2237 482 filius

372 503 590 537 Constantini
614 502 762 546 gratuita
793 502 1012 534 confirmauit
1041 501 1247 533 assensione.
1293 499 1417 532 Conon
1442 499 1561 542 itaque
1597 499 1700 543 longa
1724 499 1920 533 infirmitate
1952 501 2112 534 detentus
2144 501 2236 534 diem

374 555 461 587 obiit
483 554 704 596 sepultusque
727 559 779 585 est
801 553 847 585 ad
870 553 1008 585 beatum
1032 551 1173 584 Petrum
1199 550 1393 592 apostolum
1407 549 1427 582 ¹.

158 598 328 649 ’ξῗνέἷᾜζᾷᾜξῗ
465 607 529 640 Cui
553 607 719 639 successit
743 606 896 649 Sergius,
920 605 1061 637 natione
1086 604 1203 647 Syrus,
1227 603 1418 636 Antiochie
1441 603 1596 647 regionis
1620 609 1716 636 ortus
1746 614 1791 637 ex
1821 610 1920 646 patre
1944 604 2087 638 Tiberio
2110 606 2147 638 in
2169 605 2239 638 Pa·
2285 606 2303 638 5

201 667 297 687 c-16211
372 671 493 693 normo
519 659 637 692 Sicilie
672 650 832 701 seditque
865 658 963 691 annis
985 667 1054 690 x111
1078 656 1254 689 mensibus
1276 666 1356 689 vm.
1403 656 1470 689 Hic
1493 657 1644 690 Romam
1675 657 1830 690 ueniens'
1854 658 1918 690 sub
1939 657 2127 691 Adeodato
2150 668 2239 702 pon—

371 715 461 746 tifice
485 713 577 745 inter
601 712 731 745 clerum
757 712 918 744 Romane
944 711 1093 743 ecclesie
1118 715 1386 743 connumeratus
1410 715 1471 742 est.
1525 711 1539 727 ‘⁴
1553 711 1599 743 Et
1622 710 1704 754 quia
1727 711 1900 744 studiosus
1923 717 1997 743 erat
2020 712 2057 743 in
2088 711 2238 745 officium

378 769 392 785 “
406 766 589 804 cantilene,
615 765 760 798 acolitus
783 765 897 797 factus
920 769 983 802 est,
1008 764 1066 807 qui
1091 773 1154 805 per
1176 763 1334 796 ordinem
1359 763 1554 796 ascendens
1578 774 1597 796 a
1620 763 1742 796 Leone
1759 763 1925 805 pontifice
1942 765 1979 796 in
1995 765 2096 797 titulo
2119 771 2237 798 sancte

377 822 390 837 ‘⁴
405 820 561 853 Susanne
585 818 767 861 presbyter
799 818 978 850 ordinatus
1006 822 1067 849 est.
1115 816 1184 848 Hic
1214 816 1352 860 inpigre
1375 827 1440 859 per
1474 817 1652 850 cemiteria
1687 817 1826 850 diuersa
1859 818 2039 850 missarum
2069 818 2239 851 solemnia

375 876 389 891 “
404 872 601 906 celebrabat
616 895 644 913 „.
692 871 871 903 Defuncto
903 880 987 903 uero
1019 870 1164 903 Conone
1195 869 1389 911 apostolice
1420 870 1514 903 sedis
1544 870 1701 912 presule,
1733 876 1770 904 ut
1804 871 1879 903 fieri
1913 870 2049 910 assolet,
2085 871 2235 915 populus
2263 873 2301 904 10

376 927 561 959 “Romane
584 925 681 957 urbis
704 925 739 955 in
764 924 850 956 duas
873 929 990 965 partes
1014 922 1145 956 diuisus
1168 929 1229 961 est,
1253 928 1290 955 et
1312 934 1380 955 una
1404 923 1545 966 quidem
1569 934 1649 966 pars
1678 923 1785 967 elegit
1807 924 2036 957 Theodorum
2059 925 2239 967 archipre-

377 979 589 1022 “sbyterum,
606 978 674 1010 alia
690 987 774 1009 uero
798 977 1006 1009 Paschalem
1030 976 1327 1008 archidiaconum.
1374 976 1420 1009 Et
1438 976 1521 1020 quia
1537 976 1745 1010 Theodorus
1769 976 2053 1021 archipresbyter
2074 988 2152 1011 cum
2175 987 2240 1021 po-

376 1035 390 1051 “
404 1033 485 1076 pulo
509 1033 567 1076 qui
592 1031 626 1063 ei
650 1031 793 1064 fauebat
816 1030 1025 1073 preueniens
1049 1030 1250 1062 interiorem
1279 1035 1414 1071 partem
1437 1030 1642 1072 patriarchii
1672 1030 1801 1068 tenuit;
1833 1030 2014 1064 Paschalis
2037 1041 2122 1064 uero
2145 1037 2240 1065 exte-

376 1086 527 1119 “riorem
552 1091 687 1127 partem
712 1084 756 1116 ab
780 1084 932 1117 oratorio
964 1083 1078 1116 sancti
1108 1082 1281 1122 siluestri,
1313 1088 1349 1116 et
1380 1083 1558 1116 basilicam
1591 1084 1714 1116 domus
1738 1083 1826 1117 Iulie
1850 1095 1919 1128 que
1942 1094 2046 1128 super
2080 1095 2240 1128 campum

379 1142 393 1157 ⁴⁴
407 1139 549 1182 respicit
572 1138 758 1180 occupauit
773 1162 801 1178 „.
847 1137 1004 1180 Cumque
1027 1147 1115 1169 unus
1138 1137 1207 1169 alio
1231 1136 1348 1169 locum
1372 1147 1442 1169 non
1467 1137 1621 1175 cederet,
1637 1137 1700 1170 sed
1722 1138 1862 1182 utrique
1886 1138 2080 1171 immaniter
2102 1149 2239 1181 perma-
2266 1140 2304 1172 15

370 1198 504 1231 nerent,
528 1198 565 1225 ut
589 1203 675 1224 unus
699 1192 805 1224 alium
828 1197 1010 1234 superaret
1035 1190 1155 1223 “inito
1180 1191 1326 1223 consilio
1350 1191 1490 1233 primati
1518 1191 1672 1224 iudicum
1705 1191 1946 1235 exercitusque
1982 1193 2144 1226 Romane
2174 1192 2239 1224 mi-

377 1249 391 1264 “
406 1246 487 1283 litie,
511 1246 567 1277 uel
593 1245 677 1277 cleri
709 1244 855 1286 plurima
886 1254 967 1286 pars
998 1249 1033 1276 et
1060 1244 1242 1286 presertim
1274 1245 1494 1277 sacerdotum
1531 1250 1635 1288 atque
1661 1244 1787 1276 ciuium
1824 1244 2009 1278 multitudo
2032 1245 2078 1278 ad
2101 1255 2238 1278 sacrum

378 1302 391 1316 “
405 1299 569 1341 palatium
588 1303 826 1339 perrexerunt.
858 1298 902 1330 Et
919 1297 979 1329 diu
994 1302 1250 1339 pertractantes
1266 1298 1342 1340 quis
1359 1298 1432 1330 fieri
1451 1296 1610 1336 deberet,
1627 1297 1819 1340 qualiterue
1832 1298 1979 1331 duorum
1994 1298 2238 1332 altercantium

378 1355 392 1370 “
406 1353 595 1385 electorum
619 1351 793 1393 sopiretur
815 1351 976 1389 intentio,
1000 1350 1077 1383 Deo
1094 1355 1281 1392 annuente,
1299 1351 1333 1382 in
1350 1361 1534 1392 personam
1557 1351 1775 1384 denominati
1795 1351 1911 1396 Sergii
1926 1351 2138 1385 uenerabilis
2153 1358 2238 1385 tunc

380 1408 393 1422 ⁴⁴
407 1404 599 1448 presbyteri
623 1404 888 1442 concordantes,
911 1414 947 1436 se
973 1403 1207 1442 contulerunt,
1230 1413 1379 1446 eumque
1395 1404 1439 1436 de
1456 1404 1574 1436 medio
1599 1404 1718 1447 populi
1734 1404 1924 1437 tollentes²
1940 1405 1975 1436 in
1999 1405 2235 1438 Lateranense
2262 1406 2304 1438 20

202 1475 221 1488 c.
240 1471 298 1493 ιαμ
382 1458 624 1501 “episcopium
650 1467 728 1489 cum
765 1457 866 1489 laude
898 1457 1119 1489 deduxerunt
1151 1462 1186 1489 et
1216 1457 1291 1489 sine
1322 1456 1429 1489 mo'ra
1460 1457 1652 1501 elegerunt.
1700 1457 1829 1500 Sicque
1856 1458 1892 1489 in
1916 1459 1998 1491 sede
2022 1458 2118 1491 beati
2141 1458 2239 1491 Petri

379 1511 566 1554 “pontifex
589 1510 769 1543 ordinatus
792 1516 843 1542 est
871 1517 1027 1552 tempore
1045 1509 1224 1542 Iustiniani
1239 1509 1503 1552 imperatoris„.
1551 1510 1694 1553 Sergius
1716 1516 1831 1543 autem
1854 1521 1946 1553 papa
1969 1510 2147 1544 basilicam
2170 1511 2240 1544 La-

370 1571 588 1597 teranensem
611 1563 800 1606 reparauit,
825 1569 859 1596 et
889 1565 953 1596 “ut
976 1562 1102 1606 Agnus
1124 1563 1221 1603 Dei„
1251 1563 1340 1595 intra
1363 1564 1543 1596 missarum
1568 1563 1738 1597 solemnia
1761 1565 2011 1597 decantaretur
2031 1564 2179 1598 instituit
2189 1563 2212 1598 ².

170 1608 337 1655 ’,ε”ζῖἷαζὲἷὲἓξ
467 1619 482 1634 “
498 1617 661 1650 Preterea
683 1616 842 1649 Perthari
866 1616 1181 1660 Langobardorum
1204 1627 1267 1649 rex
1291 1627 1370 1649 cum
1394 1617 1487 1649 solus
1518 1627 1582 1659 per
1612 1622 1746 1659 septem
1770 1628 1878 1650 annos
1901 1623 2090 1661 regnasset,
2114 1624 2239 1651 octauo

375 1673 471 1703 “iam
495 1680 585 1704 anno
610 1670 718 1702 filium
742 1681 839 1702 suum
862 1670 1000 1703 nomine
1038 1668 1267 1712 Cunipertum
1302 1670 1337 1702 in
1370 1679 1478 1713 regno
1511 1677 1708 1703 consortem
1741 1671 1874 1709 asciuit,
1908 1681 1986 1703 cum
2017 1681 2088 1714 quo
2110 1671 2241 1714 pariter
2265 1671 2307 1704 25

379 1726 392 1740 ⁸⁴
408 1735 470 1767 per
492 1724 613 1756 decem
638 1733 747 1756 annos
770 1723 930 1766 regnauit
945 1722 987 1765 „⁴.
1039 1725 1053 1740 “
1069 1721 1142 1761 Qui
1167 1733 1246 1755 cum
1270 1733 1348 1755 xvu
1380 1733 1488 1756 annos
1519 1723 1668 1766 primum
1692 1723 1785 1757 solus
1807 1729 1842 1756 et
1869 1730 1948 1767 post
1971 1734 2047 1757 cum
2082 1724 2155 1757 filio
2184 1735 2240 1757 re·-

378 1780 510 1821 “gnum
534 1776 711 1816 tenuisset,
735 1776 780 1809 ab
803 1777 870 1808 hac
895 1776 972 1809 luce
996 1776 1192 1809 subtractus
1218 1782 1269 1809 est
1298 1787 1493 1819 corpusque
1518 1776 1609 1810 illius
1633 1777 1727 1810 iuxta
1757 1777 1936 1810 basilicam
1961 1777 2092 1810 domiui
2116 1777 2238 1811 Salua-

381 1833 395 1848 “
409 1830 503 1867 toris,
528 1841 631 1873 quam
655 1829 839 1872 Aripertus
862 1836 961 1872 pater
985 1831 1058 1862 eius
1083 1835 1333 1869 construxerat,
1364 1830 1537 1872 sepultum
1570 1836 1631 1863 est.
1678 1830 1759 1862 Fuit
1789 1836 1905 1863 autem
1935 1836 2067 1864 statura
2097 1831 2238 1870 decens,

380 1886 394 1901 ‘⁴
409 1893 552 1925 corpore
577 1882 691 1925 pleno,
715 1882 806 1915 mitis
829 1893 893 1925 per
924 1883 1050 1921 omnia,
1074 1888 1109 1915 et
1138 1882 1310 1923 suauis„⁵.
1357 1883 1448 1915 Huic
1479 1883 1596 1926 itaque
1628 1883 1717 1915 filius
1740 1883 1814 1915 eius
1837 1883 2046 1926 Cunipertus
2070 1883 2105 1916 in
2128 1893 2237 1927 regno

373 1937 548 1969 successit.
595 1935 663 1967 Hic
688 1946 766 1968 cum
791 1936 848 1968 die
873 1936 1023 1979 quadam
1048 1935 1085 1968 in
1109 1936 1252 1969 ciuitate
1285 1936 1402 1969 Ticini
1435 1946 1512 1968 cum
1536 1942 1682 1969 stratore
1714 1946 1776 1969 suo
1805 1937 1989 1969 consilium
2013 1936 2129 1975 iniret,
2153 1947 2240 1980 quo·
2263 1938 2305 1971 30

377 1990 479 2023 modo
502 1988 687 2027 Aldonem‚
712 1995 748 2022 et
771 1989 998 2029 Gmusonem,
1022 1989 1080 2032 qui
1111 1994 1257 2022 mortem
1290 1989 1363 2022 eius
1394 1989 1568 2022 consiliati
1600 1990 1751 2029 fuerant,
1789 1990 1889 2022 “uita
1919 1990 2058 2032 priuare
2081 1990 2238 2029 deberet,

382 2045 553 2085 “repente
578 2042 614 2074 in
638 2042 792 2074 fenestra
812 2053 879 2085 qua
903 2043 1149 2080 consistebant,
1172 2054 1242 2075 una
1266 2043 1310 2075 de
1334 2043 1534 2075 maiusculis
1557 2053 1678 2076 musca
1708 2044 1878 2082 consedit,
1902 2054 2005 2086 quam
2029 2043 2240 2086 Cunipertus

384 2098 398 2114 “
412 2095 563 2134 cultello,
586 2106 690 2138 quem
714 2095 749 2127 in
773 2107 878 2128 manu
902 2095 1042 2128 tenebat
1065 2102 1103 2128 ut
1126 2107 1202 2128 eam
1227 2096 1446 2141 extingueret
1476 2101 1661 2139 percutere
1697 2097 1830 2135 uolens,
1854 2097 1928 2129 eius
1951 2103 2084 2130 tantum
2107 2096 2236 2140 pedem

379 2150 392 2165 “
409 2149 567 2182 abscidit.
610 2147 704 2181 Aldo
728 2159 811 2181 uero
835 2155 870 2182 et
894 2149 1029 2182 Grauso
1054 2150 1135 2182 dum
1159 2150 1204 2183 ad
1228 2149 1394 2192 palatium
1420 2150 1511 2194 regis
1535 2150 1718 2182 consilium
1742 2151 1940 2183 nescientes
1962 2151 2133 2190 uenirent,
2159 2161 2238 2184 cum

378 2202 549 2235 “basilice
573 2202 666 2234 beati
690 2203 840 2235 Romani
864 2203 1024 2247 martyris
1059 2214 1126 2246 que
1158 2213 1269 2246 prope
1305 2203 1472 2246 palatium
1502 2203 1567 2236 sita
1597 2210 1649 2236 est
1679 2204 1982 2246 propinquassent,
2011 2210 2155 2247 repente
2187 2204 2237 2238 eis
2261 2205 2302 2238 35

379 2259 393 2274 “
408 2255 529 2289 obuius
553 2255 693 2298 quidam
719 2256 861 2289 claudus
889 2266 957 2288 uno
980 2257 1072 2299 pede
1095 2262 1257 2289 truncato
1281 2257 1438 2296 ueniens,
1463 2257 1566 2295 dixin
1592 2257 1687 2299 quod
1718 2266 1777 2290 eos
1800 2257 2012 2300 Cunipertus
2039 2257 2069 2290 si
2091 2258 2138 2291 ad
2161 2269 2240 2291 eum

208 2320 228 2335 c.
244 2315 305 2338 1⁶3⁶
388 2312 402 2327 “
415 2308 607 2352 pergerent'
635 2309 812 2341 occisurus
830 2316 928 2342 esset.
970 2308 1041 2348 Qui
1058 2310 1125 2343 hec
1143 2310 1334 2349 audientes,
1351 2321 1478 2354 magno
1493 2310 1619 2343 timore
1636 2311 1800 2353 correpti,
1817 2316 1895 2353 post
1911 2311 2069 2343 altarium
2086 2311 2241 2345 eiusdem

383 2362 397 2377 “
411 2360 551 2393 basilice
576 2360 809 2404 confugerunt
824 2384 853 2401 „.
901 2359 1009 2398 Quod
1034 2361 1114 2393 dum
1140 2361 1333 2404 Cuniperto
1358 2361 1432 2405 regi
1448 2361 1641 2394 nuntiatum
1657 2367 1759 2400 esset,
1774 2367 1956 2394 stratorem
1973 2373 2070 2395 suum
2096 2372 2240 2407 arguere

377 2413 470 2455 cepit
492 2418 530 2445 ut
554 2413 640 2456 quid
665 2413 844 2446 consilium
861 2414 934 2446 eius
950 2414 1099 2456 prodere
1117 2414 1297 2453 uoluisset;
1314 2425 1417 2447 nemo
1435 2415 1526 2447 enim
1542 2415 1630 2447 alius
1645 2415 1727 2448 huic
1744 2415 1909 2448 intererat
1938 2415 2095 2449 consilio.
2147 2417 2163 2434 ⁴‘
2175 2415 2241 2450 Cui

470 2532 494 2556 3.
515 2525 693 2549 ascenssione
714 2526 750 2555 C;
771 2527 936 2550 ascensione
959 2527 985 2550 Β
1002 2533 1016 2550 e
1036 2527 1112 2551 Sasso
1134 2540 1166 2545 —
1187 2535 1211 2559 4.
1237 2527 1402 2560 apostolum
1420 2535 1513 2552 manca
1532 2528 1562 2552 in
1586 2529 1612 2553 B
1629 2536 1643 2552 e
1661 2527 1738 2552 Sasso
1758 2542 1791 2545 —
1818 2535 1841 2560 5.
1863 2527 1917 2552 Cui
1937 2535 2081 2553 successor
2098 2529 2198 2554 extitit
2218 2529 2242 2554 C

381 2579 390 2584 -
410 2566 565 2590 Anthiocie
585 2566 721 2599 regionis,
741 2574 776 2591 ex
796 2569 876 2600 patre
901 2568 1020 2593 Tiberio
1039 2571 1120 2593 ortus
1135 2570 1158 2594 C
1176 2583 1208 2586 —
1230 2575 1254 2602 7.
1274 2571 1483 2594 commorantes
1506 2569 1530 2594 C
1546 2577 1599 2595 non
1616 2571 1838 2595 connumeratus
1850 2571 1893 2595 est
1906 2571 2021 2595 comeL.
2040 2570 2075 2596 P.
2094 2570 2115 2600 1.
2134 2575 2187 2603 370
2205 2584 2239 2588 —

380 2607 404 2632 8.
425 2608 542 2632 ordines
563 2609 589 2633 B
605 2615 619 2632 e
639 2609 715 2633 Sasso
736 2623 766 2628 ——
787 2617 811 2642 9.
831 2609 938 2635 Susane
952 2611 978 2635 B
995 2618 1008 2634 e
1027 2610 1106 2636 Sasso
1125 2624 1134 2629 -
1154 2611 1276 2644 impigre
1301 2619 1351 2645 per
1370 2613 1519 2636 cemeteria
1540 2613 1566 2637 B
1583 2620 1597 2636 e
1617 2613 1694 2638 Sasso
1711 2625 1721 2630 —
1739 2612 1910 2646 sollempnia
1932 2614 1955 2637 C
1972 2626 2006 2630 —
2034 2618 2074 2638 12.
2093 2612 2238 2638 archedia-

378 2658 477 2674 conem
496 2650 520 2674 Α
533 2651 559 2674 Β
570 2652 604 2679 C;
624 2658 702 2682 segue
722 2652 755 2676 L.
769 2652 799 2676 P.
819 2652 840 2681 Ι,
860 2658 908 2685 371
929 2652 975 2676 che
995 2653 1020 2676 R
1037 2653 1111 2685 copia
1130 2666 1163 2673 —-
1186 2661 1225 2686 13.
1239 2654 1369 2679 Paschali
1386 2655 1413 2679 B
1429 2662 1442 2678 e
1461 2654 1538 2679 Sasso
1557 2668 1589 2672 —
1612 2662 1653 2688 14.
1667 2655 1778 2680 ortar10
1794 2656 1817 2679 C
1834 2669 1867 2672 —
1884 2654 1924 2680 16.
1937 2656 2102 2688 superarent
2117 2656 2141 2680 C
2152 2668 2162 2674 -
2181 2655 2239 2688 pri-

340 2697 353 2722 5
384 2694 473 2717 mates
494 2693 520 2716 Β
536 2700 549 2716 e
569 2692 645 2717 Sasso
665 2707 697 2710 -
720 2692 760 2718 18.
780 2694 913 2718 deberent
935 2696 958 2719 C
971 2709 1002 2712 -
1023 2701 1064 2719 22.
1079 2702 1153 2728 papa
1173 2703 1265 2720 manca
1278 2697 1307 2721 in
1324 2698 1351 2721 B
1362 2710 1395 2715 —-
1410 2703 1452 2729 ²3·
1467 2697 1640 2730 sollempnia
1655 2698 1679 2722 C
1690 2711 1723 2716 —
1744 2703 1785 2729 24.
1800 2697 1909 2722 Pei-tari
1925 2698 1949 2723 C
1960 2711 1969 2716 -
1983 2697 2036 2722 VII
2051 2698 2075 2723 C
2086 2709 2119 2716 -—
2133 2696 2176 2722 26.
2189 2704 2240 2731 per

377 2741 394 2757 x
417 2735 455 2758 C·
468 2734 547 2758 XVII
559 2741 651 2759 annos
667 2736 692 2759 Β
703 2743 716 2759 e
729 2735 805 2760 Sasso
818 2749 828 2754 -
842 2736 920 2761 solus
934 2738 1001 2769 post
1016 2738 1041 2761 B
1053 2745 1066 2761 e
1076 2737 1153 2762 Sasso
1165 2751 1198 2756 ——
1212 2744 1254 2770 32.
1269 2739 1421 2763 consendit
1440 2739 1471 2763 a!
1484 2740 1578 2771 prima
1597 2747 1673 2764 mano
1690 2740 1755 2764 C-
1776 2745 1819 2772 37.
1835 2739 1952 2765 audiens
1971 2740 2003 2764 di
2016 2741 2108 2772 prima
2126 2747 2202 2764 mano
2218 2738 2243 2764 C

391 2789 423 2794 -—
443 2783 484 2808 39.
505 2776 646 2801 noluisset
664 2785 715 2801 non
735 2778 874 2802 voluisset
889 2780 912 2803 C
931 2792 939 2796 -
954 2779 1019 2803 huic
1039 2786 1132 2804 manca
1151 2780 1180 2804 in
1202 2781 1228 2804 B
1245 2788 1259 2804 e
1277 2781 1354 2806 Sasso

468 2854 475 2871 ¹
496 2856 525 2880 L.
545 2856 584 2886 P„
604 2856 626 2888 Ι,
645 2856 707 2889 368,
728 2857 788 2891 369.
1425 2861 1436 2879 ³
1455 2862 1541 2892 lnam,
1562 2862 1583 2892 1,
1604 2868 1652 2895 371
1675 2870 1691 2888 a
1709 2862 1771 2895 376.

468 2895 478 2912 ²
498 2898 583 2929 IDEM,
610 2898 632 2927 Ι,
658 2905 720 2931 371,
748 2906 810 2933 37²·
829 2907 856 2929 R,
882 2901 931 2925 che
956 2902 1040 2934 copia
1059 2901 1278 2932 letteralmente,
1423 2905 1433 2922 ⁴
1454 2905 1578 2934 PAous,
1606 2908 1645 2937 op.
1674 2906 1728 2934 cit,
1749 2905 1782 2935 V,
1810 2912 1928 2937 xxxvn,
1960 2905 2168 2930 letteralmente
2193 2911 2240 2929 co-

323 2954 354 2971 10
380 2939 428 2970 qui
447 2942 566 2964 omette:
587 2940 642 2965 “in
668 2942 815 2966 oraculum
841 2943 917 2967 beati
945 2943 1053 2968 Cesarii
1077 2944 1188 2969 Christi
1207 2952 1278 2969 mar·
1338 2947 1426 2978 piato.
2272 2952 2301 2979 ι5

383 2981 488 3012 “tyris,
508 2983 581 3013 quod
603 2986 645 3007 cst
671 2984 749 3007 intro
769 2987 995 3017 suprascriptum
1023 2987 1171 3018 palatium,
1192 2988 1283 3011 intro·
1431 2987 1441 3003 ⁵
1461 2987 1547 3017 IDEM,
1568 2988 1600 3018 V,
1621 2995 1735 3018 xxxvu,
1755 2989 1963 3014 letteraimente
1982 2990 2106 3021 copiato.

385 3036 398 3049 a
414 3023 566 3055 duxerunt,
587 3027 614 3049 et
634 3026 736 3050 exinde
748 3042 771 3058 „-
