2398 3470
95 353 234 387 natione
259 352 457 396 Campanus
481 364 525 386 ex
539 358 640 395 patre
658 350 858 384 Concordio
874 351 1044 384 successit
1058 350 1220 390 Aniceto‚
1244 351 1403 394 seditque
1419 351 1518 383 annis
1534 361 1673 390 nouem,
1697 350 1874 383 mensibus
1889 361 1959 383 sex.

95 407 163 440 Hic
187 407 378 445 constituit,
402 413 441 439 ut
463 407 620 451 legitima
642 413 714 438 non
745 403 914 437 habeatur
945 414 1043 443 uxor,
1074 404 1141 437 nisi
1164 415 1231 447 que
1255 415 1277 437 a
1301 403 1495 437 Sacerdote
1527 404 1633 437 fuerit
1660 404 1858 443 benedicta,
1883 409 1918 436 et
1941 414 1962 436 a

95 514 258 557 tingeret,
283 524 347 546 nec
371 514 408 546 in
432 513 583 547 ecclesia
605 513 786 545 incensum
809 517 967 554 poneret.
1016 511 1063 544 Et
1078 512 1136 544 hic
1152 510 1319 555 martyrio
1343 511 1450 544 uitam
1474 511 1597 550 finiuit,
1622 517 1657 544 et
1679 512 1773 555 jacet
1794 511 1830 543 in
1846 511 1962 553 sepul—

96 620 194 654 dram
217 621 372 663 suscepit
393 619 637 664 pontificalem.
685 619 754 651 Hic
777 618 900 651 iterum
931 619 1093 658 firmauit,
1126 624 1164 651 ut
1187 618 1282 651 nulla
1303 628 1384 651 esca
1414 629 1435 651 a
1468 617 1675 651 Christianis
1706 618 1961 661 repudiaretur,

95 684 165 717 que
188 673 376 712 rationalis,
400 680 436 707 et
457 674 609 706 humana
630 677 730 705 esset.
778 671 823 704 Et
845 671 903 704 hic
928 673 1096 716 martyrio
1120 678 1317 711 coronatus,
1342 677 1378 705 et
1400 672 1533 714 positus
1555 678 1608 704 est
1629 672 1675 704 ad
1699 672 1825 704 fratres
1847 681 1926 704 suos
1938 670 1960 703 ².

101 726 308 761 “Antonino
331 727 530 770 imperatori
552 726 696 760 Melitus
711 724 861 758 Asianus
878 725 1076 759 Sardiensis
1090 726 1275 769 episcopus
1297 726 1557 770 apologeticum
1581 736 1645 768 pro
1669 725 1877 759 Christianis
1893 730 1961 758 tra-

100 781 116 799 “
129 780 222 814 didit
233 779 255 813 ³.
279 781 409 814 Lucius
431 781 611 814 Britannie
627 790 697 818 tert,
715 779 819 811 missa
835 779 881 811 ad
897 778 1138 812 Eleutherium
1154 779 1268 812 Rome
1283 780 1485 822 episcopum
1502 779 1660 822 epistola,
1684 785 1721 811 ut
1745 778 1963 812 Christianus

50 835 72 867 0
101 835 116 852 ‘⁶
128 834 321 867 efficeretur
343 833 520 877 imperat⁴.
567 832 784 876 Apollinaris
800 831 951 865 Asianus
968 832 1129 875 Ieropoli,
1147 839 1182 866 et
1197 832 1387 877 Dionysius
1403 833 1576 877 Corynthi
1592 832 1774 865 clarissimi
1790 831 1962 864 habentur

10 883 27 895 ”
100 887 283 930 “episcopi
297 911 327 928 „.
374 887 447 921 Sub
469 887 538 920 hoc
563 887 729 920 Galienus
751 897 879 930 genere
904 885 1094 929 Pergamus
1118 887 1266 929 optimus
1281 887 1439 919 medicus
1461 886 1624 929 pollebat.
1670 886 1829 930 Julianus
1846 886 1961 919 Rome

96 940 190 985 leges
212 941 410 984 promebat;
434 942 566 975 Fronto
589 940 719 979 rhetor,
742 938 916 973 Aristides
941 939 1132 984 Smyrneus
1156 940 1322 982 sophista,
1346 940 1527 983 Oppianus
1550 946 1665 984 poeta,
1689 940 1830 973 Atticus
1845 939 1962 972 Plato-

96 995 196 1028 nicus
218 995 446 1038 philosophus
469 999 570 1027 erant
582 993 603 1027 ⁵.
651 994 739 1028 Cum
763 993 868 1038 igitur
898 993 1098 1027 Antoninus
1121 995 1333 1026 fortunatam
1365 993 1616 1037 rempublicam
1638 994 1777 1033 virtute,
1801 999 1836 1026 et
1866 1004 1962 1025 man-

14 1088 19 1093 .
95 1048 276 1082 suetudine
298 1049 520 1088 reddidisset,
552 1053 727 1091 postremo
758 1047 796 1080 in
826 1047 1009 1080 Pannonia
1041 1048 1259 1087 constitutus,
1289 1047 1475 1090 repentino
1502 1047 1623 1081 morbo
1647 1048 1779 1081 interiit
1791 1046 1814 1080 ⁶.
1860 1047 1962 1080 Tunc

8 1099 37 1130 ss't’:
53 1100 72 1134 5
96 1101 350 1135 Catafricarum
374 1102 517 1135 hereses
540 1106 663 1134 exorte
686 1101 839 1134 fuerunt.

11 1157 34 1213 ‘33
183 1154 288 1188 Anno
313 1155 357 1189 ab
372 1155 614 1188 incarnatione
637 1155 778 1187 Domini
801 1154 1000 1194 CLXXXI,
1025 1160 1060 1187 et
1082 1164 1174 1187 anno
1198 1153 1242 1187 ab
1264 1154 1350 1188 urbe
1367 1154 1512 1189 condita
1535 1154 1800 1188 DCCCCXXX
1824 1152 1964 1187 Lu'cius
2002 1149 2024 1190 ’12

17 1207 37 1221 ³
94 1207 268 1242 Antonius
280 1207 292 1225 ⁷
317 1207 529 1242 Commodus
544 1208 590 1241 ab
612 1207 773 1252 Augusto
797 1208 937 1252 quintus
953 1207 1108 1242 decimus
1123 1208 1215 1251 patri
1238 1208 1406 1241 successit
1421 1208 1457 1240 in
1475 1219 1630 1253 regnum,
1654 1208 1850 1269 mansitque
1867 1208 1904 1240 in
1921 1217 1963 1240 eo
2001 1206 2020 1217 ι’

30 1305 32 1307 ‚
96 1262 196 1295 annis
218 1262 400 1295 x11.Hic
423 1262 533 1296 nichil
549 1267 731 1305 paternum
748 1261 879 1300 habuit,
896 1261 961 1294 nisi
977 1262 1073 1305 quod
1089 1267 1212 1294 contra
1229 1262 1422 1295 Germanos
1437 1261 1593 1295 feliciter
1615 1268 1650 1295 et
1665 1261 1741 1305 ipse
1756 1261 1961 1306 pugnauit.
1939 1260 1950 1277 ⁸

8 1316 28 1350 ἃ·
95 1315 260 1349 Ceterum
282 1327 347 1359 per
370 1316 495 1355 omnia,
520 1315 655 1349 luxurie
680 1321 715 1348 et
737 1315 966 1348 obscenitatis
997 1316 1172 1349 dedecore
1205 1316 1425 1359 deprauatus,
1449 1315 1558 1349 nichil
1581 1321 1727 1359 paterne
1750 1315 1898 1355 uirtutis,
1929 1320 1964 1347 et

17 1368 75 1405 &ao
97 1369 237 1412 pietatis
259 1369 372 1402 simile
395 1370 511 1415 gessit.
560 1369 783 1403 Gladiatorus
814 1379 954 1412 quoque
978 1369 1081 1402 armis
1111 1369 1290 1412 sepissime
1313 1369 1350 1402 in
1373 1370 1458 1403 ludo
1489 1370 1671 1413 pugnauit,
1695 1375 1730 1403 et
1761 1370 1796 1402 in
1827 1369 1962 1412 amphi-

0 1460 1 1466 ,
25 1419 35 1424 ‘⁴
95 1422 229 1456 theatro
252 1423 336 1456 feris
360 1433 397 1455 se
421 1434 457 1455 se
479 1424 682 1466 frequenter
705 1421 853 1467 objecit;
877 1422 1054 1455 interfecit
1070 1422 1176 1455 etiam
1201 1422 1472 1466 quamplurimos
1495 1428 1683 1462 senatores,
1706 1423 1854 1456 maxime
1876 1433 1963 1466 quos

0 1468 20 1519 ᾗ
95 1475 351 1516 animaduertit,
375 1476 569 1516 nobilitate,
600 1476 840 1519 industriaque
870 1475 1064 1514 excellere;
1088 1475 1225 1519 flagitia,
1247 1476 1354 1520 regis,
1377 1486 1470 1519 pena
1499 1475 1594 1509 urbis
1623 1476 1825 1520 insequitur.
1873 1477 1962 1509 Nam

96 1529 242 1565 fulmine
267 1528 479 1573 Capitolium
492 1529 515 1570 ⁹,
539 1540 583 1562 ex
606 1539 675 1574 quo
700 1529 796 1562 facta
819 1528 1055 1569 inflammatio,
1078 1529 1328 1562 bibliothecam
1351 1529 1447 1562 illam
1471 1529 1640 1573 majorum
1665 1540 1747 1562 cura
1779 1530 1964 1574 studioque

26 1569 46 1629 {⁴
96 1583 335 1626 compositam,
360 1584 512 1627 edesque
536 1583 620 1616 alias
641 1583 740 1627 juxta
762 1583 855 1622 sitas,
878 1583 1000 1625 rapaci
1023 1582 1161 1616 turbine
1186 1584 1433 1616 concremauit.
1481 1584 1618 1617 Deinde
1642 1584 1737 1617 aliud
1761 1584 1963 1617 incendium

27 1630 73 1675 525
95 1643 217 1680 postea
239 1637 353 1670 Rome
377 1641 534 1670 exortum
559 1637 659 1669 edem
684 1635 804 1674 Veste,
821 1641 855 1668 et
879 1635 1056 1678 palatium,
1079 1636 1332 1680 plurimamque
1355 1636 1451 1669 urbis
1473 1643 1607 1680 partem
1630 1637 1707 1670 solo
1731 1637 1961 1681 coequauit
1927 1637 1950 1654 ¹⁰

98 1691 114 1708 ³
128 1690 263 1724 Colossi
278 1690 393 1733 capite
408 1689 555 1729 sublato,
571 1700 632 1722 sue
650 1689 811 1733 imaginis
827 1694 935 1732 caput
950 1689 983 1722 ei
996 1689 1097 1733 jussit
1111 1689 1269 1732 imponi„
1279 1688 1312 1723 ¹¹.
1344 1689 1588 1733 Septembrem
1605 1701 1759 1724 mensem
1775 1692 1821 1724 ad
1837 1701 1962 1724 nomen

16 1731 50 1781 ἕ
96 1754 194 1776 suum
215 1744 379 1776 trasferre
403 1749 557 1783 conatus,
581 1748 619 1776 ut
641 1742 855 1775 Commodus
879 1742 1054 1775 diceretur
1067 1741 1102 1783 ¹¹,
1118 1744 1182 1776 sed
1205 1743 1249 1776 ab
1273 1743 1431 1776 omnibus
1453 1744 1491 1777 id
1514 1749 1639 1786 postea
1661 1751 1860 1778 execratum
1886 1745 1962 1778 fuit.

30 1798 48 1841 ᾖ.
95 1796 296 1830 Panthenus
317 1796 548 1840 philosophus
571 1807 615 1829 ex
637 1796 757 1828 stoicis
771 1801 856 1829 tunc
879 1796 914 1828 in
931 1796 1054 1829 diuino
1070 1796 1178 1830 uerbo
1202 1796 1361 1840 fulgebat
1374 1796 1408 1830 ¹³.
1455 1797 1667 1830 Commodus
1683 1798 1817 1831 cunctis
1830 1798 1964 1831 incom-

27 1844 47 1866 *aa

28 1893 92 1952 ᾖ
85 1903 211 1937 decim
235 1909 270 1937 et
291 1903 468 1937 mensibus
492 1909 626 1946 septem
654 1903 871 1946 imperasset.
918 1903 958 1935 In
982 1908 1080 1936 tanta
1102 1903 1232 1947 quippe
1263 1904 1414 1936 omnium
1439 1905 1659 1938 execratione
1684 1905 1762 1944 fuit,
1785 1912 1824 1937 ut
1855 1905 1964 1938 hostis

95 1956 236 1990 humani
257 1957 395 2002 generis
418 1957 522 1990 etiam
547 1962 702 1990 mortuus
731 1956 948 2002 judicaretur
960 1955 983 1974 ¹⁵
1039 1957 1131 1989 Huic
1156 1957 1322 1990 successit
1350 1957 1449 1990 Elius
1471 1957 1638 1991 Pertinax
1664 1959 1864 2003 grandeuus
1892 1959 1963 2004 jam

86 2011 391 2054 septuagenarius,
415 2010 476 2054 qui
499 2020 577 2043 cum
608 2010 847 2053 prefecturam
871 2009 1007 2042 urbium
1039 2015 1170 2054 ageret,
1194 2021 1238 2043 ex
1268 2011 1579 2051 senatusconsulto,
1611 2011 1781 2055 imperare
1802 2022 1916 2055 jussus
1928 2010 1963 2051 ¹⁶,

186 2129 213 2156 3.
225 2122 289 2155 dopo
306 2122 413 2148 tradita
429 2123 453 2148 C
469 2122 620 2156 aggiungst
639 2122 669 2147 et
687 2122 839 2147 secundum
858 2121 947 2155 legem
966 2122 1068 2147 dotata
1086 2135 1097 2140 -
1116 2122 1312 2157 paranimphis
1324 2123 1352 2147 B
1362 2124 1387 2149 C
1398 2137 1430 2142 —-
1445 2127 1471 2154 5.
1489 2123 1658 2149 Eleutherus
1673 2125 1697 2150 C
1713 2138 1725 2143 -
1746 2125 1877 2150 Abundlo
1890 2125 1917 2149 B
1929 2138 1962 2142 —

99 2168 125 2194 7.
142 2165 297 2190 coronatur
317 2165 341 2190 C
356 2177 390 2183 —-
410 2165 435 2190 8.
454 2164 589 2190 Aslarlus
604 2164 631 2188 B
650 2178 682 2183 —
701 2171 727 2197 9.
747 2165 889 2190 Br1ttan1e
904 2165 929 2189 C
939 2178 972 2182 —
990 2170 1030 2189 ιο.
1045 2164 1234 2199 Apollenares
1249 2166 1274 2191 C
1290 2178 1302 2184 -
1322 2165 1472 2199 HIeropoll
1487 2167 1511 2191 C
1523 2179 1534 2185 ·
1555 2166 1708 2192 Dionlsius
1721 2166 1878 2193 Chorlnthl
1894 2168 1918 2193 C
1930 2181 1961 2185 -

48 2216 51 2220 1
102 2211 143 2231 ιο.
160 2206 258 2232 rethor
279 2207 301 2231 C
318 2219 329 2225 -
348 2206 493 2232 Smin-neus
514 2207 537 2232 C
555 2219 588 2224 —
611 2213 652 2239 ²3-
672 2206 866 2240 phylosophus
888 2207 912 2232 C
928 2219 962 2224 —
986 2213 1026 2238 14.
1045 2207 1084 2231 im
1106 2207 1130 2232 C
1147 2219 1180 2224 —
1203 2213 1245 2238 15.
1258 2207 1474 2241 Catafrlgarum
1493 2208 1520 2232 B
1539 2221 1572 2226 -—
1594 2207 1634 2234 16.
1653 2216 1731 2234 anno
1756 2210 1868 2235 domini
1888 2210 1912 2234 C
1929 2222 1961 2227 —

0 2276 3 2285 ,
102 2253 143 2280 17.
162 2247 336 2275 Commodus
353 2250 471 2281 quintus
489 2248 614 2274 decimus
633 2248 670 2274 ab
688 2250 818 2281 Augusto
839 2249 863 2274 C
880 2261 891 2267 -
910 2248 1003 2282 patris
1023 2249 1092 2275 c—
1114 2249 1156 2275 18.
1174 2248 1250 2274 nxhu
1269 2249 1296 2274 B
1313 2263 1346 2269 —
1369 2257 1411 2282 19·
1430 2250 1505 2275 nihil
1523 2251 1550 2274 B
1569 2264 1603 2269 —
1623 2257 1716 2277 20-21.
1735 2251 1925 2286 amphiteatro
1941 2253 1966 2278 C

0 2287 5 2362 ἑ
54 2296 69 2322 ⁵
99 2303 132 2309 —
147 2290 193 2316 22.
212 2289 325 2323 flagicia
343 2291 405 2316 BC
423 2304 453 2309 -—
476 2296 517 2322 ²3·
537 2290 655 2316 flumine
676 2290 700 2316 C
718 2304 748 2308 —
771 2297 814 2323 ²4·
833 2291 906 2316 aliut
927 2291 950 2316 C
968 2304 1000 2308 —-
1021 2290 1063 2315 26.
1083 2291 1173 2324 capud
1195 2290 1220 2315 C
1237 2304 1269 2310 —
1291 2298 1332 2325 ²7·
1352 2299 1386 2317 ex
1412 2293 1574 2318 execratum
1600 2292 1659 2318 fult
1670 2293 1728 2326 (sic)
1746 2293 1771 2318 Α
1793 2306 1825 2312 -
1847 2294 1890 2320 28.
1915 2302 1949 2319 ex

58 2351 60 2355 .
98 2332 183 2363 toleio
202 2333 227 2358 C
243 2346 275 2352 —
296 2339 338 2365 ²9·
359 2332 528 2358 Vestalllanl
546 2333 591 2362 B,-
614 2332 722 2358 Oron'o:
743 2332 906 2358 Vestiliano
931 2346 958 2350 —
976 2339 1019 2366 3²·
1031 2333 1159 2358 urbicam
1177 2334 1205 2358 B
1222 2346 1234 2352 -
1251 2334 1507 2360 senatusconsultu
1522 2335 1546 2360 C

0 2379 5 2400 i

0 2402 4 2424 Ι

181 2406 190 2424 ¹
208 2407 238 2434 L.
258 2409 301 2438 P..
320 2409 342 2439 I,
362 2414 421 2442 135,
435 2416 494 2434 non
508 2416 637 2434 aecenna
648 2407 721 2442 pero
734 2409 760 2434 al
780 2409 920 2435 martirlo.
957 2409 999 2434 La
1050 2410 1132 2442 copia
1150 2409 1209 2435 fino
1229 2419 1245 2436 a
1265 2411 1319 2436 “ln
1339 2418 1374 2436 eo
1387 2411 1470 2436 annis
1490 2418 1575 2444 x11„3
1595 2411 1702 2437 Orosio
1716 2411 1787 2444 pero
1799 2412 1872 2438 dice:
1894 2419 1961 2439 xm.

180 2995 191 3012 ⁷
211 2997 374 3027 Antoninus.
393 2998 530 3031 Oxosrus,
550 2998 611 3031 vn,
627 2999 695 3030 16,1
712 3000 750 3034 (p.
771 2999 844 3034 256),
857 2999 904 3026 dal
917 3002 998 3034 quale
1053 3001 1175 3028 Hclvtm.

30 1863 36 1889 ς
95 1851 220 1884 modus
240 1851 278 1883 in
301 1851 405 1883 domo
428 1850 622 1883 Vestaliani
645 1849 759 1882 subita
781 1855 893 1883 morte
916 1850 1149 1894 strangulatus
1171 1850 1302 1883 interiit
1317 1849 1352 1889 ¹⁴,
1372 1860 1451 1883 cum
1474 1857 1554 1893 post
1577 1851 1743 1894 patrem'
1752 1852 1854 1884 annis
1877 1852 1963 1885 duo—
2000 1868 2019 1882 c.
2035 1874 2043 1882 .

93 2448 263 2477 lesione'del
281 2450 310 2476 L.
330 2451 361 2476 P.
380 2453 465 2484 porta
484 2450 554 2484 pero
573 2449 588 2464 ⁸
601 2451 692 2477 nullus
713 2451 870 2477 monachus
881 2470 906 2484 ,,.
1139 2450 1150 2468 ⁸
1170 2453 1352 2485 Eur-aomos,
1371 2453 1448 2484 VIII,
1470 2460 1511 2486 15.

181 2491 193 2509 ⁸
210 2493 239 2518 L.
258 2493 302 2522 P..
323 2493 382 2526 136,
402 2501 460 2519 non
478 2494 560 2526 parla
572 2493 617 2519 del
630 2493 761 2519 martirlo
781 2501 796 2518 e
816 2494 878 2519 dice
892 2494 942 2519 che
955 2501 998 2519 se·
1140 2493 1152 2510 ⁹
1171 2495 1402 2528 ....Capitoltum
1420 2497 1515 2524 ictum,
1534 2496 1672 2528 onosma,
1692 2497 1747 2522 loe.
1768 2498 1826 2528 cit„
1847 2496 1862 2530 5
1882 2503 1906 2529 3.

39 2536 72 2602 19
95 2534 173 2562 dette
188 2536 317 2569 quindici
338 2536 412 2566 anni,
430 2537 475 2562 tre
495 2537 567 2561 mesi
587 2543 602 2561 e
621 2536 676 2561 due
695 2537 801 2569 giomi.
1130 2534 1152 2554 ¹⁰
1173 2537 1311 2569 omnus,
1329 2538 1385 2563 loe.
1404 2539 1455 2564 cit.
1475 2538 1532 2562 fino
1553 2545 1569 2562 a
1589 2539 1667 2563 tutto
1686 2539 1706 2563 ll
1725 2538 1740 2572 ξ
1758 2546 1784 2572 3.
1991 2546 2021 2570 25

181 2577 192 2595 ¹
211 2579 420 2610 meommus,
438 2579 481 2603 De
498 2579 550 2604 vtr.
569 2579 632 2608 ital„
650 2579 743 2605 XXIV
763 2579 801 2611 (p.
822 2578 876 2625 25).
895 2585 914 2603 ιι
929 2578 999 2611 ρει-ὸ
1131 2578 1151 2595 ¹¹
1171 2580 1262 2610 Bana,
1280 2580 1337 2606 loc.
1355 2581 1402 2606 elt.

11 2623 16 2636 ⁹
53 2654 56 2658 Ι
93 2619 176 2652 80911
194 2619 394 2646 dlrettamente
414 2620 450 2645 da
468 2621 555 2646 Beda.
1129 2620 1152 2638 ¹¹
1172 2623 1225 2647 Fln
1243 2624 1293 2654 qul
1306 2630 1323 2648 a
1334 2624 1512 2650 cominclare
1526 2623 1562 2648 da
1583 2623 1796 2656 “septembrem
1806 2641 1830 2656 η,
1844 2625 1959 2657 copiato

182 2660 195 2678 ⁴
215 2663 307 2688 Beda:
326 2663 461 2695 ἐμμένετε.
1051 2663 1087 2688 da
1106 2664 1286 2696 Eur-Romus,
1305 2664 1357 2690 loc.
1376 2665 1423 2690 cit.
1461 2665 1545 2690 Nells
1557 2664 1679 2689 Misceua
1698 2664 1761 2697 (lib.
1781 2665 1816 2696 X,
1837 2665 1881 2697 18)
1895 2666 1961 2690 l'or-

180 2701 192 2719 ⁵
209 2703 344 2733 Mutua,
363 2704 411 2730 lib.
432 2705 466 2736 Χ,
490 2710 520 2735 17
540 2703 578 2737 (p.
600 2703 677 2736 218),
696 2705 875 2737 Pergamenae
895 2706 997 2731 invece
1049 2706 1116 2731 dine
1136 2707 1294 2739 espositivo
1312 2705 1327 2732 ὲ
1348 2708 1439 2733 molto
1458 2708 1584 2733 diverso.

38 2748 70 2782 15
94 2743 126 2770 di
142 2744 297 2779 Argamum
1129 2746 1152 2765 ¹³
1171 2748 1284 2780 Questa
1303 2750 1411 2775 notizla
1430 2757 1450 2775 R
1468 2749 1591 2775 l'attinse
1610 2749 1810 2776 dlrettamente
1829 2751 1865 2775 da
1890 2752 1959 2776 Hm·
1988 2757 2023 2781 30

14 2812 18 2828 φ
181 2785 193 2803 ⁶
213 2787 254 2813 La
273 2789 365 2820 prima
383 2791 464 2820 parte
484 2788 529 2814 del
548 2789 670 2821 per-lodo
690 2787 705 2814 ὲ
725 2796 809 2822 presa
827 2789 863 2815 da
884 2790 997 2816 Eum-Ro·
1050 2797 1202 2822 sommus,
1221 2794 1261 2824 op.
1280 2793 1338 2821 cit„
1357 2800 1417 2824 cap.
1436 2792 1559 2818 XXXVI
1578 2792 1618 2825 (p.
1637 2791 1693 2826 30).

94 2834 168 2861 nus,
181 2829 257 2862 VIII,
275 2837 316 2863 ¹⁴-
330 2831 356 2856 la
369 2831 494 2856 seconde
506 2833 587 2864 parte
601 2831 636 2857 da
656 2831 871 2863 Onosxus,V11,
891 2837 932 2864 15,
954 2838 996 2858 12.
1128 2830 1153 2849 ¹⁴
1173 2834 1313 2865 onosma,
1333 2835 1387 2860 loc.
1407 2835 1454 2860 cit.

94 2869 231 2904 Rutu-opio
256 2880 313 2898 non
339 2872 402 2899 dice
422 2873 441 2898 u
460 2873 547 2906 luogo
572 2873 646 2898 dove
666 2871 739 2898 mor}
757 2874 919 2906 Antonino,
944 2875 997 2899 che
1128 2873 1151 2891 ¹⁵
1171 2876 1353 2908 Eur-Romus,
1375 2877 1427 2903 loc.
1446 2877 1496 2903 cit.

94 2917 145 2947 ,er
161 2913 193 2939 ln
206 2913 328 2940 Mucella
347 2913 407 2947 (nb.
426 2916 459 2946 X,
481 2921 527 2948 17,
538 2923 575 2951 p.
595 2914 660 2948 218)
679 2915 831 2942 sau-ebbe‘
842 2916 871 2941 ln
884 2917 998 2942 Panno·
1127 2915 1150 2933 ¹⁶
1169 2919 1350 2950 Euraomus,
1376 2919 1451 2949 vm.
1480 2918 1512 2944 16
1530 2919 1592 2944 dice
1616 2918 1741 2944 soltanto
1762 2919 1775 2933 ¹⁴
1786 2920 1925 2945 Pertinax
1935 2928 1958 2952 ,ς

6 2955 74 3117 ,,19
37 2950 168 2982 19ἰΙι
185 2955 259 2987 apud
279 2956 417 2990 oppidum
436 2957 680 2992 Vendobonam„.
1048 2959 1070 2984 11
1083 2961 1176 2993 primo
1191 2968 1274 2986 nome
1287 2968 1306 2986 κ
1324 2962 1352 2986 lo
1372 2969 1453 2994 prese
1473 2961 1509 2986 da
1529 2961 1614 2993 Beda,
1629 2963 1737 2987 mentre
1755 2962 1861 2989 Orosio
1880 2962 1957 2987 dIce:
1987 2970 2018 2996 35

19 3204 23 3224 t

95 227 599 263 [AA.C.162-181:u,c.930]
868 219 1184 256 CHRONICON
1908 219 1953 254 61
2000 233 2060 255 Mu.
2064 239 2127 258 .....
2137 233 2199 258 ⁶³4⁴

94 460 294 503 parentibus
315 460 452 499 tradita,
479 465 512 492 et
535 470 556 492 a
577 457 826 502 paranymphis
851 458 1033 491 custodita.
1081 458 1127 491 Et
1150 463 1188 490 ut
1210 456 1305 490 nulla
1320 457 1494 490 monacha
1517 456 1659 500 'pallam
1684 463 1857 490 sacratam
1875 466 1959 490 con·
1996 472 2017 486 c.
2066 472 2080 486 a

22 577 33 596 ’.
51 566 70 599 5
95 567 182 600 chro
205 577 284 600 cum
309 567 474 600 fratribus
498 567 567 600 suis
581 565 601 599 ¹.
648 564 866 598 Eleutherius
890 565 1031 598 natione
1056 565 1190 598 Grecus
1213 575 1258 597 ex
1279 570 1378 607 patre
1402 565 1591 598 Habundio
1615 571 1694 607 post
1716 566 1809 597 hunc
1842 564 1960 597 cathe-
1998 588 2020 601 a.
2057 561 2087 601 f‘1
2108 554 2163 605 3]ῗῖ
