2398 3470
180 251 257 276 uun..
272 259 306 273 cc.
324 258 409 278 ¹91·¹0²
422 244 496 279 228

180 366 246 387 '¹¹³1‘-
260 364 397 389 8'1021‘511'·
419 364 653 398 Bononiensis
675 364 770 406 prius
792 361 963 406 presbiter
986 362 1175 396 cardinalis
1197 362 1327 396 Sancte
1349 361 1472 395 Crucis
1494 367 1530 395 et
1552 362 1794 403 cancellarius,

207 398 250 412 nus
267 392 294 412 II

268 536 313 557 iun.

240 595 260 610 c.
276 592 315 610 226
322 589 335 609 b

263 915 315 934 ¹145

179 953 234 973 iebr.
261 958 285 977 ¹5
309 953 323 975 †
346 952 390 971 Lu-

206 980 256 1000 cius
271 979 298 999 II

239 1069 295 1092 sehr.
311 1071 335 1089 18

261 1129 310 1148 1147

260 1178 311 1202 11⁴8

359 1775 392 1792 10

359 1989 390 2015 15

358 2201 392 2220 20

358 2414 390 2441 ²5

359 2627 394 2654 30

360 2841 392 2868 35

360 3054 396 3079 4⁰

1189 238 1503 276 CHRON1CON
1921 247 2005 283 [ΛΑ.
2025 248 2059 276 c.
2081 249 2274 282 1144-11481

1817 364 1878 408 qui
1900 370 1934 398 et
1957 365 2085 399 Lucius
2099 365 2272 399 secundus

416 418 609 461 appellatus
633 423 694 449 est.
740 415 899 449 Audiens
923 421 1039 449 autem
1062 426 1125 448 rex
1147 415 1346 460 Roggerius
1368 415 1624 458 promotionem
1647 415 1749 448 Lucii
1772 426 1874 460 pape,
1902 418 2041 462 gauisus
2071 424 2126 452 est
2153 418 2271 457 ualde,

420 481 462 504 eo
485 471 579 514 quod
603 475 783 512 compater
806 474 840 502 et
856 468 989 501 amicus
1005 469 1078 502 eius
1100 469 1263 502 extiterat
1277 467 1297 501 ¹.
1344 468 1416 507 Qui
1431 468 1544 502 statim
1561 468 1672 502 missis
1687 469 1817 502 nuntiis
1831 469 1904 503 suis
1918 470 2079 514 predicto
2102 481 2194 515 pape
2209 481 2274 514 per

418 534 511 556 mare
536 533 644 567 usque
669 522 829 556 Gaietam
852 522 1010 561 ueniens,
1034 522 1066 554 ei
1089 522 1184 565 apud
1207 522 1428 565 Ceperanum
1445 522 1607 555 occurrit.
1653 522 1813 566 Cumque
1829 522 1875 555 de
1889 533 1979 566 pace
1994 523 2085 558 inter
2101 533 2162 558 eos
2178 534 2273 558 com-

416 577 582 620 ponenda
605 576 664 609 diu
687 574 886 609 tractatum'
909 582 1009 614 esset,
1032 574 1306 619 repugnantibus
1329 574 1567 608 cardinalibus
1589 575 1799 608 concordari
1814 585 1886 608 non
1909 582 2106 619 potnerunt.
2153 577 2274 617 Quare

417 641 479 663 rex
501 630 701 673 indignatus
723 630 759 662 in
783 629 939 662 Siciliam
963 629 1067 662 rediit
1078 628 1101 661 ².
1147 628 1350 673 Roggerius
1373 639 1456 662 uero
1484 629 1555 661 dux
1578 627 1706 672 Apulie
1723 628 1813 662 filius
1835 629 1909 662 eius
1931 641 1976 663 ex
1997 631 2162 665 mandato
2177 631 2273 676 regis

417 694 496 717 cum
519 693 647 727 magno
671 683 827 717 exercitu
851 683 1081 726 Campaniam
1105 682 1289 726 ingressus,
1316 693 1393 715 eam
1415 693 1525 726 usque
1549 683 1738 716 Ferentum
1762 683 1994 727 depopulatus
2016 690 2069 718 est
2097 690 2135 718 et
2162 685 2269 729 cepit,

417 744 452 770 et
475 737 527 770 sic
550 737 587 769 in
610 736 774 780 Apuliam
797 736 902 769 rediit
914 736 938 770 ³.
983 736 1115 769 Lucius
1139 741 1254 769 autem
1276 747 1369 779 papa
1391 736 1437 769 ad
1459 735 1593 769 Urbem
1615 746 1792 781 regressus
1814 742 1876 769 est.
1921 736 2003 770 Non
2026 738 2134 771 multo
2157 743 2274 772 autem

417 797 497 834 post
518 791 667 834 populus
689 791 871 824 Romanus
895 796 1015 823 contra
1038 789 1252 823 uoluntatem
1275 789 1431 823 eiusdem
1454 799 1545 832 pape
1568 789 1756 823 Iordanum
1779 789 1887 822 filium
1903 790 1999 823 Petri
2014 790 2145 824 Leonis
2160 791 2199 824 in
2212 801 2276 835 pa-

415 845 557 878 tricium
580 845 755 887 promouit
778 849 814 876 et
836 850 1016 876 senatores
1038 844 1083 876 de
1105 853 1197 876 novo
1220 843 1256 875 in
1279 842 1377 876 Urbe
1403 843 1537 876 creauit
1549 843 1572 876 ⁴.
1617 842 1778 876 Mortuus
1800 849 1853 876 est
1877 849 1993 877 autem
2022 844 2153 878 Lucius
2183 855 2276 889 papa

418 908 535 931 mense
571 898 792 941 pontificatus
822 897 873 930 sui
905 897 1099 936 undecimo,
1130 907 1222 929 anno
1253 896 1439 930 Dominice
1468 897 1719 930 incarnationis
1749 896 1923 931 MCXLV
1952 897 2148 932 indictione
2177 897 2277 932 Vm.

421 952 514 984 Huic
538 951 707 984 successit
729 950 932 993 Bernartius
955 950 1095 983 natione
1117 949 1275 989 Pisanus,
1298 950 1393 992 prius
1423 950 1616 983 monachus
1644 950 1919 984 Clareusllensis
1949 956 1985 983 et
2014 950 2123 985 abbas
2153 951 2275 986 Sancti

416 1005 603 1044 Anastasii‚
627 1004 754 1037 deinde
777 1003 951 1047 presbiter
975 1003 1173 1042 cardinalis,
1198 1003 1256 1047 qui
1282 1003 1459 1047 Eugenius
1481 1004 1604 1036 ternus
1628 1009 1680 1036 est
1702 1003 1907 1047 appellatus.
1953 1003 2023 1037 Hic
2045 1010 2192 1048 propter
2221 1011 2275 1053 ¹²²⁶?

417 1059 562 1092 multum
586 1063 784 1091 senatorum
808 1063 843 1090 et
866 1056 986 1100 populi
1010 1056 1054 1089 de
1081 1056 1179 1089 Urbe
1210 1056 1396 1100 egrediens
1428 1057 1523 1099 apud
1554 1056 1725 1090 Farfense
1756 1057 2003 1090 monasterium
2033 1057 2274 1101 sollempniter

419 1117 471 1145 est
494 1117 729 1146 consecratus.

418 1166 602 1199 Gallicana
625 1164 777 1198 ecclesia
799 1164 991 1197 honorifice
1015 1169 1067 1197 est
1089 1169 1264 1206 receptus.

776 1111 913 1143 Dehinc
935 1110 972 1142 in
996 1109 1147 1143 Galliam
1169 1109 1395 1152 proficiscens
1418 1121 1439 1142 a
1461 1109 1644 1144 Lodouico
1668 1110 1802 1143 iuniore
1818 1120 1902 1155 rege
1919 1112 2134 1144 Francorum
2149 1117 2186 1145 et
2200 1116 2273 1145 tota

1310 1163 1379 1196 Hic
1401 1163 1524 1197 Remis
1546 1163 1711 1207 generale
1733 1164 1920 1198 concilium
1943 1164 2140 1198 celebrauit
2152 1163 2175 1198 ⁸.

2221 1163 2276 1199 Eo

508 1331 530 1349 1.
550 1324 695 1357 presbyter
713 1324 739 1347 B
750 1324 773 1348 C
791 1323 867 1348 Sasso
885 1330 899 1346 e
915 1322 1008 1347 Arndt
1027 1334 1061 1341 -
1081 1328 1106 1347 2.
1125 1322 1341 1354 promocionem
1362 1322 1385 1347 C
1401 1329 1415 1345 e
1432 1322 1525 1346 Arndt
1543 1335 1575 1340 —
1595 1330 1621 1354 4„
1640 1321 1838 1355 Ceppersnum
1856 1323 1899 1353 A;
1919 1322 2094 1355 CIperanum
2111 1323 2138 1348 B
2159 1331 2174 1348 e
2198 1322 2276 1348 Sasu

417 1380 452 1385 —
471 1365 496 1391 6.
516 1368 574 1399 regi
594 1363 633 1390 Αἵ
652 1379 685 1384 —
703 1372 743 1390 11.
762 1365 850 1390 Anno
869 1363 1003 1390 MCLXV
1021 1364 1048 1388 B
1065 1371 1079 1387 e
1098 1364 1191 1393 Sasso;
1210 1370 1289 1388 anno
1309 1363 1342 1388 ab
1361 1364 1562 1389 incarnatione
1586 1363 1609 1388 C
1624 1372 1638 1388 e
1655 1364 1748 1389 Arndt
1766 1378 1775 1383 -
1796 1372 1815 1390 x
1835 1365 1859 1390 A
1873 1364 1897 1389 C
1911 1373 1926 1389 e
1942 1365 2034 1390 Arndt
2054 1379 2086 1384 —
2109 1372 2149 1398 13.
2167 1366 2275 1391 tercius

420 1409 444 1433 C
458 1417 473 1434 e
490 1409 579 1434 Arndt
598 1422 631 1427 —
653 1413 693 1440 15.
714 1409 746 1433 in
764 1409 880 1440 ripetuto
903 1407 926 1431 C
942 1419 952 1426 -
972 1407 1121 1432 Ludovico
1139 1406 1167 1430 B
1183 1414 1197 1430 e
1216 1407 1310 1436 Saum
1329 1406 1480 1432 Hodovico
1502 1407 1525 1432 C

510 1510 518 1527 ¹
547 1510 677 1536 Gersrdo
707 1509 921 1535 Caecianemici
946 1508 1099 1539 dell’Omo,
1125 1509 1153 1534 di
1180 1510 1321 1542 Bologna,

419 1556 499 1587 prete
513 1553 669 1579 Cardinale
683 1554 712 1579 di
725 1553 752 1578 S.
767 1553 857 1578 Croce
871 1553 901 1577 in
915 1551 1136 1577 Gerusalemme.
1174 1551 1219 1577 Cf.
1233 1551 1324 1584 Ignoti

418 1596 544 1621 Monachi
559 1596 742 1620 cisterciensis
755 1596 783 1621 S.
796 1595 903 1619 Mariae
915 1596 947 1619 de
959 1595 1089 1621 Ferraria
1104 1594 1243 1625 chronica,
1262 1595 1320 1625 cit.,

419 1646 446 1672 p.
466 1645 513 1671 27:
537 1637 741 1663 “Octavianus
760 1638 918 1663 cardinalis
942 1639 972 1662 et
998 1637 1122 1662 Cencius
1146 1637 1322 1669 Fracapanis

422 1681 546 1706 “consul
574 1681 721 1706 Romanus
746 1681 780 1706 de
806 1682 941 1706 mandato
967 1680 1129 1713 apostolico
1155 1680 1267 1704 vadunt
1286 1679 1321 1704 ad

420 1722 538 1756 “regem
566 1725 690 1749 tractare
715 1731 814 1756 pacem
839 1724 916 1748 inter
942 1723 1035 1757 ipsum
1063 1724 1091 1748 et
1117 1722 1322 1755 apostolicum.

419 1765 501 1795 “Qui
521 1766 696 1792 cum'essent
714 1766 851 1791 Panormi
873 1773 937 1791 cum
962 1773 1036 1799 rege,
1062 1767 1228 1798 priusquam
1254 1771 1320 1797 pos-

421 1809 508 1834 “sent
533 1809 647 1842 aliquid
672 1817 844 1842 componere
870 1809 905 1834 de
928 1809 996 1840 hiis,
1022 1815 1075 1840 que
1101 1809 1322 1841 proposuerant,

420 1851 596 1877 “nuntiatur
614 1853 674 1884 regi
694 1853 834 1878 terminus
853 1853 882 1877 et
901 1851 971 1881 dies,
991 1858 1047 1884 quo
1069 1851 1140 1876 idem
1161 1850 1322 1876 Celestinus

420 1894 433 1907 “
444 1894 539 1919 fuerat
559 1894 720 1923 defunctus.
739 1895 767 1919 et
785 1893 862 1926 quod
880 1894 908 1918 ei
922 1893 1091 1918 succedebat
1104 1891 1249 1918 Gerardus
1262 1899 1322 1917 car-

418 1936 559 1966 “dinalis,
579 1937 629 1969 qui
649 1938 817 1962 nominatur
836 1943 910 1970 papa
936 1936 1051 1961 Lucius.
1089 1934 1176 1964 Quod
1203 1935 1322 1960 audiens

420 1978 494 2004 “rex
520 1980 738 2012 congratulatur
762 1981 791 2004 et
816 1979 928 2004 exultat
954 1986 1013 2003 non
1039 1979 1192 2003 modicum.
1229 1977 1323 2003 Vocat

419 2021 540 2054 “itaque
559 2022 593 2047 ad
614 2029 642 2046 se
662 2021 838 2047 cardinalem
852 2021 1044 2046 Octavianum
1058 2022 1087 2045 et
1101 2019 1240 2045 Cencium
1253 2027 1322 2045 con—

417 2062 431 2076 ¹‘
442 2065 542 2095 sulem,
556 2064 606 2097 qui
619 2065 656 2089 ad
667 2071 731 2090 eum
746 2064 885 2089 venerant
904 2063 1061 2097 legationIs
1080 2070 1179 2088 causax
1200 2063 1213 2077 ⁶¹
1224 2063 1323 2088 DIcite

419 2108 433 2122 “
444 2109 548 2141 inquit,
568 2109 665 2140 michi,
684 2116 739 2141 qua
758 2109 792 2133 de
812 2115 895 2133 causa
916 2109 951 2133 ad
972 2115 1024 2133 nos
1043 2108 1168 2132 venistis
1193 2109 1222 2132 et
1245 2107 1322 2139 quod

418 2151 433 2164 ¹
445 2159 461 2176 a
481 2151 566 2176 nobis
585 2153 679 2185 petere
698 2151 788 2176 vultis
802 2170 827 2184 ,,.
864 2151 905 2175 At
925 2151 971 2175 illi
985 2151 1132 2176 exibentes
1147 2150 1323 2183 apostolicas

419 2191 582 2226 “(litteras)
600 2195 796 2226 exposuerunt
815 2193 842 2218 ei
864 2200 976 2219 causam
1004 2193 1119 2218 itineris
1144 2193 1198 2218 sui.
1236 2191 1322 2221 Quod

421 2235 494 2261 “rex
523 2236 642 2261 audiens
669 2237 805 2269 exposuit
834 2236 885 2267 eis,
910 2235 1034 2268 qualiter
1059 2234 1221 2260 Celestinus
1247 2241 1322 2268 papa

421 2278 540 2304 “suerat
559 2278 710 2304 defunctus
730 2278 797 2303 VIII
817 2278 862 2302 die
887 2277 993 2302 mensis
1019 2277 1118 2302 martii
1143 2279 1171 2302 et
1196 2277 1322 2310 qualiter

420 2320 470 2345 “ei
489 2322 657 2346 succedebat
676 2320 818 2346 Glrardus
837 2321 980 2353 quondam
1001 2320 1199 2348 cancellarius,
1219 2319 1265 2344 cui
1279 2321 1322 2344 est

421 2362 615 2396 “impositum
635 2371 739 2388 nornen
759 2363 875 2388 Lucius.
913 2363 953 2387 At
971 2362 1019 2387 illi
1040 2363 1189 2387 audientes
1213 2363 1322 2387 contri-

421 2406 554 2431 “stantur
573 2408 602 2431 et
621 2407 836 2440 obstupescunt.
872 2405 955 2430 Misit
974 2406 1071 2438 itaque
1090 2413 1140 2430 rex
1159 2413 1209 2438 per
1222 2413 1271 2430 eos
1287 2405 1322 2430 ad

421 2447 595 2475 “dominum
615 2456 718 2482 papam
737 2447 867 2478 Lucium,
885 2448 964 2480 quod
984 2447 1019 2473 de
1039 2449 1099 2472 eius
1118 2448 1229 2472 honore
1253 2455 1322 2480 gau-

421 2491 531 2517 “debat
558 2493 644 2516 nimis
670 2493 698 2516 et
725 2490 905 2516 desiderabat
931 2498 994 2515 cum
1023 2497 1057 2515 eo
1082 2490 1185 2515 habere
1208 2492 1321 2523 gratum

422 2534 437 2549 ⁸
447 2534 626 2567 colloquium
635 2552 659 2566 η.

509 2575 520 2592 ²
539 2577 625 2609 Ioum,
653 2577 706 2601 loc.
732 2577 796 2601 cit.:
823 2574 906 2604 “Qui
932 2576 1042 2600 statuto
1068 2575 1193 2600 termino
1218 2582 1321 2600 conve-

422 2619 435 2633 “
447 2621 545 2645 niente
558 2620 592 2644 ad
607 2619 786 2652 colloquium
799 2617 936 2651 Ceperam
948 2619 978 2642 in
989 2617 1108 2643 ecclesia
1117 2616 1144 2642 S.
1154 2616 1320 2643 Paterniani

421 2661 434 2675 ‘⁴
446 2668 497 2686 1111
516 2662 562 2686 die
582 2662 721 2686 intrantis
741 2661 846 2685 mensis
867 2660 950 2690 iunii,
970 2660 1019 2684 ubi
1039 2667 1097 2688 rex,
1118 2660 1175 2684 dux
1195 2661 1223 2684 et
1242 2660 1323 2693 prin-

423 2705 521 2737 “ceps,
549 2704 676 2729 eiusdem
702 2704 778 2737 regis
802 2703 856 2728 filii
885 2704 1045 2728 terratenus
1071 2703 1210 2735 prostrati
1236 2703 1322 2735 pedes

421 2747 609 2780 'apostolich
630 2746 851 2771 deobsculantur
864 2752 895 2770 sc
915 2745 1017 2770 deinde
1031 2745 1061 2769 in
1081 2745 1140 2768 oris
1160 2744 1260 2769 osculo
1280 2752 1322 2769 re—

423 2789 595 2823 “clpiuntur
615 2790 643 2814 et
663 2796 728 2814 suos
749 2788 872 2813 famulos
890 2787 1131 2822 profitentur....
1151 2786 1263 2811 Deinde
1277 2787 1321 2812 be-

423 2831 438 2845 ¹‘
449 2832 615 2857 nedictione
634 2832 701 2856 data
720 2833 748 2856 et
767 2831 963 2856 conmestione
975 2831 1099 2864 peracta,
1112 2829 1146 2854 de
1159 2830 1239 2863 pacis
1254 2837 1321 2854 con-

424 2875 437 2888 “
448 2875 596 2900 venientia
615 2875 756 2899 tractatur
765 2890 773 2899 .
785 2893 790 2898 .
803 2893 808 2899 .
821 2892 826 2898 .
846 2873 1035 2906 Apostolicus
1055 2879 1175 2904 namque
1190 2880 1205 2896 a
1219 2879 1282 2905 rege
1294 2873 1323 2897 et

423 2917 514 2942 “filiis
541 2917 709 2950 Capuanum
737 2917 842 2950 repetit
870 2916 1076 2949 principatum.
1113 2913 1175 2939 Rex
1200 2921 1269 2939 vero
1295 2915 1323 2939 et

423 2960 501 2985 “filli
520 2967 561 2991 ea,
580 2967 633 2991 que
653 2959 687 2984 de
706 2959 872 2993 principatu
892 2959 967 2983 idem
985 2957 1163 2990 apostolicus
1181 2958 1266 2988 tenet,
1282 2964 1323 2981 re-

423 3002 437 3016 “
449 3004 581 3035 quirunt;
603 3003 631 3027 et
651 3003 691 3027 sic
710 3009 727 3026 a
746 3001 866 3026 merldIe
886 3001 916 3025 in
928 3007 1085 3033 .vesperum
1099 2998 1278 3024 conferentes
1290 3005 1323 3023 ac

425 3045 438 3059 ⁸
448 3045 620 3071 dissidentes
634 3044 668 3069 de
681 3051 750 3078 pace
762 3045 899 3075 tractant,
913 3035 964 3068 nec
983 3050 1044 3067 eam
1064 3042 1220 3074 attingunt,
1235 3042 1323 3066 immo

1378 1509 1392 1522 “
1402 1509 1436 1534 ab
1456 1517 1488 1534 ea
1507 1509 1667 1535 discedunt.
1705 1508 1784 1539 Quid
1800 1511 1911 1536 multa?
1923 1510 1977 1536 Per
1989 1511 2041 1537 XV
2055 1511 2114 1536 fere
2126 1511 2188 1537 dies
2201 1512 2276 1537 circs

1378 1552 1496 1586 “partes
1517 1552 1587 1577 illos
1606 1554 1755 1578 morantur
1774 1554 1803 1578 et
1822 1555 1897 1586 regIs
1915 1554 2057 1579 exercitus
2076 1555 2107 1579 in
2126 1555 2213 1580 armIs
2231 1561 2277 1580 co·

1379 1595 1392 1609 ‘⁴
1402 1595 1476 1620 tidie
1494 1597 1614 1628 augetur
1632 1597 1661 1620 et
1679 1595 1796 1621 tandem
1815 1596 1963 1621 discordes
1976 1596 2142 1627 discedunt:
2159 1598 2278 1631 aposto·

1377 1639 1475 1663 “licus
1493 1637 1625 1669 Romam,
1645 1645 1694 1663 rex
1713 1645 1782 1663 vero
1801 1637 1931 1663 SIciliam
1950 1638 2070 1664 redeunt
2081 1655 2106 1673 ,,.

1464 1678 1476 1696 ³
1494 1680 1580 1712 Insa,
1599 1688 1627 1714 p.
1646 1679 1697 1705 28:
1720 1679 1734 1693 ‘⁴
1744 1680 1815 1706 Post
1833 1681 1884 1706 hec
1901 1680 1964 1706 filio
1982 1681 2025 1706 eis
2051 1680 2172 1707 Ver-ulus
2197 1682 2280 1707 obse-

1379 1723 1506 1748 “derunt
1525 1725 1553 1748 et
1571 1724 1633 1748 eius
1652 1723 1754 1749 vineas
1771 1724 1801 1748 et
1819 1725 1882 1749 sata
1900 1725 2096 1756 vastaverunt,
2115 1725 2145 1750 et
2156 1725 2276 1758 quedam

1379 1764 1561 1799 “Csmpanie
1580 1766 1698 1791 castella
1717 1767 1869 1798 predantes
1893 1766 2089 1792 othnuerunt.
2126 1766 2188 1792 Rex
2208 1774 2277 1793 vero

1378 1807 1469 1841 “post
1487 1816 1551 1833 cum
1572 1809 1670 1833 navali
1689 1809 1816 1834 exercItu
1836 1810 1955 1834 veniens
1979 1807 2152 1843 civitatem)
2176 1809 2277 1836 Tem·

1379 1852 1392 1866 ¹‘
1402 1852 1499 1877 cinam
1518 1851 1639 1881 obsedit,
1659 1853 1688 1876 et
1706 1859 1767 1876 enm
1780 1859 1880 1885 capere
1893 1859 1952 1877 non
1966 1853 2072 1885 potuit.
2083 1871 2090 1877 .
2100 1869 2108 1878 .
2118 1869 2126 1878 .
2145 1852 2216 1878 Filii
2230 1853 2278 1879 sui

1379 1893 1393 1907 “
1403 1896 1539 1927 ceperunt
1557 1894 1702 1924 Maniam,
1721 1894 1904 1920 Amiternum
1922 1896 1951 1920 et
1964 1896 2056 1920 totam
2069 1896 2175 1928 terram
2188 1903 2277 1929 usque

1379 1937 1553 1962 “Reatem..
1565 1955 1584 1962 ..
1610 1937 1716 1962 Volens
1736 1937 1852 1962 interim
1873 1945 1922 1963 rex
1942 1937 2087 1970 acquirere
2105 1937 2278 1964 Africanum

1379 1979 1521 2012 “regnum
1549 1982 1578 2004 et
1605 1979 1750 2012 Tripolim
1777 1980 1810 2005 de
1838 1980 1983 2009 Barbaria,
2008 1981 2167 2013 treuguam,
2192 1988 2277 2014 qusm

1379 2021 1503 2048 “contra
1522 2022 1633 2047 dixerat
1652 2022 1711 2047 fieri
1731 2022 1800 2048 filiis
1819 2023 1879 2048 suis
1899 2022 1990 2048 adhuc
2015 2023 2182 2049 viventibus
2202 2024 2278 2049 inter

1377 2064 1480 2098 “ipsos
1499 2066 1527 2090 et
1545 2064 1665 2090 eundem
1683 2071 1787 2098 papam
1805 2064 1926 2090 Luclum
1946 2066 2086 2097 quatenu·
2103 2072 2154 2098 per
2166 2066 2278 2098 septen-

1379 2106 1392 2120 ¹¹
1403 2108 1482 2133 nium
1502 2108 1680 2139 quiescerent
1698 2107 1837 2132 infestare
1856 2108 2075 2132 Beneventanos
2093 2108 2123 2133 et
2135 2106 2279 2133 Romano-

1379 2149 1393 2163 “
1404 2157 1464 2174 rum
1484 2149 1561 2179 fines,
1581 2152 1672 2183 Ipsam
1691 2151 1841 2183 treuguam
1861 2150 1996 2183 concepit
2013 2151 2043 2175 et
2062 2149 2245 2176 confirmavit
2253 2167 2278 2183 ,-

1464 2192 1554 2218 LucIo
1574 2191 1609 2223 11,
1630 2194 1659 2217 in
1680 2200 1737 2217 una
1756 2193 1859 2218 lettera
1877 2194 1978 2218 scritta
1996 2200 2012 2218 a
2025 2192 2124 2218 Pietro
2137 2193 2166 2218 di
2181 2192 2278 2226 Cluny

1376 2236 1456 2260 dice:
1475 2234 1548 2260 “Ad
1573 2235 1752 2267 colloquium
1778 2236 1852 2269 regis
1878 2234 1996 2261 Siciliae
2021 2234 2277 2261 condescendimus

1379 2278 1431 2303 “et
1450 2279 1516 2310 quia
1536 2278 1570 2302 ad
1591 2278 1728 2303 honorem
1747 2278 1802 2303 Dei
1822 2279 1851 2303 et
1868 2278 2006 2303 ecclesiae
2025 2285 2092 2303 suae
2109 2277 2218 2303 firmam
2230 2285 2278 2312 pa-

1379 2321 1393 2334 “
1403 2328 1463 2346 cern
1476 2328 1539 2346 cum
1549 2328 1583 2345 eo
1598 2321 1689 2345 facere
1703 2328 1760 2345 non
1775 2322 1932 2353 potuimus,
1944 2321 2068 2346 instanti
2079 2322 2176 2346 tamen
2185 2320 2278 2355 Ipsius

1379 2364 1393 2378 ⁴‘
1404 2363 1546 2388 violentia
1560 2370 1612 2388 nos
1625 2364 1744 2396 cogente
1757 2365 1886 2396 treguam
1899 2371 1962 2388 cum
1975 2371 2009 2388 eo
2029 2364 2243 2396 composuimus
2251 2372 2277 2395 ,ς

1376 2406 1486 2435 ΜΑΝει,
1506 2405 1581 2435 XXI,
1600 2405 1666 2434 6o8;
1683 2404 2005 2439 Jsrrs-Loswzmmm,
2019 2413 2048 2431 n.
2061 2404 2140 2439 8653.
2175 2405 2278 2432 Anche

1375 2450 1419 2482 gli
1437 2448 1508 2474 Ana.
1532 2448 1629 2478 Caum,
1649 2449 1679 2473 in
1699 2449 1740 2474 M.
1761 2448 1793 2473 G.
1820 2449 1856 2473 H.
1883 2449 1945 2479 SS.,
1964 2448 2040 2478 XIX,
2064 2454 2127 2481 310,
2153 2448 2276 2474 dicono:

1378 2491 1514 2516 “Deinde
1533 2490 1657 2523 quodam
1677 2492 1761 2523 pacto
1783 2491 1869 2523 sacto,
1890 2498 1960 2524 quae
1980 2492 2094 2524 ceperat
2112 2489 2242 2516 reddidit
2251 2507 2278 2523 ,μ

1465 2530 1478 2548 ⁴
1497 2532 1614 2564 Amr,
1640 2534 1766 2558 annota:
1795 2532 1853 2557 “V.
1880 2531 1966 2557 Orro
1990 2532 2137 2564 Fiusnto„
2167 2531 2278 2561 ebron„

1376 2576 1437 2607 VII,
1459 2582 1490 2608 31
1505 2593 1530 2607 ᾗ.

2302 845 2342 878 10

2301 1110 2367 1158 ι5ι

2304 1686 2360 1714 45,

2305 1903 2364 1931 5οπ

2306 2107 2356 2140 ⁵3⁴

1464 2617 1546 2643 Sulla
1570 2619 1765 2643 costituzione
1790 2618 1835 2643 dei
1859 2618 1965 2643 Senato
1989 2617 2017 2642 al
2043 2619 2140 2650 tempo
2164 2617 2196 2643 di
2219 2615 2275 2642 Lu·
2328 2636 2331 2637 ν
2355 2614 2357 2619 “

1376 2661 1422 2686 cio
1442 2660 1489 2693 111,
1512 2662 1588 2693 dopo
1608 2661 1631 2685 il
1650 2668 1702 2686 suo
1721 2661 1836 2686 rit-orno
1856 2660 1891 2686 da
1911 2659 2054 2694 Ceprano,
2074 2658 2137 2686 eloe
2156 2660 2233 2694 dopo
2252 2660 2275 2685 11

1375 2703 1485 2736 giugno
1500 2702 1544 2728 del
1563 2710 1637 2735 1144,
1657 2703 1693 2727 cf.
1713 2702 1911 2732 effluxum«,
1931 2702 1966 2732 ΙΙ,
1988 2710 2028 2735 14.
2061 2702 2173 2728 Contro
2193 2701 2278 2736 l'opi-

1376 2746 1464 2770 nione
1483 2744 1528 2770 del
1549 2744 1753 2778 Gregorovius,
1774 2745 1819 2770 del
1839 2744 1998 2770 Bernhardi
2025 2752 2040 2769 e
2065 2744 2142 2769 dello
2167 2744 2278 2769 Holder

1375 2787 1476 2820 Egger.
1496 2787 1532 2812 cs.
1551 2787 1583 2812 P.
1602 2786 1727 2819 Fauiana,
1747 2787 1800 2811 Per
1818 2786 1846 2811 Ia
1865 2787 1957 2812 Storta
1977 2786 2023 2811 del
2040 2786 2137 2812 Senatu
2156 2787 2277 2812 Romano

1376 2829 1422 2854 nel
1436 2830 1516 2854 secolo
1535 2829 1606 2858 XII;
1626 2829 1712 2861 IDEM,
1731 2829 1813 2854 L‘era
1831 2828 1876 2853 del
1898 2828 2009 2857 Senatu,
2035 2830 2064 2853 ln
2090 2828 2276 2854 Archivio

1377 2873 1477 2897 della
1495 2871 1537 2896 R.
1562 2871 1717 2897 Societb⁴
1742 2872 1902 2896 Romana
1926 2871 1959 2896 di
1980 2870 2108 2896 storia
2132 2870 2276 2900 PatrIa,

1377 2913 1475 2946 Roma,
1499 2921 1574 2947 1911,
1596 2915 1655 2940 vol.
1673 2914 1801 2943 XXXIV,
1820 2913 1944 2946 351-362‚
1958 2921 1973 2938 e
1988 2920 2064 2946 1912,
2083 2913 2141 2938 vol.
2160 2912 2275 2945 XXXV,

1378 2964 1405 2989 P·
1425 2963 1475 2990 597
1495 2965 1509 2982 e
1529 2965 1568 2990 ΒΕ·

1466 2997 1478 3014 ⁶
1494 2998 1639 3024 Bernardo
1659 2998 1808 3031 Paganelli
1829 2998 1860 3023 di
1879 2998 2084 3031 Montemagno
2104 2996 2204 3030 (Pisa),
2227 2998 2276 3022 ab·

1378 3041 1441 3066 bate
1467 3041 1495 3065 di
1523 3040 1550 3066 S.
1576 3040 1744 3066 Anastasio.
1791 3040 1837 3066 Cf.
1862 3041 1941 3065 Boso
1966 3040 1997 3065 ln
2023 3038 2081 3065 Πὸ,
2104 3038 2216 3069 ΜΛ,
2241 3039 2276 3070 11,

2305 2751 2353 2779 ⁷0⁴

2304 2959 2336 2989 ⁷⁵
