2398 3470
156 213 230 238 Mun„
246 220 279 234 ff.
295 219 382 239 nm„
392 203 466 238 286
1157 201 1226 236 CH
1233 200 1467 236 RONICON
2016 209 2067 246 [Α.
2087 211 2121 239 c.
2143 210 2236 246 ινιτ]

219 342 269 360 ang.
290 343 294 355 1

478 323 706 358 Uenientibus
730 329 843 355 autem
868 322 1035 364 proximis
1057 322 1226 355 Kalendis
1250 322 1397 366 Augusti
1412 323 1433 361 ¹,
1462 323 1649 366 imperator
1681 335 1758 357 cum
1789 325 2062 371 archiepiscopis
2095 334 2129 361 et
2162 328 2235 372 epi-

389 377 503 419 scopis
527 382 562 408 et
584 375 727 418 reliquis
750 374 968 417 principibus
991 374 1060 407 suis
1084 382 1118 407 et
1143 386 1269 419 magna
1291 375 1412 418 populi
1436 376 1657 409 multitudine
1689 377 1735 410 ad
1765 378 1960 420 patriarche
1991 380 2167 423 palatium,
2199 381 2234 413 in

391 441 460 473 quo
482 440 574 473 papa
595 434 670 460 erat
693 428 894 470 hospitatus,
918 427 1077 460 accessit.
1123 428 1162 460 In
1187 428 1285 461 cuius
1308 428 1430 471 palatii
1462 429 1539 461 aula
1571 429 1674 474 longa
1705 430 1788 463 satis
1818 436 1852 463 et
1881 432 2044 474 spatiosa,
2074 444 2168 476 papa
2197 434 2235 466 in

389 482 605 515 eminentiori
629 481 706 513 loco
731 481 861 523 positus
883 481 920 512 in
943 481 1142 514 faldestolio
1166 492 1227 514 suo
1251 482 1393 519 resedit,
1416 488 1450 515 et
1474 482 1648 525 episcopis
1663 483 1735 515 suis
1751 489 1785 516 et
1801 485 2037 519 cardinalibus
2051 486 2231 519 hincinde

390 533 698 574 circumstantibus,
722 534 967 577 imperatorem
991 533 1130 576 quidem
1154 534 1191 567 in
1213 545 1275 567 sua
1298 535 1441 569 dextera
1464 546 1568 578 supra
1591 536 1775 579 episcopos
1803 542 1838 569 et
1868 537 2090 583 presbyteros
2119 540 2235 572 cardi-

388 589 494 627 nales,
518 587 752 620 Romoaldum
776 598 860 619 uero
884 587 1139 620 Salernitanum
1165 588 1465 631 archiepiscopum
1489 588 1523 620 in
1549 588 1686 622 sinistra
1709 600 1812 632 supra
1844 591 2008 625 diacones
2038 593 2233 626 cardinales

388 642 541 674 residere
565 641 731 683 precepit.
779 641 887 673 Facto
911 640 1028 684 itaque
1052 640 1199 680 silentio,
1223 641 1274 673 sic
1296 648 1349 674 est
1372 652 1463 684 papa
1491 641 1692 675 Alexander
1723 653 1878 676 exorsus:
1902 644 2000 677 “Hec
2017 651 2080 684 est,
2108 646 2234 689 inquit,

394 695 506 733 “dies‚
530 695 654 727 fratres
678 693 856 733 carissimi,
881 704 984 736 quam
1006 694 1093 727 fecit
1116 695 1301 732 Dominus;
1334 695 1525 728 exultemus
1557 701 1592 728 et
1624 696 1766 729 letemur
1796 697 1831 729 in
1862 708 1914 735 ea,
1945 697 2027 741 quia
2056 698 2114 732 hic
2145 699 2234 732 filius

392 749 406 765 ⁴⁴
421 754 539 780 noster
561 748 798 781 Romanorum
823 747 1014 790 imperator
1035 747 1178 780 illustris
1201 753 1354 780 mortuus
1378 749 1492 781 fuerat
1515 755 1550 781 et
1573 748 1708 789 reuixit,
1731 750 1885 792 perierat
1914 758 1949 783 et
1980 750 2142 784 inuentus
2172 758 2234 786 est.

391 805 405 820 ⁴⁶
420 801 508 834 Nam
532 807 711 843 postquam
737 800 835 833 cordi
859 800 931 833 eius
954 811 1103 843 superne
1127 801 1244 833 radius
1268 801 1435 834 claritatis
1458 802 1581 841 illuxit,
1605 803 1712 835 totius
1727 803 1890 836 salsitatis
1907 803 2060 846 depul'sa
2076 804 2235 849 caligine,

394 858 407 872 ‘⁴
421 855 466 887 de
489 864 605 887 errore
628 855 674 887 ad
696 854 877 886 ueritatem
901 853 1015 892 rediit,
1039 854 1084 887 de
1108 854 1262 887 tenebris
1285 855 1331 887 ad
1355 855 1470 887 lumen
1493 855 1638 894 transiit,
1663 856 1707 888 de
1731 856 1891 889 scismate
1914 857 1958 889 ad
1982 857 2151 890 unitatem
2174 868 2235 891 ac-

393 910 407 925 “
421 907 525 940 cessit
547 913 582 940 et
606 908 650 939 ad
674 907 792 940 caulas
815 908 934 940 matris
950 907 1102 940 ecclesie
1119 914 1295 951 tamquam
1311 908 1386 941 ouis
1402 908 1550 942 erratica
1566 909 1758 951 repedauit.
1806 909 1947 943 Exultet
1962 910 2064 955 igitur
2079 911 2233 945 fidelium

388 962 403 977 “
418 961 534 994 uotiua
556 961 692 1004 religio,
717 960 797 1003 quia
820 960 926 993 hodie
951 966 1052 1003 pater
1076 960 1245 993 iuniorem
1267 961 1404 1003 recepit
1427 961 1545 1001 filium,
1571 962 1779 994 catholicum
1810 962 2005 1006 principem
2036 963 2232 997 Romanum

336 1031 341 1034 ·
393 1014 639 1057 “recuperauit
662 1014 855 1056 imperium,
879 1019 988 1046 mater
1012 1013 1165 1046 ecclesia
1186 1025 1283 1046 suum
1308 1015 1528 1058 euaginatum
1552 1015 1589 1047 in
1612 1015 1740 1059 uagina
1763 1017 1937 1049 conuertit
1959 1016 2123 1060 gladium,
2138 1017 2236 1050 nau'n

392 1068 602 1111 “piscatoris
625 1067 769 1111 egregii,
793 1077 861 1110 que
886 1066 998 1110 culpis
1021 1066 1251 1111 exigentibus,
1276 1068 1523 1100 aduersitatum
1547 1068 1686 1101 turbine
1710 1079 1800 1111 pene
1825 1069 1984 1102 demersa
2011 1069 2078 1102 iam
2110 1070 2235 1109 fuerat,

395 1124 408 1139 ‘⁴
422 1132 513 1154 nunc
536 1120 698 1163 procellis
722 1120 947 1160 cessantibus,
971 1121 1016 1153 ad
1040 1120 1119 1153 litus
1142 1121 1293 1154 solidum
1318 1127 1352 1153 et
1382 1132 1465 1154 uere
1498 1121 1623 1164 quietis
1654 1127 1791 1164 portum
1820 1122 1920 1155 illesa
1950 1123 2121 1165 peruenit.
2165 1123 2237 1157 Ec-

393 1175 525 1207 “clesie
549 1185 606 1207 sue
630 1183 753 1216 preces
775 1184 839 1216 pro
864 1173 954 1207 bono
978 1174 1076 1216 pacis
1099 1174 1304 1217 frequenter
1328 1174 1458 1207 effusas
1480 1175 1547 1207 Dei
1578 1174 1668 1207 filius
1698 1175 1889 1208 clementer
1921 1176 2064 1216 audiuit,
2093 1181 2130 1209 et
2159 1187 2236 1210 eam

393 1231 498 1260 “cum
521 1238 582 1260 suo
606 1227 767 1270 principe
790 1227 827 1259 in
850 1237 938 1269 pace
962 1233 997 1259 et
1021 1227 1211 1259 concordia
1235 1227 1430 1260 collocauit.
1476 1227 1563 1260 Inde
1595 1234 1658 1267 est,
1691 1229 1799 1272 quod,
1830 1229 2015 1262 destructis
2047 1230 2238 1263 adversita-

394 1282 508 1315 “tibus
532 1288 566 1314 et
588 1281 764 1314 erroribus
786 1280 967 1319 uniuersis,
991 1290 1114 1313 secura
1141 1281 1210 1312 iam
1226 1291 1313 1323 pace
1330 1281 1466 1319 fruitur,
1483 1287 1517 1314 et
1531 1281 1686 1314 iucunda
1714 1282 1900 1315 securitate
1933 1282 2068 1316 letatur.
2114 1283 2238 1328 Cesset

393 1335 524 1379 “igitur
548 1334 688 1377 antiqua
712 1334 900 1371 discordia,
924 1334 1027 1366 finem
1051 1334 1200 1376 accipiat
1223 1334 1418 1367 inueterata
1440 1334 1579 1373 malitia,
1604 1346 1673 1367 una
1695 1335 1792 1373 fides,
1814 1346 1902 1368 unus
1925 1336 2095 1376 dominus,
2110 1347 2180 1369 una
2194 1337 2239 1370 sit

393 1391 454 1421 “et
476 1389 635 1421 ecclesia.
681 1387 816 1420 Scisma
839 1389 877 1419 in
900 1387 1068 1419 unitatem
1093 1393 1245 1420 transeat
1270 1393 1305 1420 et
1329 1387 1453 1420 diuisio
1477 1388 1522 1420 ad
1546 1389 1726 1421 caritatem
1750 1389 1906 1422 accedat.
1953 1389 2074 1422 Omnis
2097 1390 2167 1423 iam
2191 1391 2238 1424 ad

393 1446 406 1461 ‘⁴
422 1453 543 1484 pacem
568 1442 716 1475 ecclesia
739 1442 871 1479 redeat,
897 1447 932 1474 et
955 1442 1000 1474 ad
1023 1442 1141 1473 matris
1165 1452 1224 1474 sue
1250 1442 1421 1485 gremium
1453 1441 1600 1474 filiorum
1631 1442 1860 1476 numerositas
1890 1443 2041 1486 gratiosa
2070 1449 2237 1477 recurrat.

394 1499 407 1514 ‘⁴
421 1496 474 1529 Sit
496 1496 572 1528 Deo
596 1495 707 1538 gloria
730 1495 767 1526 in
790 1494 966 1527 altissimis
989 1501 1023 1527 et
1046 1494 1082 1527 in
1106 1500 1197 1527 terra
1221 1505 1289 1537 pax
1313 1494 1509 1527 hominibus
1533 1495 1624 1528 bone
1648 1495 1846 1528 uoluntatis.
1894 1496 1939 1529 Et
1967 1497 2051 1539 quia
2082 1507 2146 1530 nos
2174 1497 2240 1530 im-

394 1550 590 1592 “peratoris
611 1548 723 1581 nostri
746 1548 840 1591 pium
864 1548 1016 1580 animum
1039 1553 1075 1580 et
1097 1547 1283 1591 benignam
1307 1548 1527 1592 agnoscimus
1548 1548 1773 1588 uoluntatem,
1797 1560 1876 1582 eum
1898 1550 1989 1582 intra
2011 1556 2127 1583 nostre
2141 1561 2239 1583 man-

2262 806 2301 838 10

2263 1069 2300 1102 15

2261 1339 2303 1370 20

392 1604 406 1620 “
421 1602 615 1636 suetudinis
639 1601 790 1634 bra'chia
812 1608 986 1644 tamquam
1009 1600 1228 1633 karissimum
1251 1601 1359 1634 filium
1381 1602 1564 1646 benignius
1586 1603 1826 1645 amplexamur
1848 1608 1883 1635 et
1906 1609 1976 1636 tam
1998 1604 2110 1646 ipsum
2133 1613 2236 1647 quam
2260 1604 2302 1637 25

394 1660 562 1689 “uxorem
586 1661 621 1688 et
643 1655 719 1688 eius
741 1654 856 1687 filium.
871 1654 906 1686 in
929 1654 1120 1687 catholicos
1142 1655 1322 1697 principes
1343 1661 1490 1698 paterno
1513 1655 1647 1688 affectu
1670 1656 1858 1698 recipimus
1889 1662 1924 1689 et
1954 1657 2038 1699 ipsis
2068 1657 2235 1690 honorem

395 1713 409 1728 ‘⁶
423 1710 579 1743 debitum
600 1709 803 1752 impendere
826 1718 1069 1751 procuramus3
1094 1709 1207 1741 Deum
1230 1714 1265 1741 et
1287 1708 1463 1751 apostolos
1485 1714 1623 1742 nostros
1644 1709 1840 1743 affectuose
1870 1716 2046 1754 rogantes,
2077 1716 2116 1743 ut
2143 1711 2238 1754 ipsos

393 1764 407 1780 ‘⁴
422 1763 574 1796 ecclesie
597 1773 658 1795 sue
681 1768 823 1794 seruent
845 1761 1038 1794 incolumes
1060 1767 1095 1794 et
1118 1771 1181 1804 per
1204 1762 1310 1805 longa
1331 1767 1489 1804 tempora
1512 1761 1711 1795 custodiant
1734 1763 1940 1796 defensores
1954 1787 1984 1804 „.

476 1817 665 1859 Postquam
686 1826 778 1859 papa
802 1814 897 1858 loqui
921 1815 1032 1854 desiit,
1056 1815 1255 1858 imperator,
1280 1815 1439 1858 deposito
1461 1815 1580 1858 pallio,
1604 1816 1649 1849 de
1672 1826 1734 1848 suo
1757 1816 1955 1849 {aldestolio
1970 1827 2128 1861 surgens,
2143 1817 2238 1861 cepit

389 1871 422 1902 in
447 1870 567 1913 lingua
589 1869 764 1902 tectonica
787 1867 998 1906 concionari,
1023 1868 1219 1901 Christiano
1244 1868 1457 1901 cancellario
1480 1867 1590 1901 uerba
1611 1879 1674 1901 sua
1704 1868 1894 1912 uulgariter
1924 1876 2132 1912 exponente.
2177 1870 2240 1904 Ait

392 1933 494 1966 ergo:
523 1922 727 1955 “Maiestati
749 1927 868 1954 nostre
896 1921 977 1954 satis
1007 1927 1143 1965 gratum
1176 1922 1308 1954 residet
1339 1928 1372 1954 et
1403 1927 1598 1964 acceptum,
1629 1922 1723 1965 quod
1753 1921 1848 1954 Deus
1879 1922 2111 1965 omnipotens,
2142 1923 2239 1956 cuius

397 1979 527 2009 “manu
549 1976 748 2019 principum
772 1975 880 2008 corda
903 1980 1108 2014 tractantur,
1133 1975 1230 2008 cuius
1254 1974 1396 2008 arbitrio
1420 1985 1541 2008 eorum
1563 1975 1761 2008 uoluntates
1788 1981 1824 2008 et
1855 1975 2002 2008 consilia
2031 1976 2238 2020 diriguntur,

397 2033 540 2063 “nostre
564 2028 779 2061 conscientie
802 2028 988 2070 puritatem
1011 2029 1207 2067 attendens,
1232 2038 1277 2061 ex
1302 2028 1449 2061 diuersis
1473 2028 1593 2061 mundi
1614 2029 1772 2071 partibus
1799 2030 1893 2062 uiros
1922 2029 2089 2071 prouidos
2120 2035 2156 2063 et
2186 2029 2239 2063 di-

393 2084 408 2099 “
422 2088 553 2115 scretos
574 2081 659 2114 huic
682 2081 776 2124 curie
800 2081 909 2114 uoluit
932 2081 1109 2120 interesse,
1133 2087 1172 2114 ut
1194 2082 1261 2124 ipsi
1286 2091 1439 2114 errorem
1472 2087 1626 2115 nostrum
1655 2087 1690 2114 et
1721 2082 1985 2114 conuersionem
2017 2082 2117 2115 nobis
2146 2082 2240 2116 refo-

2262 1870 2306 1903 30

397 2135 579 2169 “rentibus
601 2134 785 2167 manifeste
810 2141 1070 2178 cognoscerent,
1094 2135 1222 2168 dehinc
1246 2135 1292 2168 ad
1315 2135 1456 2178 propria
1478 2135 1677 2173 redeuntes,
1701 2135 1924 2168 deuotionem
1947 2141 2111 2175 nostram,
2134 2145 2237 2179 quam
2260 2135 2303 2168 35

394 2192 408 2208 ‘⁴
422 2199 506 2232 erga
530 2188 592 2220 Dei
615 2187 798 2220 ecclesiam
823 2187 983 2229 gerimus,
1006 2187 1147 2230 publice
1164 2189 1399 2230 predicarent.
1447 2188 1558 2221 Totus
1572 2188 1679 2232 igitur
1695 2188 1843 2220 mundus
1860 2188 2044 2222 euidenter
2059 2194 2237 2233 agnoscat,

395 2246 409 2261 “
422 2243 518 2286 quod
539 2242 621 2274 licet
647 2251 710 2273 nos
733 2241 885 2274 Romani
907 2240 1047 2282 imperii
1071 2241 1240 2284 dignitate
1266 2247 1301 2274 et
1323 2241 1434 2284 gloria
1457 2241 1662 2285 fulgeamus,
1687 2248 1804 2275 tamen
1824 2252 1845 2274 a
1867 2241 1969 2275 nobis
1991 2242 2139 2275 humane
2155 2252 2242 2276 con-

397 2298 411 2313 “
425 2296 565 2329 ditionis
586 2294 764 2338 proprium
788 2293 939 2337 dignitas
963 2293 1124 2326 Romana
1147 2303 1216 2326 non
1239 2295 1389 2334 abstulit,
1416 2305 1483 2328 nec
1505 2295 1702 2339 ignorantie
1724 2295 1844 2328 uitium
1867 2295 2029 2328 maiestas
2051 2295 2242 2338 imperialis

400 2349 583 2383 “exclusit.
631 2348 720 2380 Nam
743 2347 965 2390 suggestione
988 2357 1173 2389 prauorum
1196 2348 1373 2381 hominum
1397 2348 1594 2392 ignorantie
1617 2348 1745 2381 fuimus
1766 2348 1919 2381 tenebris
1943 2347 2090 2381 inuoluti
2112 2354 2149 2382 et
2178 2358 2243 2392 per

398 2405 412 2420 “
425 2402 519 2435 uiam
540 2401 694 2435 ueritatis
716 2399 908 2433 cre'dentes
930 2399 1109 2439 incedere,
1133 2406 1231 2433 extra
1252 2401 1380 2434 iustitie
1411 2403 1550 2435 semitas
1580 2412 1643 2435 nos
1673 2401 1877 2434 inuenimus.
1923 2401 2018 2434 Ecce
2050 2401 2142 2434 enim
2171 2401 2239 2435 Dei

397 2459 411 2475 “
424 2456 622 2495 ecclesiam,
644 2465 747 2498 quam
771 2453 1002 2486 credebamus
1025 2453 1231 2492 defendere,
1253 2453 1543 2498 impugnauimus,
1560 2460 1595 2488 et
1607 2456 1713 2498 ‘quam
1730 2454 1953 2497 sperabamus
1968 2454 2134 2488 extollere
2148 2464 2241 2498 pene

397 2513 411 2527 “
424 2509 663 2542 destruximus.
709 2507 903 2540 Occasione
928 2506 1057 2539 domini
1082 2506 1190 2539 nostri
1212 2506 1288 2540 Iesu
1305 2507 1437 2540 Christi
1452 2509 1571 2541 tunica
1585 2507 1801 2541 inconsutilis
1818 2513 1870 2541 est
1884 2507 2007 2546 diuisa,
2022 2513 2057 2540 et
2073 2514 2238 2551 quantum

397 2564 459 2595 “in
484 2561 588 2607 nobis
606 2561 685 2601 fuit,
707 2570 772 2603 per
795 2570 911 2593 ereses
935 2565 969 2591 et
991 2560 1152 2592 scismata
1173 2560 1313 2593 uiolata.
1360 2562 1509 2603 Decepit
1531 2571 1596 2594 nos
1619 2571 1724 2594 cause
1747 2562 1907 2594 meritum
1931 2566 1966 2594 et
1989 2560 2086 2594 color
2108 2561 2241 2605 negotii

482 2682 505 2699 2.
525 2681 626 2706 magna
645 2676 672 2698 et
692 2673 793 2706 populi
813 2673 852 2706 (et
869 2671 1020 2703 cancellato)
1038 2672 1062 2696 A
1077 2686 1110 2689 —
1125 2679 1148 2702 5.
1163 2672 1334 2705 presbiteros
1357 2673 1380 2697 Α
1403 2687 1434 2692 -
1457 2681 1497 2699 11.
1512 2674 1643 2698 scismate
1656 2673 1680 2698 A
1692 2687 1726 2691 —
1743 2681 1782 2705 14.
1794 2675 1961 2706 evagantem
1974 2673 1999 2697 A
2016 2686 2047 2691 —
2063 2680 2103 2706 19.
2116 2672 2240 2698 iocunda

392 2718 415 2742 A
437 2731 468 2734 —
489 2723 530 2741 ²1.
549 2715 677 2741 Schisma
697 2716 724 2740 B
739 2723 753 2739 e
773 2715 801 2747 C,
823 2714 899 2739 Sam
916 2722 930 2738 e
947 2714 1038 2739 Arndt
1056 2727 1090 2732 —-
1110 2719 1151 2745 ²5·
1165 2714 1343 2739 carissimum
1363 2716 1388 2740 B
1404 2724 1417 2739 e
1438 2717 1468 2747 C,
1487 2716 1564 2741 Sauo
1582 2724 1595 2740 ε
1614 2715 1708 2741 Arndt
1732 2730 1757 2732 >--
1779 2714 1869 2747 37·38.
1888 2715 2081 2740 condictionis
2101 2715 2125 2739 A
2143 2728 2176 2734 -
2196 2722 2239 2747 4²·

392 2761 443 2784 hac
463 2766 522 2783 occ.
543 2759 658 2786 Car-urm
678 2765 738 2782 occ.
759 2759 856 2782 nostra
879 2756 1015 2783 Coneeloro
1035 2770 1066 2773 —
1088 2763 1131 2788 43.
1149 2757 1301 2781 schismata
1321 2758 1347 2781 B
1365 2765 1378 2781 e
1398 2758 1428 2787 C,
1448 2758 1526 2783 Sasso
1543 2766 1557 2782 e
1575 2758 1667 2783 Arndt

483 2860 489 2875 ¹
512 2861 642 2885 L'Arndt
662 2862 783 2885 annota:
805 2859 934 2884 “Omnia
949 2866 1019 2891 quae
1032 2858 1209 2883 Romoaldus
1223 2859 1290 2883 inde
1346 2860 1435 2884 anche
1452 2860 1536 2890 Boso‚
1555 2860 1634 2885 Liber
1653 2859 1768 2890 Rmtff..
1780 2860 1835 2885 loc.
1849 2861 1910 2888 clt„
1930 2860 2008 2884 dice:
2030 2859 2085 2883 “In
2105 2858 2242 2884 Kalendis

352 2908 364 2932 ,-
398 2904 411 2917 “
422 2904 458 2928 ab
477 2904 531 2928 hoe
550 2904 613 2928 loco
632 2904 746 2928 enarrat
767 2904 822 2927 iam
842 2903 909 2927 ante
929 2901 991 2926 Kal.
1011 2901 1085 2933 Aug.
1105 2901 1182 2926 facta
1197 2901 1292 2929 fuisse.
1349 2901 1362 2915 ⁶¹
1373 2909 1440 2926 vero
1453 2902 1558 2927 mensis
1571 2904 1694 2935 augusti,
1707 2902 1879 2928 convocatis
1892 2901 1966 2934 regis
1979 2901 2079 2926 Sicilie
2094 2902 2204 2926 nuntiis
2216 2902 2244 2926 et

397 2946 503 2971 “docet
523 2944 650 2970 Conradi
670 2952 721 2976 res,
742 2946 789 2977 qui
810 2945 855 2969 die
875 2951 907 2976 25
927 2951 963 2969 m.
985 2943 1051 2968 Iulii
1071 2944 1114 2968 est
1133 2944 1164 2968 in
1185 2943 1294 2968 archie-
1349 2945 1516 2971 “universis
1537 2945 1761 2971 Lombardorum
1780 2945 1947 2974 rectoribus,
1966 2944 2099 2978 pontifex
2119 2945 2147 2968 et
2161 2945 2245 2977 Impe-

394 2981 406 2995 '‘
422 2988 570 3021 pist-‚opum
590 2986 822 3019 Salzburgensem
842 2986 970 3011 elevatus
983 3005 1005 3019 η.
1034 2985 1193 3018 S’luganna
1208 2984 1293 3017 ρετὸς
1353 2984 1366 2998 ‘
1378 2988 1455 3011 rator
1475 2988 1678 3012 consistorium
1703 2987 1810 3021 pariter
1836 2987 2017 3012 intraverunt
2027 3002 2050 3017 ,.

2263 2403 2306 2434 40

2260 2952 2307 2977 ,ιο
