2398 3470
175 250 261 287 [ΑΔ.
280 258 322 280 m.
342 251 426 280 2238
445 252 517 279 ante
535 258 566 280 u.
584 257 610 279 e.
631 251 706 286 810]
949 241 1270 280 CHRONICON
1999 237 2040 273 11
2088 248 2166 271 Mun„
2183 252 2203 267 ε.
2221 252 2243 272 1⁵

182 379 280 411 “tum
303 377 339 409 in
362 376 541 410 animabus
563 385 635 409 Lxx
659 376 735 419 ipse
758 381 873 407 autem
895 373 1008 417 Jacob
1031 379 1112 406 tunc
1138 378 1212 406 erat
1227 381 1323 404 cxxx
1340 381 1518 409 annorum,
1536 369 1608 414 qui'
1625 376 1747 413 postea
1763 370 1800 403 in
1817 370 1946 413 Egipto
1962 370 2050 402 uixit
2085 361 2108 408 ἕ
2114 366 2222 411 ‘'1115’th

181 433 196 450 ‘⁴
210 441 320 464 annos
340 439 432 463 xvn.
478 429 590 474 Hujus
612 427 827 472 temporibus
850 426 1027 469 Memphis
1049 427 1087 459 in
1101 426 1244 470 Egypto
1261 425 1304 458 ab
1320 423 1400 467 Ape
1424 423 1620 467 argiuorum
1638 424 1791 464 condita,
1817 424 1942 467 Sparta
1963 433 2051 467 quo-

180 485 196 502 ⁸
209 493 277 527 que
302 494 323 515 a
345 483 472 525 Sparto
495 482 567 515 filio
590 481 743 515 Foronei
765 480 859 524 regis
882 479 1081 524 argiuorum
1105 478 1247 511 condita
1261 501 1290 518 „.
1336 476 1394 509 Ab
1418 475 1596 509 Abraham
1621 487 1704 510 uero
1729 487 1838 520 usque
1862 476 1908 509 ad
1931 477 2051 509 introi-

176 543 248 570 tum
271 536 420 569 filiorum
444 536 578 569 Israhel
600 535 637 567 in
660 535 802 578 Egypto
825 533 911 565 fiunt
934 532 1015 564 anni
1040 542 1143 565 ccxc.
1168 531 1312 565 Orosius
1328 530 1354 563 ¹:

133 588 152 623 5
271 587 393 621 “Ante
417 599 527 622 annos
548 587 655 621 Urbis
678 586 823 620 condite
845 585 952 618 MXL
983 585 1019 617 in
1041 584 1180 630 Achaja
1201 583 1283 617 'fuit
1305 594 1426 617 senum
1451 583 1620 617 diluuium
1649 589 1756 618 totam
1780 583 1928 617 eandem
1959 595 2042 628 pro·
2078 576 2140 626 {¹¹34
2149 579 2175 621 21¹·
2198 580 2218 595 ⁰·
2236 580 2287 599 ¹⁰⁴⁰

180 642 362 676 “uinciam
385 647 569 682 uastam„
593 641 682 674 Item
705 639 867 673 Orosius.
1443 650 1448 653 ³

269 694 391 728 “Ante
415 705 525 728 annos
547 694 656 727 Urbis
678 692 821 726 condite
844 692 973 726 MVIII
995 692 1063 725 fuit
1093 690 1188 735 apud
1210 692 1389 754 Iilgyptum
1420 691 1561 725 insolita
1583 691 1866 736 fastidiendaque
1890 692 2042 732 ubertas,
2079 705 2132 723 ante
2147 708 2169 723 u.
2186 708 2205 723 e.
2224 703 2274 722 1008

82 756 87 770 ³
181 751 196 768 “
210 748 341 783 deinde
363 749 457 793 jugis
481 754 516 782 et
538 736 771 781 intolerabilis
793 747 916 786 fames,
942 745 998 778 cui
1019 746 1154 790 Joseph
1184 746 1242 778 uir
1262 745 1373 789 justus
1396 751 1432 779 et
1454 745 1594 789 sapiens
1617 745 1741 778 diuina
1743 756 1964 796 —prou1s1one
1996 757 2053 779 su-

33 800 45 809 ”
181 802 197 819 “
210 800 332 834 buenit
345 800 390 841 „¹.
426 800 481 833 Eo
503 805 663 842 tempore
687 797 867 831 Foroneus
892 797 1021 830 Grecie
1044 797 1143 841 leges
1166 795 1276 830 dedit.
1323 796 1429 840 Juxta
1451 796 1611 830 Hebreos
1635 798 1718 830 anni
1740 797 1992 831 IICCCCLIII.

112 855 152 888 10
270 852 454 887 “Abitatio
477 852 626 885 filiorum
650 851 784 885 Israhel
808 862 878 895 qua
900 856 1126 884 mansuerunt
1147 850 1185 883 in
1208 851 1351 895 Egypto
1375 850 1444 883 fuit
1460 860 1629 883 annorum
1647 861 1824 891 ccccxxx,
1849 851 1974 895 quibus
1990 861 2050 884 ex·
2087 867 2108 882 a.
2125 866 2155 881 m.
2172 866 2224 886 ²45³

181 908 311 951 “pletis
335 907 459 940 eadem
483 905 541 938 die
564 915 724 950 egressus
748 909 801 937 est
825 904 936 937 omnis
953 903 1129 937 exercitus
1146 903 1279 936 domini
1304 902 1349 935 de
1372 908 1468 936 terra
1491 903 1633 948 Egypti‚
1657 910 1695 937 ut
1718 906 1893 948 scriptura
1907 909 2053 937 testatur

182 961 372 1002 “Exodi„.
419 958 579 998 Quorum
602 964 721 991 tamen
745 968 911 991 summam
935 968 1106 990 annorum
1130 957 1365 1001 Chronografi
1388 957 1464 1001 ejus
1488 968 1509 990 a
1531 959 1789 1003 septuagesimo
1813 959 1936 1002 quinto
1960 968 2052 990 anno

174 1004 367 1048 natiuitatis
392 1013 546 1052 Abrahe,
578 1012 721 1057 quando
744 1017 875 1045 terram
906 1011 1184 1054 repromissionis
1214 1011 1368 1051 intrauit,
1401 1017 1616 1054 computant,
1648 1019 1832 1056 sequentes
1860 1012 2051 1045 editionem

176 1068 398 1112 septuaginta
411 1068 654 1110 interpretum,
672 1076 741 1110 que
757 1065 860 1099 dicit:
877 1064 1047 1098 habitatio
1065 1070 1179 1098 autem
1204 1065 1355 1098 filiorum
1378 1064 1512 1098 Israhel
1537 1076 1606 1108 qua
1635 1065 1882 1099 “intrauerunt
1905 1066 1939 1098 in
1957 1066 2052 1110 Egy-

113 1121 152 1156 15
182 1123 197 1140 “
209 1127 283 1166 pto,
307 1127 343 1154 et
365 1121 403 1154 in
424 1127 519 1154 terra
533 1121 713 1160 Chanam,
729 1119 807 1163 ipsi,
831 1125 868 1153 et
882 1125 1000 1162 patres
1017 1129 1138 1152 eorum
1155 1130 1176 1151 a
1190 1119 1448 1163 septuagesimo
1465 1120 1582 1162 quinto
1598 1131 1686 1152 anno
1703 1121 1897 1153 natiuitatzss-
1911 1119 2055 1152 Abrahe

181 1177 196 1194 ‘⁴
209 1175 292 1208 anni
315 1184 482 1208 ccccxxx
495 1173 529 1215 „³
553 1185 657 1219 quam
680 1173 882 1206 necessario
906 1171 1121 1217 sequendam
1145 1178 1180 1206 et
1204 1173 1280 1216 ipsa
1303 1172 1480 1206 Hebraica
1502 1174 1631 1207 ueritas
1655 1174 1818 1214 ostendit,
1842 1185 1910 1219 que
1937 1179 2055 1206 narrat

177 1229 289 1263 Chaat
311 1228 418 1261 filium
441 1228 544 1268 Leui,
568 1238 672 1272 quem
695 1233 813 1260 natum
837 1236 914 1259 esse
939 1232 1073 1259 constat
1088 1225 1125 1258 in
1148 1232 1243 1259 terra
1266 1226 1458 1267 Chanaam,
1473 1227 1602 1260 uixisse
1626 1228 1708 1260 anni
1732 1237 1874 1261 cxxxrn
1896 1234 1931 1260 et
1947 1227 2054 1260 filium

177 1283 254 1328 ejus
275 1281 419 1316 Amram
442 1287 578 1325 patrem
601 1281 719 1326 Moysi
743 1291 855 1313 annos
878 1289 1033 1313 cxxxvn
1058 1285 1094 1312 et
1116 1279 1228 1323 ipsam
1251 1279 1404 1325 Moysen
1426 1290 1525 1314 Lxxx
1550 1281 1659 1314 fuisse
1684 1292 1853 1315 annorum
1877 1281 2053 1324 tempore'

177 1335 388 1380 egressionis
411 1334 457 1368 de
488 1335 641 1379 Egypto.
689 1333 786 1373 Quia
807 1333 972 1366 nimirum
1002 1334 1127 1366 horum
1150 1343 1319 1367 summam
1350 1344 1520 1367 annorum
1546 1341 1682 1368 constat
1709 1334 1986 1380 quadringentos
2018 1342 2052 1368 et
2089 1352 2109 1367 c.
2128 1345 2176 1371 2412

113 1390 157 1423 20
178 1389 322 1433 triginta
344 1388 490 1432 implere
514 1399 585 1422 non
607 1398 728 1431 posse:
753 1387 875 1420 annuit
891 1392 1006 1420 autem
1023 1387 1149 1419 horum
1165 1387 1383 1421 translationi
1405 1394 1440 1429 et
1455 1387 1658 1430 Apostolus,
1684 1399 1763 1421 cum
1787 1389 1851 1422 ait:
1882 1388 2054 1423 “Abrahe

87 1436 89 1439 ’
182 1444 197 1460 “
210 1442 305 1476 dicte
328 1448 408 1476 sunt
431 1442 690 1486 promissiones,
714 1447 751 1474 et
773 1440 897 1474 semini
921 1441 1012 1485 ejus:
1039 1451 1111 1473 non
1135 1440 1222 1474 dicit
1246 1446 1282 1473 et
1304 1440 1504 1481 seminibus,
1529 1442 1627 1485 quasi
1650 1442 1685 1474 in
1708 1442 1835 1483 multis,
1859 1444 1924 1477 sed
1954 1444 2055 1487 quasi

183 1496 247 1529 “in
269 1506 351 1534 uno,
375 1501 412 1529 et
434 1495 557 1528 semini
579 1500 641 1528 tuo
665 1494 725 1538 qui
748 1500 801 1527 est
824 1494 993 1527 Christus.
1040 1494 1119 1527 Hoc
1143 1499 1259 1527 autern
1276 1493 1358 1527 dico
1381 1495 1646 1528 Testamentum
1671 1497 1913 1529 confirmatum
1929 1497 2054 1536 aDeo,

182 1551 197 1567 ‘⁴
210 1560 279 1593 que
295 1555 374 1593 post
389 1558 555 1582 ccccxxx
572 1558 681 1581 annos
697 1547 794 1581 facta
810 1552 863 1580 est
885 1547 944 1580 lex
957 1557 1030 1580 non
1044 1547 1176 1580 irritam
1191 1547 1278 1580 fecit
1295 1548 1340 1581 ad
1357 1549 1578 1581 euacuandas
1599 1549 1848 1593 promissiones
1862 1556 1999 1592 patrum
2009 1549 2055 1592 „⁹.

181 1603 268 1636 Erat
290 1608 404 1636 autem
427 1602 571 1647 Moyses
593 1610 695 1634 Lxxx
719 1611 887 1634 annorum
912 1606 948 1634 et
969 1599 1092 1633 Aaron
1114 1609 1257 1633 Lxxxw
1281 1611 1462 1642 annorum,
1487 1602 1628 1644 quando
1652 1603 1760 1636 locuti
1783 1609 1863 1636 sunt
1886 1605 1932 1637 ad
1962 1605 2056 1638 Pha-

47 1646 61 1682 ἰῖ
115 1655 158 1689 25
183 1666 340 1695 raonem,
364 1655 424 1700 qui
446 1661 569 1700 postea
591 1655 755 1688 uixerunt
786 1663 895 1687 annos
925 1663 974 1687 XL
997 1652 1112 1687 donec
1135 1653 1305 1687 habitatio
1336 1654 1486 1688 filiorum
1510 1655 1644 1688 Israhel
1666 1656 1734 1690 fuit
1755 1667 1820 1700 per
1843 1656 2019 1691 desertum
2033 1657 2055 1691 ⁵.

42 1704 63 1718 ‘'
186 1710 201 1727 “
214 1709 362 1743 Orosius
378 1721 405 1751 „2

67 1806 70 1809 ‚
273 1763 393 1797 “Ante
416 1773 527 1796 annos
549 1762 656 1796 Urbis
680 1761 823 1795 condite
847 1761 1020 1795 DCCCX.
1065 1759 1282 1795 Ansectione
1306 1761 1478 1795 Athenius
1501 1764 1624 1796 tertius
1648 1775 1669 1797 a
1692 1764 1856 1808 Cerope⁶
1878 1765 2051 1809 regnauit,
2087 1778 2140 1797 ante
2155 1781 2177 1796 u.
2193 1781 2214 1797 c.
2229 1776 2269 1796 810
2310 1772 2342 1793 f

51 1811 77 1864 ’ξι
182 1819 197 1835 “
211 1817 310 1861 cujus
325 1816 542 1860 temporibus
557 1826 725 1860 aquarum
740 1815 879 1848 illuuies
893 1815 1062 1860 majorem
1074 1820 1210 1857 partem
1223 1815 1433 1858 populorum
1449 1817 1632 1850 Thessalie
1649 1818 1844 1861 assumpsit,
1857 1819 1980 1862 paucis
1992 1830 2057 1863 per
2091 1809 2096 1813 ς

183 1872 199 1889 “
211 1871 352 1915 refugia
366 1871 533 1904 monitum
551 1869 732 1910 libertatis,
748 1869 897 1901 maxime
918 1869 956 1901 in
971 1874 1090 1901 monte
1112 1868 1285 1902 Parnaso:
1302 1870 1338 1902 in
1356 1871 1453 1902 cuius
1470 1871 1619 1904 circuitu
1633 1871 1830 1906 Deucalion
1845 1878 1929 1906 tunc
1945 1884 2056 1917 regno

16 1925 19 1955 j
113 1925 157 1958 30
185 1924 416 1968 “potiebatur
438 1924 497 1968 qui
520 1929 604 1957 tunc
626 1923 673 1957 ad
695 1933 733 1955 se
757 1922 889 1956 ratibus
913 1922 1197 1966 confugientibus
1227 1928 1410 1966 susceptos
1435 1934 1502 1967 per
1524 1925 1664 1968 gemina
1687 1925 1833 1959 Parnasi
1854 1927 1941 1972 juga
1964 1927 2055 1960 fouit

53 1976 55 1981 ’
180 1978 195 1995 ‘⁴
212 1977 376 2022 aluitque,
393 1989 416 2011 a
430 1988 499 2021 quo
515 1981 706 2021 propterea
721 1985 833 2020 genus
848 1975 1027 2008 hominum
1042 1981 1240 2018 reparatum
1264 1976 1392 2010 ferunt.
1426 1977 1529 2011 Tunc
1553 1978 1658 2011 etiam
1673 1978 1710 2010 in
1733 1979 1897 2023 Ethiopia
1911 1986 2030 2023 partes
2042 1980 2054 1998 ⁷

271 2147 326 2167 1-2.
339 2142 440 2174 postea
452 2142 526 2167 vaIt
545 2148 636 2167 annos
655 2142 686 2167 ln
700 2140 814 2174 Egypto
834 2145 901 2165 xxn
918 2139 942 2164 C
953 2153 986 2158 -
1001 2144 1026 2172 5.
1044 2139 1159 2165 anno-A
1173 2153 1207 2159 —-
1220 2146 1245 2173 9.
1258 2132 1456 2173 I-ICCCCLIIJ
1468 2141 1499 2165 in
1511 2141 1653 2166 inchiastro
1671 2149 1740 2167 rosso
1758 2142 1781 2167 C
1792 2157 1823 2161 —
1847 2149 1888 2169 10.
1907 2143 2057 2170 Habitatio

179 2185 302 2213 filiorum
313 2186 403 2213 Israel
422 2187 450 2211 B
461 2200 473 2206 -
486 2194 571 2220 quam
586 2186 610 2211 C
617 2201 650 2206 —-
667 2193 709 2212 11.
722 2193 834 2220 gressus
853 2198 888 2205 —
910 2192 950 2211 12.
963 2192 1104 2211 summam
1117 2186 1281 2219 chonografi
1295 2185 1354 2219 (sic)
1367 2192 1508 2212 annorum
1520 2193 1537 2211 a
1549 2187 1756 2220 septuagesimo
1774 2187 1798 2212 C
1813 2202 1846 2207 —
1868 2194 1910 2220 13.
1924 2189 2056 2215 Habrahe

178 2232 204 2257 A
223 2245 236 2251 -
253 2232 415 2259 edleionem
437 2232 461 2257 C
476 2246 511 2251 —
532 2237 574 2264 ις.
592 2232 723 2257 Habrahe
741 2231 767 2256 A
780 2231 804 2256 C
822 2244 854 2249 —
877 2235 918 2263 17.
938 2230 1052 2257 Chaath
1079 2230 1103 2255 C
1121 2243 1154 2248 —
1175 2237 1218 2256 21.
1237 2231 1269 2256 in
1288 2231 1396 2262 multis,
1416 2231 1465 2256 sed
1484 2232 1566 2265 quasi
1584 2239 1633 2257 om.
1653 2232 1678 2257 A
1697 2246 1732 2251 —
1751 2239 1794 2257 22.
1813 2233 1875 2258 Hoc
1895 2235 1986 2260 autem
2004 2242 2053 2260 om.

178 2275 204 2300 A
224 2289 258 2295 —
278 2281 320 2308 25.
338 2275 486 2302 habitante
509 2275 533 2300 C
548 2289 561 2296 -
579 2275 666 2301 Israel
684 2275 710 2300 A
731 2289 763 2294 —
784 2279 828 2307 27.
847 2273 996 2307 MCCCX]
1015 2274 1068 2299 cosi
1086 2275 1100 2299 ί
1115 2275 1209 2304 codici,
1229 2283 1274 2300 ma
1291 2275 1320 2300 la
1339 2276 1402 2300 data
1420 2276 1625 2301 em'dentemente
1642 2277 1656 2301 ὲ
1673 2277 1807 2310 sbagliata
1826 2291 1838 2298 -
1855 2279 1959 2304 tercius
1982 2279 2005 2304 C
2023 2293 2057 2298 —

135 2323 150 2352 5
180 2326 224 2353 29.
242 2320 397 2354 moultum]
408 2321 562 2355 *moncIum
584 2320 608 2345 C
623 2333 636 2339 -
654 2320 782 2346 Parnoso
801 2318 826 2344 A
841 2319 864 2344 C
881 2333 915 2338 -
933 2325 976 2354 30.
995 2319 1021 2344 A
1040 2319 1071 2343 di
1083 2320 1177 2352 prima
1195 2327 1289 2345 mano.-
1310 2321 1486 2355 patlebatum
1505 2321 1673 2355 pociebatur
1690 2322 1718 2346 B

66 2448 74 2454 ,,
270 2422 279 2441 ¹
298 2424 417 2451 Pauus
435 2425 572 2456 ansrus,
586 2428 626 2458 op.
639 2425 698 2454 ct‘t„
716 2425 738 2457 I,
759 2430 786 2457 7,
805 2423 821 2458 5
840 2430 855 2457 3
877 2423 916 2458 (p.
931 2424 986 2458 2ο).
1001 2424 1027 2448 R
1040 2431 1089 2458 pa·
1147 2424 1323 2457 trasmigratl
1336 2425 1366 2450 in
1380 2425 1478 2459 Egitto
1491 2425 1519 2450 al
1527 2405 1628 2459 'tempo
1639 2425 1711 2451 della
1720 2427 1875 2452 vocazIone
1889 2427 1918 2453 di
1931 2428 2056 2454 Abramo

4 2472 6 2474 '
62 2477 75 2501 ἡ,
180 2465 290 2494 raffau
308 2467 330 2493 n
347 2468 423 2493 testo
442 2469 579 2493 orosIano
598 2468 651 2493 che
677 2468 755 2493 dlce:
778 2468 879 2493 “Ante
900 2474 992 2493 annos
1010 2467 1091 2492 urbis
1147 2466 1240 2498 (Germ,
1258 2466 1332 2499 ΧΗ),
1360 2474 1439 2500 1921,
1463 2467 1588 2493 secondo
1614 2469 1634 2493 il
1658 2471 1795 2502 computo
1819 2471 2004 2503 cronologico
2028 2472 2058 2496 di

66 2519 69 2522 >
182 2509 339 2535 “conditae
365 2516 427 2536 uxr.
452 2510 483 2535 in
509 2510 619 2535 Achaia
643 2518 759 2536 saevum
779 2510 922 2535 diluvium
947 2510 1093 2534 vastatione
1147 2509 1264 2535 Usssrlo
1284 2509 1410 2543 (Annali)
1430 2511 1552 2535 Bossuet
1569 2511 1676 2542 Rollin,
1695 2518 1711 2536 e
1730 2519 1766 2536 ne
1783 2511 1896 2537 fossero
1910 2513 1997 2538 usciti
2011 2514 2057 2538 nel

183 2550 326 2584 ‘plurima
351 2553 434 2577 totius
453 2555 536 2584 ,poene
555 2553 712 2584 provinciae
731 2551 797 2583 fuit
807 2570 832 2586 η.
881 2551 984 2582 Qnesti
1009 2552 1093 2577 tratti
1150 2558 1217 2585 1491
1238 2552 1314 2585 (Exu
1327 2552 1400 2585 XII).
1436 2552 1510 2578 Pero
1524 2560 1604 2578 come
1617 2554 1643 2578 sl
1655 2555 1752 2580 ricava
1771 2554 1818 2580 dal
1835 2555 1913 2584 Gen„
1927 2556 2057 2586 XXVIII,

61 2593 63 2595 ’
90 2609 93 2611 Δ
123 2597 156 2617 10
182 2593 323 2629 d'ROroslo
343 2602 402 2620 non
421 2595 447 2620 si
466 2595 590 2620 trovano
609 2595 640 2619 ln
660 2594 746 2619 Beda.
1147 2593 1187 2626 gli
1205 2594 1292 2619 Ebrel
1310 2593 1335 2620 si
1354 2596 1512 2626 portal-ono
1530 2595 1560 2619 in
1574 2595 1673 2627 Egitto
1693 2595 1721 2620 al
1734 2596 1830 2630 tempo
1850 2595 1925 2621 della
1943 2596 2015 2630 fuga
2028 2597 2059 2622 di
2087 2601 2119 2629 25

62 2645 66 2654 ¹
269 2635 281 2653 ²
299 2637 420 2664 Pactus
438 2637 577 2668 ansms,
596 2639 638 2669 op.
656 2636 715 2666 cit„
734 2636 756 2668 1,
776 2637 802 2668 8,
822 2636 837 2670 g
859 2644 870 2662 x
895 2635 935 2670 (p.
954 2635 1009 2669 2ο).
1035 2637 1093 2662 Vs-
1147 2635 1303 2661 Glacobbe.
1340 2636 1416 2662 Beda
1440 2638 1537 2662 invece
1560 2636 1590 2661 dl
1608 2637 1785 2662 intrauerunt
1802 2638 1841 2663 ha
1859 2638 2058 2664 habitauerunt.

182 2679 272 2705 rituti
296 2680 343 2705 nel
367 2681 442 2705 testo
468 2678 667 2715 oroslanoe...
686 2677 793 2709 “futla-se
815 2679 934 2711 apud...
945 2697 951 2703 .
969 2679 1093 2711 prImum
1236 2675 1247 2694 ⁴
1265 2678 1393 2710 Faunus,
1411 2678 1538 2711 Epistula
1556 2679 1594 2703 ad
1607 2679 1710 2708 Galat„
1723 2679 1772 2711 111,
1792 2678 1859 2705 6-10
1879 2680 1966 2707 dicul
1980 2681 2057 2707 Beda

183 2720 340 2746 “insolitam
349 2721 603 2753 fastidiendamque
627 2721 773 2745 ubertatem
791 2721 886 2745 deinde
904 2721 995 2754 iugem
1013 2723 1094 2752 atque
1148 2719 1302 2754 rlproduee
1319 2720 1416 2746 alcuni
1434 2721 1527 2747 bruni.

124 2793 129 2800 ,
184 2762 198 2777 ⁸
207 2764 400 2789 intolerabilem
409 2763 529 2795 famem.
592 2764 748 2795 prenisione
766 2764 921 2788 subuenerit
932 2780 956 2794 „.
1238 2760 1250 2778 ⁵
1268 2762 1334 2792 Ex..
1353 2763 1402 2794 VI,
1424 2770 1465 2789 ιο.

125 2809 155 2837 15
269 2804 282 2822 ³
301 2806 408 2832 L’Ant.
421 2807 509 2837 Test„
522 2805 648 2831 secondo
666 2805 688 2831 11
706 2807 781 2831 testo
801 2805 847 2831 dei
866 2805 1001 2834 Settanta,
1014 2812 1093 2831 come
1237 2802 1249 2820 θ
1267 2805 1414 2831 Nell’edlz.
1440 2808 1637 2832 muratoriana
1659 2807 1851 2840 giustamente
1878 2809 1904 2834 sl
1934 2809 2059 2835 annoto²
2089 2817 2124 2843 30

14 2866 23 2884 ‘1
65 2871 74 2884 c
182 2848 207 2874 ni
229 2849 303 2874 disse
328 2849 366 2874 fin
392 2849 517 2874 dall’alto
543 2847 707 2879 Medioevo,
733 2847 873 2873 differ-isco
898 2845 996 2873 com’e
1021 2849 1093 2873 noto
1149 2846 1285 2879 Coi-rige:
1309 2847 1547 2882 “Amphicthyon
1568 2849 1691 2874 Athenis
1714 2851 1816 2875 tertius
1839 2851 1987 2884 Cecrope„
2014 2860 2059 2877 ma

60 2886 86 2937 ἶ
183 2890 256 2916 dalla
280 2891 388 2916 Vecclzia
400 2891 482 2920 Bala,
495 2890 526 2915 di
546 2891 593 2915 cui
611 2897 663 2915 san
677 2890 830 2916 Glrolamo
844 2889 920 2923 (382)
934 2888 966 2922 (Ρ)
980 2891 1006 2915 sl
1018 2888 1094 2916 serv)
1148 2889 1173 2914 sl
1193 2888 1353 2914 dimentlco
1368 2889 1399 2914 dl
1411 2897 1578 2923 correggere
1595 2882 1692 2916 l’anno
1705 2893 1755 2917 che
1775 2893 1801 2917 si
1819 2894 1904 2919 trova
1918 2895 1964 2919 nei.
1977 2895 2059 2920 codd.

182 2939 233 2964 per
251 2932 281 2958 la
299 2939 350 2958 sua
374 2932 542 2958 traduzione
561 2931 615 2956 che
641 2931 688 2957 dal
706 2932 803 2965 tempo
822 2931 852 2956 dl
871 2938 922 2956 san
950 2931 1093 2964 Gregorio
1150 2931 1295 2957 MCCCX.
1315 2931 1360 2957 Cf.
1380 2932 1497 2958 PAums
1517 2933 1656 2965 Onosms,
1678 2937 1718 2966 op.
1731 2936 1788 2964 cit„
1802 2935 1823 2967 Ι,
1843 2942 1869 2968 9,
1888 2944 1937 2970 per
1957 2938 2060 2968 intero,

73 2993 93 3007 ψ
184 2973 290 3007 Magno
309 2974 341 2999 In
361 2974 410 3008 poi
429 2975 454 3000 sl
467 2973 580 2999 diiamo
595 2974 608 2988 ⁸
619 2973 781 3007 Volgatam
818 2973 851 2998 In
870 2973 962 3006 quello
980 2973 1026 2998 del
1039 2973 1099 2997 Set·
1152 2973 1246 2998 dende
1265 2973 1287 2997 il
1307 2974 1398 2998 brano
1417 2971 1432 2999 ὲ
1451 2974 1603 3008 riportato.

16 3031 25 3054 »⁴
68 3006 93 3050 ’ἶὲἰζ
125 3019 160 3040 2ο
201 3018 266 3041 anta
285 3016 312 3042 sl
330 3016 445 3048 ritlene,
463 3023 544 3042 come
564 3015 693 3042 riferlsce
707 3022 734 3047 n,
753 3015 804 3040 che
822 3015 865 3048 gli
884 3016 967 3041 Ebrei
986 3015 1099 3041 fossero
1241 3014 1253 3031 ⁷
1272 3017 1389 3049 Pactus
1409 3017 1548 3049 Onosms,
1566 3018 1621 3044 loc.
1639 3019 1698 3051 cit„
1717 3019 1769 3045 ha:
1784 3023 1879 3053 pestes.
2089 3030 2122 3059 35
