2398 3470
214 191 289 217 Mun„
305 198 338 215 cc,
355 198 439 217 ²4⁰·241
454 183 528 218 294

294 477 351 499 sept.

261 589 279 602 c.
298 584 341 603 oct.
359 587 383 605 15

278 690 321 710 oct.
338 694 363 712 30

279 741 327 761 dec.
346 746 369 765 14

272 801 291 815 c.
307 795 366 819 279⁶

293 1062 343 1085 1178

273 1117 338 1136 mart.
355 1120 367 1139 5

273 1221 328 1243 febr.
344 1227 368 1241 π

267 1385 331 1403 mart.
350 1383 373 1402 16

268 1545 333 1563 mart.
350 1549 373 1562 12

271 1656 292 1670 c.
308 1650 368 1670 aloa

395 2217 426 2234 10

396 2428 425 2454 ι5

393 2637 428 2655 20

395 2849 426 2874 25

1218 180 1530 216 CHRONICON
1938 187 2023 223 [ΛΑ.
2043 187 2077 216 c.
2098 187 2294 224 ινιτ-ηπ]

451 311 574 337 tanus
599 304 976 346 archiepiscopus.
1001 304 1073 346 qui
1097 303 1214 336 uidit
1244 309 1286 335 et
1316 303 1536 342 interfuit,
1567 302 1760 346 scripsit
1789 304 1885 343 hec;
1920 311 1961 338 et
1994 305 2162 344 sciatis,
2194 305 2294 349 quia

450 369 596 390 uerum
621 363 684 389 est
708 356 1006 390 testimonium
1033 357 1140 388 eius.

537 410 673 442 Interea
697 410 777 442 dum
801 410 990 451 imperator
1013 419 1076 450 per
1099 414 1209 442 totum
1233 419 1384 441 mensem
1409 408 1557 452 Augusti
1581 414 1615 441 et
1639 409 1787 452 aliquam
1811 416 1943 452 partem
1966 410 2182 454 Septembris
2206 418 2296 445 esset

454 463 611 496 Uenetiis
635 463 842 499 demoratus,
867 467 1012 504 accepta
1036 473 1056 494 a
1079 472 1170 504 papa
1192 462 1346 500 licentia,
1369 462 1472 494 tertio
1497 462 1633 494 decimo
1657 461 1713 494 die
1727 461 1736 479 ¹
1768 462 1924 496 eiusdem
1947 465 2072 497 mensis
2094 475 2115 497 a
2139 465 2295 498 Uenetiis

451 517 620 549 recedens
642 517 848 548 Rauennam
873 515 979 553 uenit,
1002 526 1066 557 per
1088 516 1214 548 uallem
1237 514 1455 558 Spolitanam
1478 515 1513 547 in
1537 515 1700 548 Tusciam
1717 516 1955 549 descensurus.
2000 517 2167 550 Dominus
2182 524 2296 550 autem

451 581 542 613 papa
565 568 732 608 omnibus,
757 579 823 611 que
848 569 884 600 in
907 568 1063 610 partibus
1087 568 1155 600 illis
1177 568 1342 602 facienda
1373 575 1482 606 erant,
1514 569 1578 601 rite
1610 568 1793 611 dispositis,
1824 569 1863 602 in
1891 579 2009 602 mense
2040 570 2186 603 Octubri
2216 581 2296 603 cum

450 623 652 666 quibusdam
679 623 722 655 de
748 622 984 654 cardinalibus
1007 633 1027 653 a
1055 621 1211 655 Uenetiis
1241 632 1394 660 mouens,
1426 632 1503 654 cum
1534 628 1682 665 quatuor
1711 623 1821 666 galeis
1851 618 2024 655 Uene'tum
2054 625 2208 657 secundo
2239 623 2297 657 die

448 682 558 708 stante
583 676 738 708 eiusdem
760 674 909 708 mensis²
934 675 1116 717 Sipontum
1141 675 1321 717 applicuit,
1344 680 1379 707 et
1402 675 1484 707 inde
1507 686 1572 717 per
1595 676 1737 708 Troiam
1767 681 1802 708 et
1832 674 2070 709 Beneuentum
2100 676 2297 721 Anagniam

453 729 597 762 festinus
620 729 777 766 aduenit3
803 729 942 772 quidam
975 738 1058 761 uero
1091 729 1135 761 de
1166 728 1401 761 cardinalibus
1433 739 1509 761 eum
1539 738 1603 771 per
1634 735 1760 761 terram
1790 735 1868 761 sunt
1897 730 2082 772 prosecuti.
2128 730 2298 775 Magister

447 790 560 816 autem
585 783 773 826 Rajnerius
797 782 983 815 cardinalis
1007 787 1042 814 et
1066 782 1200 814 Grecus
1222 781 1465 814 subdiaconus'
1490 791 1568 814 cum
1591 781 1789 815 Christiano
1812 782 2023 815 cancellario
2039 782 2074 814 in
2089 783 2296 817 Romaniam

450 837 705 870 descenderunt
728 847 791 878 pro
816 835 1068 868 restauratione
1092 835 1272 879 regalium,
1297 846 1363 878 que
1387 835 1576 878 imperator
1597 836 1781 876 inuaserat,
1804 836 2016 878 recipienda.
2062 836 2151 868 Dum
2183 842 2298 870 autem

448 901 540 932 papa
563 901 583 921 a
610 889 758 931 Siponto
781 889 977 932 Anagniam
1000 889 1149 927 ueniret,
1173 889 1323 921 ecclesie
1339 889 1494 931 peccatis
1511 888 1739 932 exigentibus,
1757 889 1861 932 Hugo
1878 890 1923 921 de
1940 888 2097 922 Bononia
2113 890 2299 924 cardinalis

450 942 642 976 Beneuenti
667 948 718 975 est
742 949 905 980 mortuus,
928 942 1149 984 W[illelmus]
1174 942 1218 975 de
1234 941 1346 984 Papia
1361 941 1564 975 Portuensis
1579 942 1761 984 episcopus
1776 942 1869 985 apud
1885 941 2053 975 Auersam
2071 942 2156 976 obiit
2168 942 2192 982 ¹,
2208 943 2299 977 Mal-

449 996 559 1029 fridus
583 996 803 1029 Penestrinus
827 996 1012 1038 episcopus
1034 994 1129 1037 apud
1151 995 1348 1038 Anagniam
1371 994 1464 1028 diem
1487 995 1612 1028 clausit
1638 1001 1840 1028 extremum.

537 1049 641 1081 Anno
665 1049 838 1082 dominice
861 1048 1112 1081 incarnationis
1136 1047 1200 1080 M.⁰
1226 1048 1281 1081 C.⁰
1305 1049 1561 1091 septuagesimo
1584 1054 1720 1086 octavo,
1752 1049 1873 1091 quinta
1904 1048 1960 1081 die
1992 1049 2143 1082 intrante
2173 1050 2299 1083 mensis

449 1103 578 1141 Martii,
600 1104 682 1135 luna
705 1113 806 1145 passa
830 1108 881 1135 est
905 1102 1028 1135 eclisin
1050 1101 1086 1133 in
1109 1102 1208 1146 signo
1231 1102 1377 1145 uirginis
1401 1108 1435 1134 et
1457 1102 1590 1144 incepit
1613 1114 1633 1134 a
1657 1103 1724 1134 fine
1748 1102 1858 1145 prime
1874 1103 1971 1140 hore,
1988 1109 2024 1135 et
2039 1102 2176 1136 durauit
2189 1113 2299 1147 usque

449 1156 494 1189 ad
517 1157 726 1199 principium
751 1162 882 1199 quarte,
907 1162 943 1188 et
966 1155 1150 1188 obscurata
1175 1162 1227 1188 est
1249 1161 1322 1188 tota
1345 1155 1458 1188 minus
1481 1161 1604 1198 quarta
1618 1156 1641 1188 ⁴.

541 1210 668 1243 Comes
690 1217 805 1242 autem
829 1209 1029 1252 Roggerius
1052 1210 1097 1242 de
1120 1208 1255 1242 Andria
1277 1210 1373 1241 iuxta
1395 1210 1594 1241 mandatum
1626 1209 1757 1252 regium
1787 1219 1895 1252 usque
1918 1209 1955 1240 in
1978 1210 2094 1242 carnis
2115 1209 2299 1243 leuamen‘
2389 1233 2398 1249 η,

453 1264 660 1296 Panormum
683 1263 901 1305 imperatoris
926 1263 1064 1295 nuntios
1088 1263 1297 1305 expectauit.
1345 1261 1482 1299 Quibus
1508 1272 1638 1294 moram
1669 1263 1889 1301 facientibus,
1921 1269 2067 1305 accepta
2097 1274 2119 1296 a
2148 1273 2232 1307 rege
2260 1263 2301 1296 li-

449 1318 576 1356 centia,
598 1318 634 1349 in
659 1316 821 1360 Apuliam
845 1316 959 1348 rediit.
1007 1316 1248 1349 Salernitanus
1271 1316 1564 1359 archiepiscopus,
1587 1317 1805 1359 precipiente
1828 1327 1924 1360 rege,
1946 1327 2053 1360 usque
2080 1317 2117 1349 in
2147 1317 2298 1351 mediam
2321 1318 2364 1351 20
2388 1352 2390 1358 ,

449 1371 750 1415 quadragesimam
773 1369 936 1402 Panormi
960 1375 1011 1402 est
1043 1370 1253 1402 demoratus.
1299 1369 1455 1412 Cumque
1488 1369 1704 1412 imperatoris
1734 1370 1847 1402 nuntii
1878 1369 1946 1403 iter
1975 1380 2072 1402 suum
2104 1370 2300 1409 differrent,

448 1424 551 1457 simili
573 1424 677 1456 modo
700 1424 884 1466 impetrata
906 1423 1048 1455 licentia
1070 1423 1117 1455 ad
1139 1423 1322 1456 ecclesiam
1346 1433 1442 1455 suam
1466 1422 1617 1455 feliciter
1641 1428 1693 1455 est
1715 1433 1884 1455 reuersus.
1929 1423 2026 1466 Papa
2047 1433 2133 1456 uero
2147 1422 2301 1457 Alexan-

450 1479 513 1511 der
536 1477 721 1520 aliquantis
745 1477 868 1510 diebus
899 1477 992 1519 apud
1022 1475 1218 1520 Anagniam
1250 1475 1457 1514 demoratus,
1487 1476 1714 1509 inuitantibus
1743 1487 1820 1508 eum
1851 1476 2029 1515 Romanis,
2060 1487 2139 1509 cum
2169 1487 2301 1510 summo

449 1533 581 1564 honore
605 1537 640 1563 et
663 1530 774 1574 gloria
795 1531 831 1562 in
856 1531 945 1563 festo
968 1530 1063 1563 beati
1089 1530 1251 1574 Gregorii
1274 1529 1406 1562 Urbem
1431 1530 1584 1562 feliciter
1607 1536 1658 1562 est
1682 1530 1867 1573 ingressus,
1890 1531 1926 1562 in
1949 1540 2018 1573 qua
2046 1532 2142 1564 iuxta
2170 1541 2302 1564 morem
2391 1568 2393 1570 ,

449 1586 688 1618 Romanorum
714 1585 915 1627 pontificum
939 1585 975 1616 in
1000 1583 1146 1616 diuersis
1169 1583 1339 1621 ecclesiis,
1362 1583 1552 1615 secundum
1576 1583 1687 1615 stadia
1711 1583 1754 1615 ab
1786 1584 1926 1627 antiquo
1958 1583 2135 1626 disposita,
2161 1595 2302 1627 proces·
2324 1585 2365 1618 25
2385 1589 2394 1614 J

451 1637 636 1671 sionaliter'
660 1643 695 1670 et
718 1647 885 1680 pompose
909 1637 1119 1680 procedens,
1143 1637 1322 1669 missarum
1347 1636 1458 1669 officia
1481 1637 1703 1679 solempniter
1726 1636 1916 1670 celebrauit
1928 1640 1950 1669 ⁶.
1996 1637 2188 1680 Imperator
2217 1647 2302 1671 uero

2324 785 2391 817 10³

2325 1050 2398 1099 ιε,

539 1776 563 1794 2.
582 1769 637 1793 Ναὶ
655 1770 776 1801 marg-ine
794 1771 895 1793 esterno
913 1769 986 1793 altra
1005 1777 1081 1794 mano
1100 1768 1146 1792 del
1163 1776 1210 1793 sec.
1227 1768 1259 1792 X
1263 1768 1320 1794 VII
1335 1769 1364 1793 in
1383 1769 1406 1793 A
1423 1769 1529 1792 scrisse:
1548 1768 1690 1792 Dominus
1709 1767 1888 1792 Romoaldus
1907 1775 1989 1793 verus
2009 1770 2132 1801 scriptor
2150 1781 2184 1787 —
2203 1777 2228 1801 4.
2248 1767 2302 1794 Ve—

453 1813 542 1837 neciis
561 1813 584 1837 A
600 1825 608 1830 -
628 1812 762 1836 Veneciis
780 1812 804 1835 Α
826 1825 858 1828 -
880 1819 902 1844 5.
922 1811 1100 1845 Spoletinam
1120 1811 1171 1835 Be
1184 1811 1260 1835 Sasso
1273 1824 1283 1829 -
1297 1811 1427 1835 Domnus
1450 1810 1496 1835 Ge
1509 1811 1600 1836 Arndt
1613 1824 1646 1828 —
1660 1816 1684 1843 7.
1697 1811 1830 1835 Veneciis
1849 1811 1873 1834 A
1894 1824 1903 1829 —
1922 1813 2059 1843 quattuor
2076 1812 2101 1836 A
2121 1824 2154 1830 —
2175 1817 2216 1837 xo.
2234 1811 2303 1836 Rai-

452 1855 547 1879 nerius
566 1855 601 1885 B,
624 1855 654 1884 C,
673 1853 749 1878 Sasso
767 1861 781 1877 e
799 1854 888 1878 Arndt
908 1867 941 1871 —
963 1860 1004 1885 15.
1023 1854 1111 1878 Anno
1131 1853 1332 1878 MCLxxvm
1351 1853 1377 1877 B
1389 1861 1402 1876 e
1417 1853 1492 1878 Sasso
1512 1866 1545 1871 —
1563 1852 1601 1877 18.
1615 1852 1756 1885 Rogerius
1781 1854 1811 1884 Β,
1833 1854 1861 1883 C,
1881 1853 1959 1878 Sarra
1977 1861 1990 1877 e
2007 1854 2099 1878 Arndt
2118 1867 2150 1872 —
2172 1861 2212 1887 ¹9·
2232 1861 2303 1879 nun-

451 1897 513 1922 cios
530 1896 564 1926 B,
586 1897 616 1926 C,
635 1896 711 1920 Sasso
729 1904 742 1920 e
761 1896 849 1920 Arndt
868 1910 900 1914 —
921 1903 962 1920 21.
983 1894 1132 1927 Quumque
1151 1896 1177 1919 B
1195 1904 1208 1920 e
1227 1896 1304 1921 Sasso
1323 1909 1334 1914 -
1354 1895 1451 1920 nuncii
1476 1895 1507 1926 Β,
1529 1896 1558 1924 C,
1577 1895 1655 1920 Sasso
1672 1903 1686 1919 e
1703 1896 1794 1920 Arndt
1818 1909 1850 1912 —
1876 1894 1919 1920 26.
1938 1895 2106 1921 solemniter
2123 1895 2158 1926 B,
2178 1896 2208 1927 C,
2226 1895 2304 1921 Sauo

455 1947 467 1963 e
486 1939 577 1963 Arndt

543 2040 550 2056 ¹
573 2041 605 2065 R.
627 2048 684 2065 non
704 2041 835 2065 riferisce
854 2041 883 2065 la
902 2042 967 2065 data
987 2042 1096 2073 precisa
1118 2041 1194 2066 della
1219 2043 1351 2074 partenza

454 2085 482 2108 di
504 2083 641 2108 Federico
661 2083 833 2107 Barbarossa
855 2084 889 2107 da
914 2084 1046 2108 Venezia.
1083 2084 1160 2108 Boso
1187 2083 1263 2108 nella
1294 2083 1354 2107 Vita

1410 2039 1423 2053 “
1435 2048 1510 2065 mare
1529 2041 1674 2073 premissa,
1694 2040 1789 2065 denuo
1815 2040 1909 2072 pelagi
1930 2041 2092 2066 vastitatem
2113 2041 2239 2066 Domino
2257 2048 2307 2066 nu·
2391 2071 2393 2074 Α

1409 2084 1422 2098 “
1434 2085 1511 2108 ctore
1531 2085 1670 2112 intravit;
1691 2085 1719 2108 et
1737 2084 1834 2108 eadem
1853 2091 1908 2115 qua
1929 2086 2044 2108 venerat
2063 2085 2110 2108 via
2136 2084 2308 2116 regrediens,
2333 2077 2384 2114 3σῖ

453 2125 645 2150 d'Alessandro
664 2125 715 2154 III,
733 2125 812 2150 Liber
829 2125 938 2156 Pontif,
957 2126 992 2155 11,
1013 2133 1061 2158 441
1089 2135 1102 2150 e
1128 2134 1178 2158 sg.‚
1203 2127 1311 2159 riporta
1331 2126 1353 2150 il

454 2168 583 2200 diploma
604 2166 735 2192 “Datum
754 2168 829 2200 apud
851 2167 991 2198 venetias,
1019 2170 1048 2192 in
1075 2169 1185 2200 palatio
1205 2169 1294 2198 ducis,
1314 2175 1354 2192 xv

456 2209 537 2233 “kah
558 2209 695 2237 octubris,
717 2208 876 2233 indictione
894 2216 949 2240 xm
970 2209 1013 2233 col
1033 2210 1116 2241 quale
1142 2211 1167 2234 le
1187 2210 1354 2234 condizioni

454 2251 481 2275 di
502 2259 570 2284 pace
598 2252 639 2275 fra
666 2251 803 2275 Federico
828 2250 841 2274 Ι
860 2259 874 2274 e
894 2259 967 2283 papa
987 2252 1164 2276 Alessandro
1188 2252 1229 2277 111
1250 2253 1354 2277 surono

454 2295 610 2325 approvate
629 2293 709 2318 dallo
729 2295 819 2317 stesso
840 2294 1020 2326 imperatore.
1051 2294 1143 2318 “Inde
1156 2297 1199 2319 est
1217 2296 1293 2326 quod
1307 2302 1355 2327 pa-

456 2335 469 2348 “
481 2343 539 2360 cem
557 2335 683 2359 Ecclesie
701 2337 728 2359 et
749 2336 872 2367 imperii,
885 2336 1039 2359 secundum
1053 2336 1127 2367 quod
1142 2344 1156 2360 a
1175 2336 1356 2369 principibus

456 2378 590 2402 “nostris
609 2380 637 2402 et
657 2385 672 2401 a
697 2377 893 2402 cardinalibus
919 2377 1047 2402 Romane
1072 2378 1189 2402 ecclesie
1215 2379 1356 2411 disposita

457 2421 522 2444 “est
547 2422 575 2444 et
600 2421 734 2444 ordinata
759 2422 787 2444 et
814 2421 843 2444 in
870 2421 979 2452 scripto
1004 2421 1167 2453 principum
1194 2423 1355 2445 nostrorum

457 2463 588 2494 “sigillis
607 2470 705 2487 eorum
726 2464 838 2494 signata
864 2463 1035 2491 continetur,
1061 2464 1136 2486 sicut
1161 2471 1209 2496 per
1229 2465 1357 2496 interpo-

457 2505 469 2518 ‘⁴
481 2505 565 2530 sitam
579 2512 729 2537 personam
743 2505 894 2529 secundum
912 2505 1031 2529 sormam
1046 2512 1098 2536 que
1113 2506 1142 2528 in
1162 2507 1270 2538 scripto
1290 2513 1356 2530 con-

456 2547 469 2559 “
481 2548 589 2571 tinetur
610 2547 699 2571 iurari
715 2547 842 2576 fecimus,
856 2547 898 2571 sic
912 2548 1038 2578 presenti
1052 2548 1160 2579 scripto
1175 2555 1226 2571 nos
1240 2547 1357 2572 firmiter

458 2589 633 2613 “observare
652 2589 858 2620 promittimus,
878 2588 1084 2617 confirmamus,
1104 2590 1132 2612 et
1145 2590 1237 2613 ratum
1259 2591 1287 2613 in
1307 2597 1356 2622 po-

458 2630 587 2655 “sterum
607 2638 770 2664 permanere
796 2631 938 2660 volumus,
963 2632 991 2655 et
1015 2631 1057 2654 sic
1085 2630 1218 2664 deinceps
1239 2631 1358 2656 firmiter

458 2673 694 2697 “observabimus
720 2674 748 2697 et
776 2673 912 2697 faciemus
939 2674 1074 2704 quantum
1103 2673 1131 2695 in
1160 2673 1243 2696 nobis
1263 2673 1359 2703 suerit,

459 2714 472 2728 “
484 2715 546 2739 Deo
566 2714 704 2747 propitio,
725 2715 871 2739 observari
884 2732 908 2746 η.

547 2755 658 2785 Questo
684 2757 814 2789 diploma
840 2757 994 2790 riproduce
1019 2757 1078 2781 alla
1102 2756 1204 2789 parola
1231 2757 1251 2781 il
1278 2759 1359 2789 patto

456 2800 613 2832 fflAnagnt,
634 2799 713 2824 edito
735 2801 763 2823 in
782 2800 822 2824 M.
843 2800 877 2825 G.
895 2800 940 2828 H„
962 2799 1032 2832 leg„
1051 2799 1085 2827 11,
1109 2805 1165 2831 147.

505 2865 512 2871 ,
544 2840 555 2857 2
574 2842 660 2873 Boso,
681 2842 764 2866 Liber
781 2841 895 2872 Pontzf„
914 2841 948 2871 11,
973 2848 1042 2873 443:
1071 2840 1164 2865 “Post
1189 2841 1269 2865 cuius
1295 2841 1358 2874 (im-

458 2882 641 2916 “peratoris)
666 2884 830 2912 discessum,
856 2885 930 2908 circa
956 2883 1079 2907 medium
1099 2882 1204 2906 mensis
1224 2883 1360 2912 octubris,

460 2925 629 2957 “pontifex,
650 2926 786 2956 quattuor
807 2926 966 2958 impetratis
991 2932 1007 2948 a
1033 2925 1102 2949 duce
1128 2924 1246 2948 Venetie
1270 2924 1360 2956 galeis

459 2966 473 2979 “
484 2969 511 2991 et
525 2968 632 2992 maiore
652 2967 773 2991 fratrum
793 2975 908 2992 suorum
929 2969 1008 3000 parte
1022 2974 1070 3000 per
1084 2967 1264 2999 Pentapolim
1279 2974 1358 2991 secus

1409 2125 1422 2138 “
1434 2127 1508 2158 apud
1522 2126 1681 2158 Sypontum
1696 2132 1745 2150 1111
1759 2125 1814 2150 kal.
1830 2126 2002 2155 novembris,
2016 2125 2235 2158 suffragantibus
2246 2125 2309 2151 bea-

1409 2168 1527 2193 “torum
1554 2168 1751 2200 apostolorum
1777 2168 1852 2192 Petri
1874 2169 1901 2192 et
1921 2167 2003 2192 Pauli
2022 2168 2141 2198 meritis,
2161 2175 2224 2192 cum
2242 2175 2307 2200 pro-

1409 2210 1422 2222 “
1434 2211 1569 2242 speritate
1583 2211 1722 2241 pervenit.
1759 2210 1869 2234 Deinde
1883 2217 1931 2242 per
1944 2210 2059 2234 Troiam
2074 2211 2102 2235 et
2115 2209 2307 2235 Beneventum

1410 2251 1466 2276 “ac
1485 2251 1619 2276 Sanctum
1639 2250 1812 2276 Germanum
1832 2259 1895 2276 cum
1915 2252 2008 2284 gloria
2027 2253 2057 2276 et
2074 2252 2185 2276 honore
2203 2252 2307 2276 transi-

1410 2293 1423 2306 “
1435 2296 1495 2318 tum
1507 2293 1623 2324 facienS.
1644 2294 1677 2318 ad
1697 2294 1845 2318 civitatem
1865 2294 2028 2326 Anagniam
2047 2294 2103 2318 sibi
2121 2293 2242 2318 multum
2261 2293 2308 2318 de-

1412 2337 1425 2350 ¹¹
1436 2338 1533 2361 votam
1553 2342 1644 2361 xvnn
1658 2336 1715 2362 kal.
1730 2337 1786 2361 ian.
1801 2344 1894 2366 sanus,
1907 2337 1968 2361 Deo
1981 2336 2099 2369 gratias,
2111 2337 2140 2361 et
2152 2335 2308 2362 incolumi·

1412 2379 1425 2393 “
1437 2381 1573 2404 remeavit
1584 2397 1608 2410 η.

1499 2420 1509 2436 ³
1529 2421 1581 2445 Nel
1602 2421 1777 2453 Necrologio
1798 2421 1948 2446 Cassinese
1968 2421 1995 2445 la
2016 2419 2133 2446 morte&
2146 2422 2267 2454 segnata
2280 2421 2307 2446 al

1414 2463 1445 2488 18
1464 2470 1529 2496 gen.
1550 2464 1627 2496 1178.

1498 2503 1509 2519 ⁴
1528 2506 1568 2530 Dx
1588 2506 1666 2535 Mno,
1685 2506 1798 2534 Annali,
1819 2506 1876 2535 cit..
1897 2506 1930 2535 X,
1950 2514 1977 2538 p.
2002 2505 2063 2538 387,
2090 2505 2217 2531 all’anno
2238 2503 2308 2538 1178

1411 2549 1520 2572 scrive:
1542 2548 1555 2561 α
1568 2547 1670 2573 Presso
1690 2549 1710 2572 il
1731 2547 1856 2578 mero,
1876 2556 1902 2580 p.
1923 2553 1984 2581 777,
2002 2549 2051 2580 Op.
2066 2549 2171 2577 Chron„
2185 2547 2231 2572 dal
2244 2546 2307 2572 Μο-

1414 2591 1427 2603 “
1439 2596 1509 2614 naco
1530 2590 1684 2615 Coloniese
1703 2589 1717 2615 ὲ
1738 2592 1837 2615 notata
1851 2591 1908 2615 tale
1921 2590 2042 2614 Ecclisse
2055 2589 2113 2614 allo
2127 2591 2218 2614 stesso
2230 2588 2308 2622 glor·

1415 2633 1484 2662 “no,
1507 2634 1579 2662 Fer„
1598 2633 1620 2657 Ι.
1657 2633 1680 2657 11
1702 2638 1714 2664 5
1736 2634 1765 2657 di
1786 2640 1883 2657 marzo
1903 2632 1933 2657 su
1959 2633 2056 2665 glusto
2082 2632 2128 2656 nel
2158 2630 2225 2664 1178
2249 2631 2309 2656 Do·

1415 2675 1427 2688 ‘⁴
1440 2676 1549 2700 menica
1561 2694 1584 2706 „.
1623 2675 1665 2699 La
1686 2676 1797 2699 notizia
1816 2673 1831 2700 'e
1850 2676 1949 2699 esatta.

1500 2716 1512 2732 ⁶
1530 2717 1626 2742 Arndt
1645 2718 1858 2741 erroneamentc
1871 2723 1939 2750 pose
1952 2716 1973 2740 il
1987 2717 2092 2748 giorno
2112 2715 2186 2740 delle
2205 2713 2307 2740 Ceneri

1413 2760 1457 2784 del
1481 2759 1548 2791 1178
1567 2760 1595 2784 al
1617 2766 1630 2791 5
1653 2760 1791 2784 sebbi-aio.

1502 2799 1513 2816 ⁶
1531 2802 1617 2830 Boso,
1631 2801 1710 2825 Liber
1721 2799 1831 2831 Pontis„
1850 2800 1884 2830 11,
1904 2799 1970 2832 446:
1993 2799 2047 2824 “In
2069 2800 2201 2832 proximo
2215 2799 2309 2823 autem

1417 2842 1429 2855 *ἵ
1442 2843 1514 2867 sesto
1527 2844 1602 2868 beati
1619 2843 1751 2875 Gregorii
1767 2850 1846 2875 pape,
1861 2844 1928 2867 ante
1941 2842 2115 2867 dominicam
2128 2841 2221 2865 letare
2233 2840 2308 2866 Im-

1417 2884 1529 2913 “salem,
1549 2887 1614 2917 post
1635 2886 1759 2914 missam,
1778 2885 1871 2909 exivit
1890 2885 1924 2908 de
1943 2884 2107 2908 Tusculano
2127 2882 2310 2915 proficiscens

1418 2927 1431 2939 “
1442 2927 1476 2950 ad
1491 2927 1604 2957 Urbem,
1620 2935 1677 2952 non
1693 2928 1755 2951 sine
1767 2927 1861 2958 gloria
1875 2927 2026 2951 ethonore
2041 2926 2140 2950 multo.
2171 2925 2310 2949 Exierant

1418 2967 1519 2992 “enim
1540 2969 1653 2993 obviarn
1674 2969 1729 2993 sibi
1749 2970 1829 2993 extra
1848 2969 1941 2994 urbem
1964 2970 1994 2992 in
2014 2968 2132 3000 longum
2150 2967 2240 2992 clerus
2253 2965 2310 2991 Ro-

2335 2298 2368 2327 3⁵

2334 2511 2370 2539 4ο

2335 2695 2398 2748 4⁵³

2385 2780 2396 2803 ²}

2336 2806 2398 2959 s,l

2383 2955 2398 3115 l

2389 3092 2398 3205 3

2392 3250 2398 3307 ἐ

2392 3313 2398 3350 ἰ

2387 3386 2398 3470 i
