2398 3470
212 217 279 238 Μυι.
295 223 315 237 c.
329 218 363 237 181

211 327 344 348 Constantia
351 329 423 347 male-r

209 355 339 374 Boamundr'
348 355 372 374 I!

205 1078 255 1098 dec.
272 1082 288 1096 n

205 1132 246 1151 1118
261 1130 309 1150 dec.
329 1135 343 1150 11

204 1274 325 1295 ‘’mh‘'ffl·
340 1273 415 1297 upa-
438 1272 591 1306 Ianuarii
607 1270 788 1304 Paschalis
811 1281 902 1313 papa
926 1270 1039 1303 Rome
1064 1270 1252 1302 defunctus
1275 1276 1326 1302 est
1339 1268 1360 1302 ⁷.

202 1305 233 1327 pa
247 1303 259 1326 1·
273 1302 314 1321 1118
334 1301 378 1320 inu.
395 1305 415 1319 21

384 1806 417 1824 10

381 2232 417 2250 20

382 2445 413 2470 ²5

1220 205 1534 242 CHRONICON

452 280 467 288 α
467 279 1371 289 ιιιιιιιιιιιιιιιιιιιιιιιιιιιιιιιιιιιιιιιιιιιιιιιιιιιιιιιιιιιιιιιιιιιιιιιιιιιιιιιιιιιιιιιιιιιιιιιιιιι

1989 212 2039 247 [Α.
2060 214 2093 241 c.
2109 215 2301 247 nio-ms}

1374 279 2258 290 ----------------------------------------------------------------------------------------------
2259 281 2296 289 n·-

541 330 555 346 “
569 329 704 362 Eodem
728 338 819 361 anno
844 327 989 372 regina¹
1014 333 1049 360 et
1072 327 1280 360 Tancredus
1303 337 1382 359 cum
1406 327 1483 360 aliis
1506 327 1632 366 multis,
1656 328 1694 360 id
1720 334 1773 361 est
1803 328 1966 362 Goffrido
1996 329 2133 363 Britton
2167 336 2204 363 et
2226 330 2301 363 Un-

452 382 581 414 “fredo
605 380 770 419 Grauina,
794 380 949 412 dominio
976 385 1009 412 et
1034 379 1208 423 equitibus
1225 386 1262 412 ut
1277 379 1392 412 fertur
1415 391 1494 412 usus
1510 380 1556 413 ad
1572 380 1672 413 CXX
1695 380 1919 424 peditumque
1943 392 2013 415 non
2037 383 2163 426 exigua
2186 392 2301 424 manu,

451 436 465 452 “
478 435 645 468 audacter
669 433 864 476 pergebant
879 434 975 466 iuxta
1001 433 1129 465 fiumen
1146 432 1345 465 Bradanum
1359 432 1371 449 ²

1429 433 1566 473 Quibus
1583 443 1699 466 comes
1715 443 1905 467 occurrens
1919 433 2123 468 Alexander
2139 446 2218 469 cum
2233 435 2303 467 suis

450 488 525 519 “ita
548 486 690 519 detriuit
714 496 755 518 ac
781 485 970 518 debellauit
994 497 1065 526 eos,
1088 491 1125 518 ut
1147 486 1355 519 Tancredus
1386 487 1469 529 fuge
1501 486 1712 519 liberaretur
1743 486 1896 530 presidio
1921 493 1955 520 et
1978 487 2088 520 Britto
2113 487 2302 526 Gofredus,

450 540 598 583 “regina
622 549 707 572 uero
730 545 765 571 et
788 539 968 571 Unfredus
993 549 1072 572 cum
1088 539 1205 571 multis
1221 539 1298 572 aliis
1315 545 1526 582 caperentur
1550 539 1736 582 equitibus,
1765 540 1948 583 omniaque
1972 550 2090 573 eorum
2113 540 2301 583 direptioni

448 593 655 636 “predeque
679 592 762 625 data
785 598 874 624 sunt.

921 592 1061 636 Regina
1084 602 1168 624 uero
1193 592 1299 625 ducta
1321 592 1384 624 sub
1409 592 1567 625 custodia
1583 598 1635 625 est
1651 593 1687 624 in
1702 592 1873 626 Materam
1901 592 2089 630 ciuitatem,
2105 593 2140 626 in
2156 604 2225 637 qua
2240 593 2303 626 ali-

448 647 462 662 “
478 651 607 689 quanto
630 651 776 688 peracto
806 650 964 688 tempore
987 650 1137 684 retenta,
1162 645 1303 678 dimissa
1327 651 1378 678 est
1401 645 1463 678 sub
1487 645 1710 678 iureiurando
1740 652 1779 678 ut
1808 650 2045 678 reuerteretur
2067 645 2103 678 in
2126 646 2299 679 Materam

449 702 463 717 ‘⁴
478 706 512 732 et
535 700 571 731 in
594 698 789 731 Alexandri
814 699 952 731 comitis
976 698 1152 736 custodia3
1176 705 1229 731 set
1244 698 1384 731 minime
1402 699 1470 731 hoc
1485 698 1655 741 impleuit.

1703 699 1847 741 Insuper
1875 709 1994 731 mense
2019 697 2114 731 Maio
2138 710 2217 732 cum
2241 698 2302 732 CC

450 757 464 771 “
478 753 652 796 equitibus
675 759 710 785 et
732 753 890 795 peditum
913 753 1015 785 turba
1038 759 1168 785 terram
1191 753 1342 785 uastauit
1364 752 1560 785 Alexandri
1585 751 1723 784 comitis
1750 751 1913 785 Barensis
1924 751 1948 785 ⁸.

534 805 640 837 Anno
664 804 841 837 dominice
865 803 1117 836 incarnationis
1141 802 1319 846 MCXVIJ
1348 802 1542 837 indictione
1565 803 1600 835 X
1615 813 1734 835 mense
1750 802 1884 846 Aprilis
1906 803 1941 835 in
1965 803 2136 842 Uenecim
2159 803 2304 848 Liguria
2330 804 2370 836 10

443 857 569 890 Emilia
592 862 696 900 atque
728 856 934 889 Flamminia
964 857 1061 889 Italie
1092 856 1294 899 prouinciis,
1317 857 1353 888 in
1379 856 1492 889 Gallia
1521 866 1660 899 quoque
1689 856 1933 899 Transalpina,
1965 857 2151 890 multorum
2180 857 2304 890 domus

443 911 603 944 contritis
625 909 824 942 hominibus
847 911 1018 954 pluraque
1041 910 1210 942 hedificia
1232 909 1334 942 simul
1355 915 1391 942 et
1414 910 1564 942 ecclesie
1581 909 1713 953 ingenti
1736 916 1828 943 terre
1851 915 1947 943 motu
1970 919 2139 943 concusse
2163 908 2302 943 cecide-

447 968 527 995 runt
538 961 562 995 ⁴.
608 961 743 994 Eodem
768 971 859 994 anno
876 971 995 994 mense
1020 961 1118 1000 Iulio,
1149 960 1258 1004 XVIJ
1281 960 1350 993 kal.
1374 959 1534 1006 Augusti,
1566 961 1658 993 feria
1682 961 1737 1000 11¹,
1761 960 1846 993 luna
1867 961 1904 993 in
1926 961 2027 1005 signo
2047 961 2180 1005 aquarii
2202 971 2304 1004 passa

446 1020 498 1047 est
520 1013 677 1056 eclipsim
702 1013 745 1046 ab
770 1012 856 1045 hora
879 1018 1004 1046 octaua
1027 1012 1140 1045 noctis
1162 1023 1271 1055 usque
1295 1012 1331 1044 in
1355 1012 1562 1045 matutinum
1575 1011 1597 1044 ⁵.

534 1064 638 1097 Anno
662 1064 840 1097 dominice
864 1063 1114 1096 incarnationis
1136 1063 1332 1106 MCXVIIJ
1356 1063 1550 1096 indictione
1574 1063 1629 1107 XJ
1652 1063 1761 1096 tercio
1785 1064 1863 1096 idus
1879 1063 2096 1103 Decembris,
2113 1064 2204 1097 feria
2218 1062 2302 1108 111J,

445 1119 526 1151 luna
549 1118 584 1150 in
607 1118 707 1162 signo
722 1117 942 1161 geminorum
958 1127 1059 1159 passa
1083 1122 1134 1149 est
1157 1116 1313 1159 eclipsim
1330 1127 1351 1148 a
1368 1117 1487 1159 quinta
1504 1116 1590 1149 hora
1606 1117 1721 1150 noctis
1736 1127 1844 1160 usque
1860 1118 1896 1149 in
1913 1127 2040 1150 nonam
2052 1117 2173 1150 horam
2188 1117 2303 1150 noctis

443 1169 599 1202 eiusdem
612 1168 634 1201 ⁶.

682 1167 817 1201 Eodem
841 1178 959 1200 mense
982 1167 1187 1200 Decembris
1210 1173 1290 1210 post
1312 1167 1397 1200 solis
1419 1177 1583 1200 occasum
1606 1178 1715 1212 usque
1738 1169 1775 1200 in
1799 1168 1935 1201 tertiam
1952 1169 2073 1201 horam
2096 1167 2210 1202 noctis
2240 1178 2300 1203 ce-

442 1222 513 1254 lum
536 1220 681 1253 rubeum
698 1220 797 1263 quasi
813 1219 904 1263 ignis
921 1219 1082 1261 apparuit
1100 1229 1119 1250 a
1135 1218 1409 1261 septemtrionali
1432 1225 1532 1261 parte
1564 1230 1672 1263 usque
1690 1221 1736 1252 ad
1753 1226 1885 1258 arcton,
1909 1220 2068 1263 sequenti
2083 1218 2168 1253 u'ero
2183 1229 2300 1252 mense

533 1401 555 1418 1.
574 1393 681 1418 Eodem
693 1399 771 1416 anno
785 1392 884 1423 regina
897 1393 925 1415 et
939 1390 1101 1415 Tancredus
1112 1408 1162 1415 ....

1408 1270 1453 1302 Et
1477 1270 1651 1304 Iohannes
1673 1271 1815 1304 natione
1841 1271 2032 1304 Gaietanus
2055 1271 2115 1314 qui
2138 1270 2298 1304 Romane

1183 1371 1299 1415 comitis
1318 1391 1453 1416 Barensis
1473 1392 1498 1415 A
1517 1399 1623 1421 manca;
1644 1399 1687 1415 ma
1706 1391 1732 1415 la
1751 1399 1828 1416 mano
1846 1391 1890 1416 del
1906 1399 1954 1416 sec.
1973 1391 2005 1415 Χ
2007 1391 2063 1415 VII
2075 1399 2106 1416 ve
2123 1391 2300 1424 l'aggn'unsea

442 1436 564 1469 margine
582 1435 618 1459 da
635 1435 661 1458 B
679 1433 888 1466 cod'aggiunta:
908 1434 994 1457 Anno
1009 1433 1154 1457 dominice
1165 1432 1289 1457 MCXVI
1309 1447 1317 1451 -
1337 1434 1451 1457 Brittan
1475 1433 1497 1457 C
1513 1447 1546 1452 --
1568 1440 1590 1459 2.
1612 1434 1706 1458 ufredi
1725 1435 1840 1467 grascin
1861 1435 1884 1459 C
1902 1447 1912 1452 —
1931 1440 1965 1458 ns
1986 1435 2009 1458 C
2026 1448 2058 1452 —
2077 1441 2104 1466 3.
2123 1441 2258 1459 cocurens
2274 1434 2302 1459 B

444 1492 476 1496 —
496 1485 521 1510 4.
541 1475 690 1501 Goffredus
711 1477 737 1501 Β
756 1475 900 1500 Unsredus
921 1476 947 1499 B
967 1490 997 1492 —
1018 1483 1042 1508 9.
1069 1476 1233 1499 Alexander
1260 1476 1378 1500 comitis
1405 1476 1557 1500 Barensem
1578 1477 1602 1501 C
1620 1488 1651 1493 —
1674 1484 1715 1501 10.
1735 1477 1823 1501 Anno
1844 1477 1878 1501 ab
1898 1477 2101 1501 incarnatione
2118 1476 2240 1501 Domini
2259 1477 2301 1501 in-

443 1521 573 1545 dictione
595 1518 618 1543 C
629 1532 638 1537 —
651 1518 766 1550 Aprilis
788 1517 835 1542 Ce
846 1517 946 1548 Arndt,
958 1518 1066 1542 tacendo
1085 1517 1208 1542 variante
1221 1517 1244 1542 A
1259 1517 1286 1541 B
1304 1531 1335 1535 —
1361 1525 1400 1542 11.
1419 1519 1645 1552 Transalpenam
1665 1519 1688 1543 A
1710 1520 1734 1543 C
1751 1531 1784 1536 --
1807 1526 1845 1543 12.
1865 1519 1995 1547 hedificii
2011 1519 2035 1543 C
2049 1526 2063 1543 e
2081 1519 2179 1548 Arndt,
2191 1519 2300 1544 tacendo

443 1563 566 1587 variante
577 1561 601 1585 Α
621 1561 647 1585 Β
660 1575 692 1578 -
710 1566 749 1592 15.
763 1561 851 1584 Anno
864 1560 900 1584 ab
914 1561 1114 1584 incarnatione
1127 1559 1250 1584 Domini
1262 1560 1287 1584 Α
1300 1568 1314 1584 e
1325 1560 1422 1590 Arndt,
1435 1561 1542 1585 tacendo
1554 1561 1676 1586 variante
1687 1561 1712 1585 A
1724 1561 1749 1585 B
1765 1575 1796 1579 —
1811 1567 1853 1594 17.
1866 1562 1964 1586 eodem
1974 1568 2068 1586 mense
2078 1563 2144 1593 post
2157 1561 2229 1586 solit
2239 1561 2267 1586 B
2278 1561 2299 1586 C

442 1673 497 1697 dic.
520 1670 589 1697 1086
607 1678 646 1695 un
663 1671 814 1695 Tristoinus
826 1671 902 1694 miles
914 1665 947 1694 de
960 1669 1062 1702 Ayrola
1077 1671 1107 1694 in
1120 1669 1202 1694 Aah.
1216 1671 1247 1694 di
1254 1670 1346 1694 Badt'a

443 1715 475 1740 di
493 1715 571 1746 Cava,
593 1715 671 1738 Arm.
692 1712 725 1738 C.
746 1720 787 1737 10.
802 1712 845 1737 Un
860 1720 941 1737 nomes
955 1712 1106 1739 Rm'mcisus
1119 1713 1150 1736 de
1162 1713 1257 1737 Aimla
1271 1714 1293 1737 si
1308 1713 1344 1737 ha

444 1755 521 1780 nella
539 1756 602 1780 vita
621 1755 651 1779 di
671 1753 798 1779 Callisto
817 1753 844 1778 11
857 1754 888 1778 in
902 1753 932 1777 L.
946 1753 985 1784 P„
1004 1753 1040 1783 ΙΙ,
1059 1759 1120 1785 3²2·
1159 1754 1262 1778 Airola
1274 1753 1288 1778 ὲ
1303 1754 1344 1778 lo-

443 1795 531 1822 calita
550 1803 648 1831 presso
667 1797 838 1821 Benevento.
879 1787 900 1821 ὲ
920 1803 935 1820 a
955 1797 1054 1820 notare
1078 1796 1128 1820 che
1155 1795 1345 1828 Gaitelgrima

443 1847 522 1865 come
542 1839 648 1872 moglie
668 1838 713 1864 del
726 1839 798 1863 duca
811 1837 977 1871 Guglielmo
990 1839 1014 1864 si
1028 1838 1066 1862 ha
1080 1838 1117 1862 fin
1133 1838 1179 1862 dal
1195 1838 1250 1862 dic.
1268 1845 1343 1871 1114.

442 1882 526 1908 Arete.
544 1882 576 1906 di
593 1882 682 1906 Badio
701 1881 732 1906 di
752 1880 835 1912 Cava,
854 1880 934 1905 Arm.
953 1880 983 1905 E.
1007 1887 1046 1912 14.

532 1924 541 1941 ²
560 1925 584 1949 11
602 1931 742 1957 cognome
762 1924 887 1953 Bricton,
906 1924 1050 1948 Brtctonus
1070 1923 1090 1947 s'
1098 1923 1233 1948 incontra
1249 1930 1344 1955 spesso

443 1968 520 1993 nella
540 1967 731 2000 diplomatica
750 1966 918 1991 Normanna
938 1965 1011 1990 delle
1031 1965 1143 1998 Pugne,
1164 1966 1283 1990 sebbene
1303 1966 1344 1990 sia

443 2010 637 2035 sconoscluto.
675 2008 729 2034 Fin
750 2008 936 2033 dall’ottobre
957 2007 1025 2033 1086
1052 2007 1112 2032 ind.
1131 2008 1166 2032 X.
1192 2007 1345 2040 Raynoyus

443 2052 586 2077 Brictemus
603 2050 725 2076 dominus
742 2051 827 2075 castrt·
843 2053 869 2075 rt
886 2050 1005 2075 ciuitatis
1023 2049 1052 2075 S.
1071 2050 1168 2083 Agate,
1183 2052 1213 2074 in
1232 2050 1345 2082 Pugna,

445 2095 472 2119 sa
492 2094 655 2118 donazione
674 2093 702 2117 al
722 2094 886 2117 monastero
907 2092 936 2116 di
958 2092 1049 2116 Badla
1069 2093 1098 2116 di
1125 2092 1205 2117 Cava
1224 2093 1345 2117 insieme

443 2136 519 2161 cona
538 2136 645 2170 moglie
664 2135 731 2160 Acta
750 2142 765 2159 e
784 2135 830 2160 col
843 2134 924 2167 figlio
943 2134 1020 2159 Iohel.
1057 2134 1080 2158 Il
1095 2135 1178 2166 quale
1191 2135 1238 2159 nel
1251 2135 1344 2167 luglio

446 2185 511 2212 1097
525 2187 540 2204 e
555 2179 601 2204 nel
615 2178 672 2203 dec.
687 2183 751 2202 1101
768 2179 872 2211 spunta
883 2185 962 2202 come
973 2177 1097 2202 dominus
1108 2178 1191 2202 castri
1202 2177 1231 2202 S.
1250 2177 1344 2209 Agatae,

443 2229 458 2246 e
477 2222 524 2246 dal
547 2228 615 2253 1¹14
640 2220 669 2246 al
692 2226 757 2245 1121
779 2221 882 2253 agosto
910 2219 1014 2244 ducalis
1036 2219 1235 2244 Comei-rabulus
1261 2220 1347 2244 castri

443 2263 471 2289 S.
501 2264 595 2297 Agate.
631 2262 684 2288 Nel
714 2262 767 2287 feb.
795 2267 860 2295 1125
880 2269 895 2286 e
919 2261 977 2287 fino
1003 2261 1029 2286 al
1056 2269 1121 2286 nov.
1152 2269 1217 2294 1131
1245 2264 1344 2294 questa

442 2307 535 2331 carica
550 2306 581 2332 su
594 2307 694 2331 tenuta
707 2304 754 2330 dal
767 2304 902 2337 figliuolo
916 2311 968 2329 suo
983 2304 1135 2333 Riccardo,
1150 2306 1158 2328 i
1173 2306 1217 2329 cui
1234 2304 1343 2329 fratelli

443 2356 516 2374 sono
536 2348 682 2381 Raynonus
699 2355 714 2372 e
735 2347 830 2372 Gurdo.
867 2346 948 2371 Arch.
969 2347 1000 2371 di
1018 2347 1109 2371 Badio
1127 2347 1158 2370 di
1171 2348 1251 2377 Cava,
1264 2347 1342 2371 Arm.

444 2393 475 2417 C.
497 2398 528 2425 73
546 2392 582 2421 D,
604 2397 635 2424 17
654 2398 670 2415 e
690 2397 738 2423 39;
757 2389 790 2421 Ε,
804 2389 896 2423 353F.
914 2396 954 2423 19,
969 2395 1012 2419 20,
1024 2395 1068 2421 34,
1088 2396 1136 2422 43;
1164 2389 1198 2414 G.
1217 2397 1247 2422 9:
1274 2390 1344 2415 tutti

443 2435 553 2459 docum.
586 2433 700 2458 inediti.
737 2432 806 2456 Alia
838 2432 925 2457 stessa
964 2431 1097 2464 famiglia
1129 2434 1344 2465 appartengono

443 2476 609 2502 Boemondo
629 2483 644 2500 e
662 2475 821 2500 Tommaso
844 2474 950 2505 Britto,
974 2474 1064 2507 padre
1083 2481 1097 2498 e
1115 2474 1205 2508 figlio,
1231 2475 1342 2507 signori

443 2519 489 2544 del
510 2518 604 2543 casale
623 2516 798 2543 candem-io
817 2517 848 2542 di
867 2517 1036 2550 pertinenza
1059 2516 1134 2541 della
1154 2516 1242 2542 Curia
1256 2518 1343 2550 regia.

444 2561 539 2586 Anca.
550 2566 582 2585 121
592 2559 691 2586 Sawro
700 2565 732 2584 m
741 2559 866 2592 Nnronx,
878 2560 1042 2591 Pergamene
1052 2559 1343 2591 Monastaerisoppressn',

444 2612 471 2629 n.
494 2603 551 2629 118.
588 2602 716 2628 Ricordo
734 2602 822 2627 infine
842 2610 879 2627 un
901 2601 1040 2634 Goffridus
1059 2602 1204 2626 Brettonus
1228 2602 1302 2626 miles
1319 2606 1344 2627 et

383 2659 418 2685 30
440 2649 571 2679 fueramus
588 2648 660 2670 terre
678 2646 710 2670 in
730 2645 865 2674 Barletta,
886 2646 916 2669 in
936 2644 999 2668 doc.
1019 2644 1064 2668 del
1085 2645 1147 2669 sett.
1176 2643 1257 2676 1167:
1282 2644 1343 2669 Cod.

382 2870 413 2897 3⁵

445 2690 562 2721 Dtplom.
594 2689 700 2718 Banu,
728 2687 802 2718 vm,
835 2694 891 2721 149.
936 2686 1000 2711 Non
1030 2693 1097 2720 pare
1127 2686 1265 2711 credibile
1294 2687 1344 2712 che

444 2731 578 2757 Goffredo
597 2731 729 2755 Brittone
747 2731 778 2756 di
797 2737 825 2756 ι.
844 2730 1031 2755 s’identifichi
1053 2737 1106 2754 con
1132 2730 1343 2762 quest'ultimm

444 2781 489 2798 mn
507 2772 523 2798 'e
541 2773 690 2806 probabile
709 2773 752 2797 sia
771 2774 847 2798 stato
868 2780 905 2797 un
925 2772 956 2797 di
969 2772 1010 2796 lui
1026 2773 1164 2796 antenato
1179 2771 1295 2796 fratello
1313 2772 1343 2796 di

443 2815 523 2841 lohel.
554 2815 592 2840 Di
606 2815 745 2840 Umfredo
765 2814 895 2840 Gravina
914 2821 1036 2840 nessuna
1050 2815 1158 2840 notizia
1171 2816 1210 2838 mi
1231 2815 1343 2839 risulta.

534 2856 545 2873 ²
564 2857 664 2883 Fiume
692 2858 824 2883 Bradano
850 2858 901 2882 che
920 2865 1003 2883 nasce
1022 2857 1058 2882 da
1083 2856 1209 2881 Forenza
1231 2864 1245 2881 e
1266 2864 1301 2881 va
1328 2865 1343 2881 a

444 2902 592 2925 scaz-icant
614 2900 659 2925 nel
679 2901 761 2933 golfo
780 2900 810 2925 di
829 2900 968 2925 Tarento.

532 2940 544 2958 ³
567 2942 612 2968 Cf.
632 2942 671 2967 Dr
685 2942 763 2972 Miro,
774 2942 888 2973 Annali,
900 2942 948 2973 IX,
959 2947 1009 2975 217
1021 2949 1036 2967 e
1046 2941 1105 2967 218.
1143 2940 1342 2971 CuALANnoN,

442 2984 464 3017 1,
483 2983 543 3018 318,
563 2993 590 3010 n.
612 2990 626 3017 5
646 2985 735 3018 opina
755 2985 806 3011 che
825 2986 924 3011 invece
942 2984 973 3010 di
991 2984 1092 3009 comm'r
1112 2984 1249 3015 Barensts,
1264 2986 1341 3008 certo

439 1618 451 1624 -
464 1605 583 1630 terciam
599 1604 622 1629 C
633 1611 646 1627 ε
660 1603 750 1628 Arndt
764 1616 796 1620 —
815 1601 854 1627 18.
869 1610 884 1627 a
897 1603 960 1627 tota
974 1604 1094 1636 septent.
1110 1603 1149 1631 Β;
1165 1603 1384 1636 septentrionali
1398 1603 1443 1628 Ce
1453 1604 1544 1628 Arndt
1554 1617 1562 1621 -
1574 1611 1661 1636 usque
1673 1604 1709 1629 ad
1724 1603 1867 1628 miridiem
1879 1605 1905 1629 B
1916 1618 1948 1622 —
1964 1611 2032 1637 19-1.
2044 1603 2134 1629 Rome
2146 1603 2264 1628 ecclesie
2279 1603 2303 1628 C

1399 1671 1505 1697 lettura
1525 1679 1651 1702 erronea,
1666 1673 1755 1698 debba
1768 1673 1905 1706 leggersi:
1917 1673 2021 1698 comitis
2032 1673 2199 1698 Maura-ste.
2218 1672 2246 1700 A
2259 1679 2303 1697 me

1400 1722 1466 1748 pare
1480 1715 1507 1740 la
1519 1715 1615 1748 giusta
1628 1715 1738 1740 lezIone
1752 1716 1810 1740 sia:
1822 1715 1975 1740 Alexandri
1991 1715 2204 1747 Capersanam,
2218 1715 2302 1740 tuto
2332 1742 2334 1744 ,
2368 1721 2375 1726 ·

1400 1754 1451 1789 piis
1470 1757 1521 1782 che
1540 1757 1717 1782 Alessandro
1738 1765 1797 1782 non
1817 1757 1848 1782 fu
1867 1759 1952 1782 conte
1971 1757 2000 1782 di
2020 1758 2095 1782 Bari.

1490 1798 1502 1815 ⁴
1521 1800 1639 1825 Psrnus
1666 1801 1832 1831 Drnconus,
1861 1800 1909 1830 IV,
1938 1799 1969 1825 61
1991 1799 2061 1832 (vol.
2092 1801 2142 1826 clt.
2168 1807 2196 1832 p.
2221 1797 2300 1832 791):

1400 1843 1412 1855 “
1423 1842 1484 1867 Hoc
1498 1844 1626 1876 preterea
1639 1844 1766 1876 tempore
1779 1844 1949 1868 terremotus
1963 1843 2062 1875 mgni
2075 1850 2125 1876 per
2137 1842 2301 1868 universnm

1401 1882 1415 1896 “
1428 1885 1484 1909 fere
1502 1884 1619 1910 Italiam
1639 1882 1711 1910 facti
1730 1886 1806 1916 sunt,
1827 1886 1868 1910 ita
1886 1885 1962 1917 quod
1983 1885 2058 1910 muri
2081 1885 2238 1910 multarum
2261 1883 2302 1909 ei-

1402 1926 1415 1940 “
1426 1927 1550 1952 vitatum
1564 1929 1686 1957 ruerent,
1699 1927 1818 1952 ecclesie
1831 1934 1848 1952 a
1862 1926 2057 1952 fundamentis
2069 1927 2302 1952 subverterentur

1403 1969 1416 1982 “
1426 1970 1454 1994 et
1464 1970 1574 1994 excelse
1585 1971 1675 1995 turres
1689 1970 1927 2003 demergerentur,
1940 1971 1970 1995 et
1982 1969 2138 1994 multorum
2150 1968 2302 1994 homlnum

1403 2012 1416 2025 ‘¹
1427 2013 1535 2045 strages
1548 2012 1660 2041 fierent;
1674 2013 1768 2037 fontes
1782 2013 1869 2037 etiam
1882 2013 1939 2037 fere
1952 2019 2050 2037 omnes
2069 2011 2212 2037 turbldsti
2225 2013 2301 2041 nint,

1402 2054 1415 2067 ‘⁴
1427 2056 1455 2080 et
1474 2055 1620 2087 lampades
1638 2055 1821 2079 ecclesiarum
1841 2055 1923 2079 nullo
1943 2054 2111 2087 impellente
2123 2053 2239 2079 turbine
2251 2060 2302 2088 per

1402 2095 1415 2108 “
1426 2103 1518 2121 aerem
1538 2097 1736 2123 movebantur.
1774 2097 1856 2121 Tunc
1883 2103 1996 2128 quoque
2015 2097 2047 2121 ln
2073 2096 2194 2122 civitate
2213 2095 2301 2121 Vero—

1401 2138 1415 2151 “
1426 2139 1509 2163 nensi
1536 2139 1662 2165 maxima
1690 2141 1770 2172 parte
1798 2133 1977 2164 edificiorum
2007 2139 2149 2165 corruit..
2161 2154 2219 2172 ..,,.

2256 2136 2302 2163 Cf.
2351 2144 2371 2154 ·¹

2329 1062 2367 1095 15

1399 2189 1479 2214 pure:
1499 2182 1589 2206 Breve
1611 2181 1759 2207 chronicon
1782 2181 1852 2206 Cass.
1872 2182 1970 2206 all’an.
1994 2180 2070 2211 1116,
2090 2181 2141 2206 che
2158 2182 2303 2215 aggiunsse
2329 2189 2331 2193 ’
2368 2181 2374 2206 1
2397 2177 2398 2181 ¹

1399 2225 1430 2248 in
1458 2224 1578 2249 ultimo:
1606 2224 1683 2249 Luna
1710 2224 1912 2256 quartadecima
1939 2225 2075 2248 obscurata
2099 2226 2154 2252 est,-
2176 2223 2301 2249 Annales

1402 2266 1571 2291 Cea-cunenses
1589 2268 1619 2291 in
1638 2266 1676 2291 M.
1703 2267 1733 2291 G.
1753 2267 1797 2298 H„
1819 2267 1870 2291 SS.
1889 2266 1956 2291 XIX
1976 2267 2073 2291 all’an.
2095 2273 2174 2292 ηις.

1488 2307 1499 2324 ⁵
1525 2308 1565 2333 Le
1590 2310 1658 2333 note
1683 2309 1887 2341 cronologiche
1912 2316 1984 2333 sono
2009 2310 2107 2334 esatte.
2147 2307 2203 2334 uei
2228 2312 2301 2340 11¹7,

1399 2358 1475 2375 anno
1504 2358 1559 2375 con
1579 2352 1680 2376 letters.
1709 2351 1890 2376 domenicale
1910 2350 1943 2375 G.
1963 2359 1978 2375 e
2005 2358 2060 2376 con
2079 2347 2191 2383 Puqua
2210 2350 2240 2376 nl
2265 2356 2298 2383 25

1398 2401 1502 2425 marzo,
1523 2393 1551 2417 la
1569 2393 1660 2418 XVII
1672 2394 1724 2418 kal.
1744 2401 1816 2426 aug„
1837 2391 1900 2418 cioe
1919 2393 1942 2418 il
1965 2392 1997 2418 16
2016 2393 2119 2426 iuglto.
2133 2392 2222 2419 cedde
2234 2399 2300 2426 pro-

1398 2436 1463 2467 prio
1483 2435 1511 2459 di
1531 2433 1641 2460 lunedl.

1487 2475 1498 2492 ⁶
1518 2477 1558 2502 Le
1583 2477 1763 2503 indicazioni
1789 2478 1997 2510 cronologiche
2016 2485 2089 2503 sono
2109 2479 2207 2510 esstte.
2244 2477 2299 2502 Nel

1401 2518 1478 2549 1118,
1497 2527 1574 2544 anno
1593 2527 1646 2545 con
1666 2520 1769 2545 lettera
1789 2520 1967 2546 domenicale
1980 2520 2002 2544 F
2021 2528 2036 2545 e
2056 2527 2112 2545 con
2132 2519 2243 2553 Puqua
2261 2519 2299 2544 ri-

1398 2564 1528 2586 corrente
1541 2562 1599 2594 agli
1617 2569 1644 2587 11
1658 2562 1758 2594 aprile,
1771 2562 1792 2587 il
1811 2562 1907 2588 lilia.
1927 2562 2077 2593 decembris,
2090 2560 2154 2587 eloe
2165 2561 2219 2587 1¹11
2234 2562 2300 2592 dic„
2332 2569 2354 2577 ··
2396 2557 2398 2570 ³

1399 2603 1486 2628 eadde
1506 2605 1624 2636 proprio
1644 2604 1674 2629 di
1694 2602 1855 2629 mercoledl.
1893 2603 2002 2633 Questo
2021 2611 2087 2629 caso
2113 2604 2140 2629 ci
2158 2604 2298 2635 dimostn

1399 2646 1449 2670 che
1467 2653 1494 2671 R.
1514 2653 1588 2679 pone
1607 2647 1707 2671 l'anno
1727 2647 1757 2671 in
1779 2647 1912 2679 generale
1932 2647 1960 2671 al
1981 2646 2128 2680 principio
2146 2653 2162 2672 e
2174 2646 2221 2671 nel
2235 2653 2297 2671 nar-

1399 2695 1460 2713 rare
1480 2696 1537 2712 non
1559 2689 1669 2714 cambia
1688 2689 1865 2714 l’indizione
1884 2689 1932 2714 dal
1958 2689 2109 2714 settembre
2127 2689 2156 2713 al
2176 2694 2208 2722 31
2228 2687 2298 2714 dica

1398 2730 1438 2756 XI
1458 2732 1516 2756 ind.
1535 2731 1672 2764 risponde
1692 2732 1718 2756 al
1735 2737 1801 2764 1¹¹7
1816 2739 1830 2756 e
1843 2732 1874 2756 iu
1888 2733 1988 2763 questo
2002 2738 2068 2756 caso
2081 2731 2136 2756 1’11
2150 2731 2181 2756 dl
2194 2730 2298 2756 dicem-

1397 2773 1447 2797 bre
1461 2774 1575 2798 sai-ebbe
1585 2773 1689 2798 caduto
1703 2774 1733 2798 di
1747 2771 1878 2799 martedi.
1910 2774 1952 2799 La
1966 2774 2058 2806 prima
2072 2773 2182 2798 notizla
2195 2773 2297 2806 ch’essll

1399 2816 1519 2848 registra
1532 2814 1547 2841 e
1560 2816 1786 2847 l’astronomica,
1800 2817 1869 2841 cada
1883 2816 1972 2841 anche
1986 2815 2062 2841 nella
2074 2815 2129 2852 fine
2141 2814 2296 2845 dell’anno.

1398 2859 1447 2890 poi
1477 2859 1610 2891 riprende
1637 2858 1679 2890 gli
1699 2858 1768 2884 altri
1786 2858 1856 2884 fatti
1882 2859 2079 2883 conservando
2098 2858 2179 2890 quasi
2200 2865 2238 2883 un
2259 2858 2297 2882 ri—

1397 2907 1466 2931 gore
1486 2900 1683 2933 cronologlco.
1722 2898 1793 2925 Cosl
1814 2901 1841 2925 fs
1861 2907 1930 2933 pure
1949 2900 1995 2925 nel
2018 2907 2084 2932 1119
2103 2902 2155 2925 etc.

1486 2940 1497 2957 ⁷
1516 2941 1631 2968 Par-iuss
1650 2942 1818 2972 Dmcmws,
1837 2942 1884 2972 IV,
1904 2941 1937 2967 62
1958 2943 1997 2976 (p.
2024 2941 2103 2975 792)=
2131 2940 2296 2967 “Similiter

1400 2984 1451 3009 “et
1470 2985 1528 3009 iam
1557 2985 1651 3010 dictus
1677 2991 1749 3018 papa
1778 2984 1925 3010 Paschalis
1950 2992 1966 3009 a
1985 2983 2147 3009 Benevento
2175 2982 2296 3009 Roman
2342 2977 2389 3021 ]
