2398 3470
176 223 252 255 Mum,
264 235 299 250 cc.
309 230 371 255 ²5·²6

294 367 313 381 c.
327 360 375 386 37⁶

237 688 257 703 a.
275 689 303 702 m.
320 683 372 706 3363

278 2645 298 2659 c.
312 2644 361 2664 3911

354 2962 367 2988 5
397 2959 480 2985 Beda.
1358 2963 1370 2975 ‘¹
1383 2961 1458 2987 filius
1470 2963 1566 2989 Arnon
1578 2980 1601 2995 „.
1620 2970 1640 2989 R
1653 2962 1781 2989 riferlsce
1794 2963 1828 2988 da
1841 2970 1891 2988 san
1907 2963 2058 2989 Girolamo
2070 2962 2147 2996 (vedl
2160 2965 2231 2990 notu
2246 2970 2269 2997 ι,

342 2005 353 2018 2
401 1993 455 2020 rat
477 1992 658 2024 mortuum,
682 1990 717 2017 et
739 1994 811 2017 non
833 1984 1029 2028 sepul'tum:
1052 1986 1262 2029 insepultum
1286 1987 1437 2030 quidem,
1462 1987 1530 2020 hoc
1554 1993 1617 2027 est,
1634 1998 1654 2020 a
1676 1987 1799 2020 bestiis
1823 1986 2016 2031 auibusque
2037 1987 2275 2021 lacerandum.
2297 1987 2366 2034 3⁰(

415 215 463 254 22
997 209 1291 251 ROMUALDI
1319 207 1691 248 SALERNITANI
1917 213 2004 251 [AA.
2023 222 2065 245 m.
2085 214 2280 251 3363-33751

418 351 432 367 ‘⁶
445 348 588 382 Azarias
605 353 639 380 et
654 346 812 386 Misahel,
829 351 963 388 partem
979 355 1138 377 uasorum
1154 342 1274 385 templi
1291 342 1324 373 in
1341 341 1557 374 Babiloniam
1574 341 1749 374 transfert.
1785 340 1820 373 A
1843 342 1986 384 quarto·
2010 341 2170 385 Joaehim
2186 352 2279 376 anno

417 405 431 422 ‘⁴
444 403 575 445 scriptu
597 411 719 444 regum
733 401 742 419 ¹
766 398 1092 432 Nabuchodonosor
1116 402 1309 439 computat:
1334 395 1416 439 quia
1433 406 1477 427 ex
1494 405 1537 428 eo
1554 406 1623 429 non
1640 395 1751 428 solum
1767 394 1901 438 Judeis‚
1918 400 1954 428 et
1971 393 2149 436 Chaldeis,
2164 397 2229 430 sed
2245 402 2280 430 et
2395 433 2398 435 .

416 459 431 475 “
444 455 605 500 Assyriis,
621 453 793 498 Egypffis,
809 452 984 491 Moabitis‚
1000 451 1145 494 aliisque
1169 448 1357 482 innumeris
1372 448 1536 493 gentibus
1561 449 1655 492 cepit
1669 458 1819 493 regnare
1834 447 2006 491 Joaehim,
2024 449 2082 492 qui
2101 455 2135 482 et
2148 450 2280 493 Jecho-
2391 442 2398 500 ξ

415 512 430 528 “
443 510 518 542 nias
540 508 631 540 filius
646 507 805 551 Joaehim
822 505 995 538 mensibus
1011 504 1118 537 tribus
1134 509 1169 535 et
1185 502 1307 536 diebus
1324 512 1359 535 Χ.
1402 502 1472 535 Hic
1496 503 1713 536 circumdata
1730 513 1750 534 a
1766 501 1933 535 Chaldeis
1956 502 2178 536 Hierusalem
2196 504 2280 537 exiit
2392 499 2398 510 “’

413 563 486 596 “ad
508 571 627 606 regem
649 560 836 600 Babilonis‚
861 565 895 591 et
917 564 1026 591 mater
1049 558 1133 601 ejus,
1158 562 1193 588 et
1216 557 1339 589 ductus
1363 562 1415 589 est
1439 556 1475 588 in
1499 555 1678 590 Babilonis
1703 550 1782 589 cum
1805 556 1937 599 populo
1961 566 2023 589 suo
2045 567 2136 590 anno
2154 563 2279 591 octauo
2327 557 2345 591 5
2392 596 2393 599 Ἴ

414 615 541 661 “regni
565 614 894 648 Nabuchodonosor
918 604 1192 645 ffiCCCLXIH.

500 670 515 686 “
532 668 710 708 Sedecias,
734 667 792 711 qui
816 672 851 699 et
873 665 1033 699 Mathian
1056 664 1146 696 filius
1169 663 1264 706 Josie
1289 663 1388 696 annis
1411 673 1461 697 XI.
1507 664 1618 697 Huius
1642 674 1734 697 anno
1759 673 1809 704 Χῖ,
1832 663 1929 708 regis
1953 669 2067 697 autem
2099 663 2281 698 Babilonis

414 725 535 756 “nono
558 721 695 754 decimo
719 720 809 764 Jude
834 725 937 762 capta
961 724 1023 757 est,
1036 717 1071 749 in
1087 716 1304 749 Babiloniam
1322 716 1426 750 exilio
1451 717 1557 750 ducta
1573 723 1637 758 est,
1654 723 1689 750 et
1712 716 1879 760 templum
1903 716 2046 750 Domini
2062 718 2280 751 combustum

413 778 428 795 ‘⁴
442 786 533 810 anno
557 786 601 808 ex
625 784 694 818 quo
718 774 859 806 fundari
883 772 975 815 cepit
999 770 1240 805 CCCCXXX.
1284 769 1358 808 Qui
1382 776 1496 803 autem
1519 771 1645 815 reliqui
1670 771 1811 804 fuerunt
1825 771 1932 815 Judei
1955 771 2222 816 transfugerunt
2244 771 2280 804 in

413 831 427 848 ‘⁴
440 829 628 874 Egyptum,
653 838 720 871 qua
743 832 822 870 post
844 836 954 859 annos
976 835 1000 857 v
1022 834 1188 867 percussa
1211 834 1232 856 a
1255 823 1421 857 Chaldeis
1437 823 1473 856 in
1490 824 1708 857 Babiloniam
1732 829 1822 865 sunt,
1839 830 1876 858 et
1898 824 1965 868 ipsi
1988 824 2220 870 transmigrati
2234 824 2280 866 „¹.
2306 826 2347 859 10
2383 859 2387 872 5

1233 940 1426 974 Jerom'mus
1435 953 1446 974 :

494 1026 607 1070 Josias
629 1025 718 1058 filius
739 1022 856 1056 Amon
878 1033 939 1055 rex
961 1023 1070 1067 justus
1094 1027 1164 1054 tres
1188 1020 1309 1054 habuit
1331 1021 1421 1054 filios
1442 1022 1599 1066 Joachaz
1624 1028 1659 1055 et
1682 1022 1854 1066 Joaehim,
1887 1028 1922 1056 et
1953 1023 2158 1062 Sedeciam3
2187 1023 2277 1057 Iosie

406 1080 536 1124 quippe
558 1077 724 1112 successit
745 1077 782 1109 in
805 1086 914 1120 regno
938 1075 1028 1107 filius
1053 1074 1126 1118 ejus
1148 1074 1314 1118 joachaz,
1339 1076 1443 1118 quem
1467 1085 1529 1108 rex
1551 1076 1685 1120 Egypti
1707 1076 1821 1109 Farao
1838 1076 1965 1109 Necho
1982 1077 2160 1120 captiuum
2178 1077 2280 1110 duxit

406 1134 442 1166 in
466 1134 652 1177 Egyptum‚
676 1130 794 1174 ibique
817 1135 969 1162 mortuus
993 1135 1054 1161 est.
1103 1127 1185 1166 Quo
1210 1129 1324 1161 statim
1347 1128 1383 1160 in
1407 1129 1610 1172 captiuitate
1635 1130 1743 1163 ducto
1765 1140 1911 1174 regnum
1929 1130 2077 1163 obtinuit
2094 1130 2129 1163 in
2144 1131 2280 1164 Ierusa-
2397 1168 2398 1171 Ἴ

408 1187 475 1220 lem
498 1185 659 1230 Joaehim
682 1184 792 1216 frater
815 1181 898 1226 ejus.
946 1181 1081 1220 Quarto
1105 1187 1219 1214 autem
1244 1191 1335 1214 anno
1358 1181 1519 1225 Joaehim
1543 1182 1644 1226 hujus
1666 1183 1728 1215 filii
1751 1183 1846 1227 Josie
1880 1183 2010 1226 'patris
2040 1183 2280 1217 Nabuchodo-
2307 1181 2344 1216 15
2373 1211 2375 1213 .
2396 1190 2398 1193 '

404 1250 507 1273 nosor
529 1238 565 1271 in
586 1236 757 1270 Babilone
780 1235 932 1278 suscepit
955 1234 1150 1277 imperium,
1174 1239 1279 1278 atque
1301 1235 1351 1267 ita
1374 1235 1507 1267 factum
1529 1241 1593 1276 est,
1615 1242 1654 1268 ut
1677 1246 1798 1275 annus,
1823 1237 1883 1280 qui
1906 1236 2038 1280 primus
2060 1243 2135 1270 erat
2157 1236 2279 1270 Nabu-

406 1278 625 1326 chodonosor
647 1290 684 1322 in
706 1289 889 1328 Babilone,
913 1295 1055 1332 quartus
1079 1293 1170 1321 esset
1184 1287 1219 1320 in
1236 1288 1425 1321 Ierusalem
1440 1288 1536 1333 regis
1550 1289 1725 1333 Joaehim.
1771 1290 1933 1333 Denique
1949 1290 2279 1324 Nabuchodonosor

406 1352 531 1380 octauo
555 1353 644 1377 anno
668 1341 770 1386 regni
793 1341 847 1374 sui
870 1341 1013 1374 ueniens
1036 1340 1224 1373 Ierusalem
1249 1340 1386 1374 obsedit
1411 1352 1499 1381 eam,
1524 1348 1558 1374 et
1580 1342 1789 1386 Jechoniam
1806 1342 1914 1375 filium
1929 1343 2092 1387 Joaehim
2109 1353 2188 1376 cum
2204 1354 2277 1377 ma-

403 1406 468 1440 tre,
491 1404 526 1431 et
548 1395 762 1441 principibus
785 1394 882 1427 duxit
903 1394 940 1427 in
964 1394 1214 1437 captiuitatem,
1246 1394 1305 1438 qui
1336 1395 1446 1428 tribus
1477 1401 1610 1428 tantum
1641 1402 1720 1438 post
1750 1396 2033 1429 interfectionem
2063 1397 2173 1441 patris
2204 1398 2279 1442 ejus
2365 1433 2368 1436 ,

403 1452 564 1497 Joaehim
586 1454 749 1494 regnarat
771 1447 956 1481 mensibus.
1001 1448 1215 1481 Interiectus
1240 1454 1292 1481 est
1315 1449 1408 1481 enim
1431 1449 1593 1493 Joaehim
1617 1450 1804 1483 undecimo
1829 1460 1920 1483 anno
1935 1451 2036 1495 regni
2059 1450 2113 1484 sui
2127 1450 2164 1484 in
2179 1451 2276 1484 Ieru-
2300 1451 2384 1484 20*

405 1507 482 1539 lem.
528 1503 689 1549 Joaehim
713 1502 802 1534 filius
823 1502 930 1546 Josie,
954 1501 1018 1535 sub
1042 1512 1112 1545 quo
1136 1502 1243 1534 etiam
1266 1502 1384 1536 Holda
1406 1502 1530 1536 mulier
1553 1503 1790 1546 prophetauit,
1807 1503 1882 1547 ipse
1900 1504 2027 1548 estqui
2050 1504 2119 1538 alio
2135 1504 2278 1538 nomine
2366 1509 2379 1515 ““

402 1559 596 1603 appellatur
618 1555 827 1596 Heliachim,
851 1562 886 1588 et
909 1556 1068 1601 regnauit
1091 1566 1197 1599 super
1219 1556 1346 1599 Judam
1371 1561 1406 1589 et
1430 1556 1620 1589 Ierusalem
1643 1557 1741 1590 annis
1763 1557 1929 1590 undecim
1961 1558 2018 1591 cui
2042 1558 2210 1592 successit
2240 1558 2279 1591 in

401 1623 545 1657 regnum
567 1611 656 1644 filius
679 1610 754 1655 ejus
775 1610 947 1653 Joaehim,
971 1617 1206 1654 cognomento
1229 1610 1430 1654 Jechonias,
1455 1611 1515 1655 qui
1536 1611 1641 1645 tertio
1664 1621 1784 1644 mense
1808 1611 1860 1645 sui
1874 1612 1975 1656 regni
1991 1612 2049 1646 die
2065 1612 2204 1646 decima
2219 1622 2278 1646 ca-

401 1674 479 1710 ptus
508 1678 529 1699 a
557 1664 704 1699 ducibus
727 1663 1054 1697 Nabuchodonosor
1077 1664 1201 1697 ductus
1224 1671 1276 1698 est
1298 1664 1335 1697 in
1358 1664 1575 1705 Babilonem,
1600 1671 1636 1698 et
1658 1666 1695 1698 in
1719 1664 1800 1699 loco
1824 1665 1900 1710 ejus
1923 1666 2129 1700 constitutus
2146 1672 2199 1700 est
2213 1665 2278 1700 Se-

402 1720 521 1754 decias
543 1725 685 1763 patruus
709 1717 799 1761 ejus:
826 1716 924 1761 cujus
947 1727 1039 1750 anno
1063 1727 1102 1750 ΧΙ
1126 1718 1316 1751 Ierusalem
1341 1724 1456 1761 capta,
1480 1724 1585 1762 atque
1609 1718 1778 1752 subuersa
1801 1724 1863 1760 est,
1886 1719 2034 1763 ipseque
2064 1720 2101 1752 in
2133 1718 2276 1753 Babilo-
2299 1717 2369 1752 25·

400 1785 479 1807 nem
502 1773 628 1806 ductus
649 1771 740 1804 ultra
763 1781 835 1803 non
857 1780 1068 1804 reuersurus.
1114 1772 1154 1804 In
1178 1771 1231 1804 his
1253 1770 1365 1804 tribus
1388 1772 1500 1815 captis
1515 1778 1619 1816 atque
1637 1772 1849 1806 transductis
1865 1783 2011 1816 regnum
2026 1772 2119 1817 Juda
2141 1772 2275 1806 finitum

402 1833 465 1860 est.
509 1825 697 1870 Jechonias
718 1834 788 1856 non
812 1823 879 1857 fuit
902 1824 1001 1865 fflius,
1025 1825 1087 1858 sed
1110 1835 1221 1868 nepos
1235 1826 1343 1869 Josie.
1390 1825 1550 1869 Joaehim
1566 1825 1655 1859 filius
1670 1825 1767 1869 Josie
1785 1825 1877 1869 regis
1895 1826 2089 1859 crudeliter
2103 1825 2277 1871 regnauit,

402 1881 543 1925 ejusque
567 1878 742 1921 sepultura
765 1887 832 1910 nec
857 1884 1033 1911 narratur:
1058 1878 1209 1912 habente
1233 1879 1415 1922 Scriptura
1447 1885 1577 1919 sancta,
1601 1885 1641 1913 ut
1671 1889 1790 1913 omnes
1812 1889 1916 1924 reges
1938 1880 2103 1913 mor'tuos
2133 1879 2275 1919 referat,

402 1940 436 1967 et
458 1932 620 1977 sepultos,
644 1931 742 1975 quasi
764 1931 854 1964 bene
877 1931 944 1964 fuit
967 1932 1017 1964 eis
1039 1932 1075 1964 in
1097 1934 1253 1975 presenti
1276 1939 1311 1966 et
1334 1933 1372 1965 in
1395 1933 1514 1967 futuro
1538 1933 1628 1966 bene
1652 1933 1729 1967 erit.
1776 1933 1880 1966 Hunc
1903 1940 2020 1967 autem
2036 1933 2179 1977 proprie
2195 1944 2277 1966 nar-

399 2041 477 2074 Hec
501 2045 553 2072 est
575 2038 703 2072 etenim
726 2037 827 2071 Asini
849 2038 1037 2080 sepultura.
1084 2040 1187 2072 Hunc
1211 2041 1331 2084 itaque
1362 2051 1426 2084 per
1448 2041 1657 2084 prophetam
1688 2040 1860 2073 Dominus
1886 2040 2005 2085 arguit
2034 2040 2208 2084 superbie,
2240 2046 2276 2074 et

401 2094 496 2139 quod
528 2092 727 2127 diuitiarum
759 2092 998 2136 magnitudine
1031 2093 1155 2126 abusus
1186 2095 1229 2127 sit
1259 2095 1295 2127 in
1319 2101 1560 2138 contemptum
1590 2095 1742 2135 Domini,
1767 2105 1834 2128 nec
1866 2095 2016 2129 audierit
2046 2105 2171 2128 uocem
2194 2094 2271 2129 Dei.

402 2148 516 2182 Nemo
538 2152 639 2190 putet
662 2145 813 2178 eundem
836 2146 873 2178 in
895 2146 1051 2180 Danielis
1074 2148 1248 2191 principio
1273 2159 1348 2182 esse
1371 2149 1531 2192 Joaehim
1563 2149 1623 2192 qui
1645 2149 1682 2182 in
1712 2149 1910 2182 Ezechielis
1934 2149 2081 2182 exordio
2111 2148 2274 2193 Joaehim

400 2201 577 2235 scribitur:
603 2200 669 2232 iste
693 2199 788 2231 enim
811 2205 1001 2232 extremam
1024 2201 1180 2234 sillabam
1204 2202 1305 2235 Chim
1336 2202 1453 2243 habet,
1477 2202 1536 2235 ille
1572 2202 1666 2236 Chin
1700 2202 1823 2235 habet:
1860 2209 1895 2235 et
1930 2201 1975 2235 ob
2008 2203 2101 2236 hanc
2133 2213 2275 2236 causam
2363 2237 2365 2241 ἁ

399 2255 437 2287 in
460 2253 654 2298 Euangelio
677 2253 870 2286 secundum
893 2254 1086 2287 Mattheum
1111 2267 1181 2288 una
1203 2256 1343 2290 uidetur
1367 2266 1442 2290 esse
1466 2256 1661 2301 generatio,
1685 2256 1766 2300 quia
1789 2256 1944 2301 secunda
1966 2255 2107 2290 tesseris
2137 2256 2188 2290 ire
2211 2257 2273 2292 de-
2296 2256 2316 2290 3

398 2309 481 2341 chas
503 2309 540 2340 in
562 2307 721 2351 Joaehim
744 2306 871 2339 desinit
894 2307 1000 2340 filium
1023 2308 1118 2349 Ozie,
1143 2315 1178 2341 et
1200 2309 1304 2343 tertia
1320 2310 1444 2353 incipit
1460 2321 1481 2342 a
1502 2310 1665 2354 Joaehim
1682 2310 1753 2343 filio
1771 2310 1950 2353 Joacham.
1996 2309 2114 2343 Primo
2130 2310 2273 2354 quidem
2332 2306 2356 2338 -”

398 2361 561 2395 ueniente
584 2359 914 2394 Nabuchodonosor
936 2371 1040 2404 super
1070 2362 1258 2395 Ierusalem
1290 2374 1361 2396 non
1394 2374 1513 2396 omnes
1545 2363 1653 2408 Judei
1683 2363 1815 2407 pariter
1836 2363 1875 2396 in
1907 2363 2144 2407 captiuitatem
2175 2362 2274 2397 ducti

398 2421 494 2454 sunt3
518 2415 580 2447 sed
603 2425 684 2457 pars
707 2414 833 2457 aliqua,
859 2420 893 2447 et
917 2416 1018 2448 tertia
1040 2427 1201 2450 uasorum
1224 2423 1422 2450 sanctorum
1447 2417 1584 2460 direpta
1601 2423 1663 2450 est.
1710 2417 1849 2462 Regem
1866 2427 2007 2461 quoque
2031 2417 2194 2461 Joaehim
2209 2417 2272 2451 de-

400 2475 528 2502 tentum
553 2467 653 2500 simul
677 2479 755 2500 cum
779 2468 962 2507 Daniehle,
987 2475 1022 2502 et
1045 2469 1094 2502 eis
1116 2471 1177 2513 qui
1201 2481 1279 2504 cum
1302 2470 1443 2504 Anania
1466 2471 1610 2504 fuerunt
1633 2471 1668 2504 in
1692 2471 1893 2512 Ierusalem,
1916 2472 2078 2515 captiuos
2099 2471 2135 2504 in
2166 2470 2272 2504 Babi-
2351 2513 2354 2516 ἢ

397 2522 524 2556 Ioniam
548 2522 766 2556 deduxerunt
789 2532 855 2554 nec
879 2532 951 2555 non
975 2528 1010 2555 et
1033 2534 1111 2556 cum
1136 2524 1268 2558 eisdem
1293 2525 1445 2558 ciuitatis
1468 2525 1696 2569 principibus.
1744 2525 1930 2559 Sedeciam
1954 2531 2068 2558 antem
2083 2526 2121 2559 in
2137 2523 2272 2559 Ierusa-
2295 2526 2356 2568 41

399 2577 466 2609 lem
491 2575 669 2609 constituit
690 2585 809 2619 regem
833 2575 895 2615 eis,
920 2575 979 2620 qui
1002 2576 1133 2610 ibidem
1157 2585 1404 2612 remanserant.
1451 2579 1697 2623 Magnificatur
1721 2579 1826 2612 etiam
1843 2585 1878 2612 et
1901 2579 1939 2612 in
1962 2579 2042 2619 hoc,
2066 2579 2162 2623 quod
2183 2578 2272 2613 fecit
2342 2583 2355 2622 ᾗ

393 2628 552 2672 Joaehim
574 2638 648 2667 rex,
672 2628 756 2671 quia
778 2628 861 2661 dum
884 2628 1212 2664 Nabuchodonosor
1236 2632 1281 2665 ad
1305 2632 1576 2676 expugnandum
1600 2631 1790 2666 Ierusalem
1813 2632 1977 2672 uenisset,
2000 2632 2164 2676 Joaehim
2187 2632 2269 2666 rex'
2330 2626 2331 2629 ¹
2352 2631 2355 2638 ’

483 2747 506 2774 3.
526 2741 662 2775 Egychs
685 2741 708 2766 C
725 2755 756 2760 —
777 2749 804 2774 4.
822 2742 880 2767 tres
898 2743 928 2767 et
946 2741 1042 2767 diebus
1061 2749 1080 2767 x
1099 2743 1123 2767 A
1138 2742 1162 2767 C
1178 2756 1210 2761 —
1232 2749 1256 2775 5.
1276 2744 1412 2770 Babilone
1436 2744 1459 2769 C
1474 2758 1508 2763 —
1528 2750 1554 2776 7.
1574 2745 1715 2771 Mutinam
1733 2745 1760 2769 B
1773 2758 1807 2764 —-
1820 2753 1848 2779 9.
1864 2744 1977 2771 fuerant
2001 2744 2024 2769 C
2035 2758 2067 2764 —-
2084 2744 2269 2780 14.optlnuit

401 2783 424 2807 C
435 2797 467 2802 —
482 2790 526 2815 23.
543 2784 635 2809 fillum
658 2783 682 2808 C
697 2797 709 2802 -
727 2784 815 2809 tercio
839 2783 862 2808 C
873 2797 906 2802 —
922 2789 1015 2817 24-25.
1034 2784 1164 2810 Sedecias
1182 2785 1221 2815 A,
1239 2786 1253 2810 ἐ
1270 2787 1361 2811 scritto
1379 2787 1483 2811 d'altra
1502 2795 1579 2812 mano
1596 2787 1669 2812 sulla
1684 2788 1829 2820 primitiva
1843 2788 1942 2820 parola
1953 2787 2099 2812 cancellata
2112 2800 2146 2806 —
2161 2793 2205 2821 27.
2224 2788 2268 2814 net

401 2826 423 2850 C
441 2840 472 2844 -
494 2832 536 2858 3²·
555 2826 724 2852 diulclarum
748 2826 771 2850 C
787 2839 821 2844 -
841 2825 883 2858 36.
903 2826 1049 2852 Inoachim
1067 2827 1091 2851 A
1111 2840 1123 2846 -
1141 2829 1232 2853 tercio
1255 2828 1278 2852 C
1296 2842 1328 2847 ——
1349 2830 1391 2861 38.
1411 2831 1453 2855 set
1476 2829 1499 2854 C
1514 2843 1526 2848 -
1545 2830 1635 2855 tercio
1659 2829 1682 2854 C
1700 2843 1732 2848 —
1754 2837 1798 2864 40.
1817 2830 1987 2856 dedlxerunt
2004 2830 2029 2855 A

2331 2771 2351 2805 ἐξ

2332 2805 2350 2839 ‘ij

484 2915 494 2933 ¹
513 2917 587 2950 Lege
606 2917 750 2950 Scriptura
769 2917 893 2949 Regnum
918 2924 1000 2942 come
1027 2917 1131 2951 leggesl
1160 2919 1251 2944 anche
1271 2920 1301 2944 in
1356 2923 1396 2952 op.
1415 2921 1474 2950 cit„
1493 2920 1602 2953 ζεκκτῆ,
1622 2926 1655 2955 97
1675 2928 1716 2955 sg.
1745 2919 1812 2954 (vol.
1832 2921 1869 2952 11,
1889 2925 1940 2954 337
1960 2920 2042 2954 sgg.).
2080 2922 2125 2947 Da
2150 2920 2270 2948 ‘101121
2321 2879 2348 2965 ξ
2392 2936 2396 2949 ι

2326 2962 2340 2983 ἴς·

484 2999 496 3017 2
513 3001 540 3026 11
558 3001 637 3034 Reg„
657 3001 757 3032 xxm,
778 3007 810 3033 32
831 3008 846 3026 e
865 3001 973 3033 XX1V;
1004 3002 1131 3028 Fnavms
1150 3002 1301 3036 Iosm‘uus,
1357 3012 1385 3038 p.
1404 3005 1458 3038 sg.)
1478 3005 1536 3031 fino
1556 3006 1591 3031 ad
1610 3004 1624 3019 ¹¹
1636 3006 1755 3040 expllclt
1773 3007 1874 3039 quarta
1893 3007 1954 3032 eta·
1966 3024 1989 3040 „.
2325 2992 2338 3062 ’Ξ
