<?xml version="1.0" encoding="UTF-8"?>
<!DOCTYPE html PUBLIC "-//W3C//DTD XHTML 1.0 Transitional//EN"
    "http://www.w3.org/TR/xhtml1/DTD/xhtml1-transitional.dtd">
<html xmlns="http://www.w3.org/1999/xhtml" xml:lang="en" lang="en">
 <head>
  <title>
</title>
<meta http-equiv="Content-Type" content="text/html;charset=utf-8" />
  <meta name='ocr-system' content='tesseract 3.04.00' />
  <meta name='ocr-capabilities' content='ocr_page ocr_carea ocr_par ocr_line ocrx_word'/>
</head>
<body>
  <div class='ocr_page' id='page_1' title='image "./rerumitalicarums71murauoft_0360.png"; bbox 0 0 2398 3470; ppageno 0'>
   <div class='ocr_carea' id='block_1_1' title="bbox 180 191 2264 235">
    <p class='ocr_par' dir='ltr' id='par_1_1' title="bbox 180 191 2264 235">
     <span class='ocr_line' id='line_1_1' title="bbox 180 191 2264 235; baseline 0.001 -11"><span class='ocrx_word' id='word_1_1' title='bbox 180 205 255 228; x_wconf 56' lang='lat' dir='ltr'><strong>Mun„</strong></span> <span class='ocrx_word' id='word_1_2' title='bbox 320 196 492 231; x_wconf 72' lang='lat'><strong>²³⁴·235288</strong></span> <span class='ocrx_word' id='word_1_3' title='bbox 1185 191 1499 230; x_wconf 80' lang='lat' dir='ltr'><strong>CHRONICON</strong></span> <span class='ocrx_word' id='word_1_4' title='bbox 2047 198 2097 235; x_wconf 76' lang='grc' dir='ltr'><strong>[Α.</strong></span> <span class='ocrx_word' id='word_1_5' title='bbox 2117 199 2150 227; x_wconf 87' lang='lat' dir='ltr'><strong>c.</strong></span> <span class='ocrx_word' id='word_1_6' title='bbox 2171 198 2264 235; x_wconf 82' lang='lat'><strong>11⁷7]</strong></span> 
     </span>
    </p>
   </div>
   <div class='ocr_carea' id='block_1_2' title="bbox 238 381 331 405">
    <p class='ocr_par' dir='ltr' id='par_1_2' title="bbox 238 381 331 405">
     <span class='ocr_line' id='line_1_2' title="bbox 238 381 331 405; baseline -0.011 -5"><span class='ocrx_word' id='word_1_7' title='bbox 238 387 256 400; x_wconf 68' lang='lat' dir='ltr'><strong>s.</strong></span> <span class='ocrx_word' id='word_1_8' title='bbox 273 386 311 405; x_wconf 77' lang='lat'><strong>271</strong></span> <span class='ocrx_word' id='word_1_9' title='bbox 319 381 331 399; x_wconf 82' lang='lat' dir='ltr'><em>b</em></span> 
     </span>
    </p>
   </div>
   <div class='ocr_carea' id='block_1_3' title="bbox 242 2088 337 2111">
    <p class='ocr_par' dir='ltr' id='par_1_3' title="bbox 242 2088 337 2111">
     <span class='ocr_line' id='line_1_3' title="bbox 242 2088 337 2111; baseline 0 -4"><span class='ocrx_word' id='word_1_10' title='bbox 242 2094 260 2107; x_wconf 86' lang='lat' dir='ltr'><strong>c.</strong></span> <span class='ocrx_word' id='word_1_11' title='bbox 277 2088 337 2111; x_wconf 66' lang='lat'><em>273⁶</em></span> 
     </span>
    </p>
   </div>
   <div class='ocr_carea' id='block_1_4' title="bbox 307 2293 319 2307">
    <p class='ocr_par' dir='ltr' id='par_1_4' title="bbox 307 2293 319 2307">
     <span class='ocr_line' id='line_1_4' title="bbox 307 2293 319 2307; baseline 0 0"><span class='ocrx_word' id='word_1_12' title='bbox 307 2293 319 2307; x_wconf 95' lang='grc' dir='ltr'><em>Ι</em></span> 
     </span>
    </p>
   </div>
   <div class='ocr_carea' id='block_1_5' title="bbox 413 313 2333 2386">
    <p class='ocr_par' dir='ltr' id='par_1_5' title="bbox 413 313 2264 465">
     <span class='ocr_line' id='line_1_5' title="bbox 413 313 2261 358; baseline 0 -9"><span class='ocrx_word' id='word_1_13' title='bbox 413 327 472 350; x_wconf 90' lang='lat' dir='ltr'><strong>eos</strong></span> <span class='ocrx_word' id='word_1_14' title='bbox 494 322 677 350; x_wconf 89' lang='lat' dir='ltr'><strong>tractatum</strong></span> <span class='ocrx_word' id='word_1_15' title='bbox 700 322 737 348; x_wconf 87' lang='lat' dir='ltr'><strong>et</strong></span> <span class='ocrx_word' id='word_1_16' title='bbox 760 315 963 358; x_wconf 89' lang='lat' dir='ltr'><strong>dispositum</strong></span> <span class='ocrx_word' id='word_1_17' title='bbox 987 320 1072 354; x_wconf 89' lang='lat' dir='ltr'><strong>erat,</strong></span> <span class='ocrx_word' id='word_1_18' title='bbox 1094 320 1129 347; x_wconf 91' lang='lat' dir='ltr'><strong>et</strong></span> <span class='ocrx_word' id='word_1_19' title='bbox 1152 313 1246 357; x_wconf 90' lang='lat' dir='ltr'><strong>quod</strong></span> <span class='ocrx_word' id='word_1_20' title='bbox 1268 324 1332 356; x_wconf 91' lang='lat' dir='ltr'><strong>per</strong></span> <span class='ocrx_word' id='word_1_21' title='bbox 1355 314 1508 357; x_wconf 84' lang='lat' dir='ltr'><strong>singulas</strong></span> <span class='ocrx_word' id='word_1_22' title='bbox 1525 314 1689 348; x_wconf 81' lang='lat' dir='ltr'><strong>ciuitates</strong></span> <span class='ocrx_word' id='word_1_23' title='bbox 1703 316 1866 348; x_wconf 82' lang='lat' dir='ltr'><strong>consules</strong></span> <span class='ocrx_word' id='word_1_24' title='bbox 1879 322 1915 349; x_wconf 88' lang='lat' dir='ltr'><strong>et</strong></span> <span class='ocrx_word' id='word_1_25' title='bbox 1931 316 2065 350; x_wconf 86' lang='lat' dir='ltr'><strong>nobiles</strong></span> <span class='ocrx_word' id='word_1_26' title='bbox 2080 317 2261 351; x_wconf 87' lang='lat' dir='ltr'><strong>ciuitatum</strong></span> 
     </span>
     <span class='ocr_line' id='line_1_6' title="bbox 415 367 2264 413; baseline 0.001 -11"><span class='ocrx_word' id='word_1_27' title='bbox 415 371 453 404; x_wconf 89' lang='lat' dir='ltr'><strong>id</strong></span> <span class='ocrx_word' id='word_1_28' title='bbox 473 370 583 412; x_wconf 90' lang='lat' dir='ltr'><strong>ipsum</strong></span> <span class='ocrx_word' id='word_1_29' title='bbox 605 370 719 401; x_wconf 88' lang='lat' dir='ltr'><strong>iurare</strong></span> <span class='ocrx_word' id='word_1_30' title='bbox 744 368 910 401; x_wconf 79' lang='lat' dir='ltr'><strong>&#39;iacerent</strong></span> <span class='ocrx_word' id='word_1_31' title='bbox 925 367 944 400; x_wconf 87' lang='lat'><strong>⁴.</strong></span> <span class='ocrx_word' id='word_1_32' title='bbox 993 367 1073 407; x_wconf 90' lang='lat' dir='ltr'><strong>Quo</strong></span> <span class='ocrx_word' id='word_1_33' title='bbox 1097 368 1205 407; x_wconf 78' lang='lat' dir='ltr'><strong>facto,</strong></span> <span class='ocrx_word' id='word_1_34' title='bbox 1227 367 1320 399; x_wconf 91' lang='lat' dir='ltr'><strong>illius</strong></span> <span class='ocrx_word' id='word_1_35' title='bbox 1343 367 1416 399; x_wconf 86' lang='lat' dir='ltr'><strong>diei</strong></span> <span class='ocrx_word' id='word_1_36' title='bbox 1441 367 1540 400; x_wconf 83' lang='lat' dir='ltr'><strong>curia</strong></span> <span class='ocrx_word' id='word_1_37' title='bbox 1563 373 1614 400; x_wconf 86' lang='lat' dir='ltr'><strong>est</strong></span> <span class='ocrx_word' id='word_1_38' title='bbox 1636 367 1758 410; x_wconf 85' lang='lat' dir='ltr'><strong>soluta,</strong></span> <span class='ocrx_word' id='word_1_39' title='bbox 1780 374 1815 401; x_wconf 88' lang='lat' dir='ltr'><strong>et</strong></span> <span class='ocrx_word' id='word_1_40' title='bbox 1837 374 1910 401; x_wconf 86' lang='lat' dir='ltr'><strong>tam</strong></span> <span class='ocrx_word' id='word_1_41' title='bbox 1940 370 2128 413; x_wconf 86' lang='lat' dir='ltr'><strong>imperator</strong></span> <span class='ocrx_word' id='word_1_42' title='bbox 2158 380 2264 413; x_wconf 88' lang='lat' dir='ltr'><strong>quam</strong></span> 
     </span>
     <span class='ocr_line' id='line_1_7' title="bbox 413 420 1583 465; baseline -0.001 -11"><span class='ocrx_word' id='word_1_43' title='bbox 413 422 540 465; x_wconf 83' lang='lat' dir='ltr'>reliqui</span> <span class='ocrx_word' id='word_1_44' title='bbox 564 433 641 455; x_wconf 91' lang='lat' dir='ltr'><strong>cum</strong></span> <span class='ocrx_word' id='word_1_45' title='bbox 665 421 792 465; x_wconf 87' lang='lat' dir='ltr'><strong>gaudio</strong></span> <span class='ocrx_word' id='word_1_46' title='bbox 815 427 851 453; x_wconf 92' lang='lat' dir='ltr'><strong>et</strong></span> <span class='ocrx_word' id='word_1_47' title='bbox 874 421 987 454; x_wconf 89' lang='lat' dir='ltr'><strong>letitia</strong></span> <span class='ocrx_word' id='word_1_48' title='bbox 1009 421 1055 453; x_wconf 86' lang='lat' dir='ltr'><strong>ad</strong></span> <span class='ocrx_word' id='word_1_49' title='bbox 1078 431 1140 452; x_wconf 91' lang='lat' dir='ltr'><strong>sua</strong></span> <span class='ocrx_word' id='word_1_50' title='bbox 1162 420 1314 462; x_wconf 86' lang='lat' dir='ltr'><strong>hospitia</strong></span> <span class='ocrx_word' id='word_1_51' title='bbox 1336 426 1415 453; x_wconf 90' lang='lat' dir='ltr'><strong>sunt</strong></span> <span class='ocrx_word' id='word_1_52' title='bbox 1437 420 1583 453; x_wconf 88' lang='lat' dir='ltr'><strong>reuersi.</strong></span> 
     </span>
    </p>

    <p class='ocr_par' dir='ltr' id='par_1_6' title="bbox 413 473 2328 730">
     <span class='ocr_line' id='line_1_8' title="bbox 501 473 2263 516; baseline 0.001 -9"><span class='ocrx_word' id='word_1_53' title='bbox 501 475 638 507; x_wconf 86' lang='lat' dir='ltr'><strong>Interea</strong></span> <span class='ocrx_word' id='word_1_54' title='bbox 661 474 875 507; x_wconf 82' lang='lat' dir='ltr'><strong>Christianus</strong></span> <span class='ocrx_word' id='word_1_55' title='bbox 898 473 1137 512; x_wconf 84' lang='lat' dir='ltr'><strong>cancellarius,</strong></span> <span class='ocrx_word' id='word_1_56' title='bbox 1153 474 1213 516; x_wconf 89' lang='lat' dir='ltr'><strong>qui</strong></span> <span class='ocrx_word' id='word_1_57' title='bbox 1228 483 1294 516; x_wconf 92' lang='lat' dir='ltr'><strong>pro</strong></span> <span class='ocrx_word' id='word_1_58' title='bbox 1311 473 1575 506; x_wconf 89' lang='lat' dir='ltr'><strong>consumatione</strong></span> <span class='ocrx_word' id='word_1_59' title='bbox 1591 474 1690 516; x_wconf 87' lang='lat' dir='ltr'><strong>pacis</strong></span> <span class='ocrx_word' id='word_1_60' title='bbox 1705 474 1890 516; x_wconf 87' lang='lat' dir='ltr'><strong>plurimum</strong></span> <span class='ocrx_word' id='word_1_61' title='bbox 1905 475 2135 516; x_wconf 85' lang='lat' dir='ltr'><strong>laborauerat‚</strong></span> <span class='ocrx_word' id='word_1_62' title='bbox 2157 482 2263 510; x_wconf 78' lang='lat' dir='ltr'><strong>nacta</strong></span> 
     </span>
     <span class='ocr_line' id='line_1_9' title="bbox 413 526 2328 572; baseline 0.001 -11"><span class='ocrx_word' id='word_1_63' title='bbox 413 528 672 571; x_wconf 81' lang='lat' dir='ltr'><strong>opportunitate</strong></span> <span class='ocrx_word' id='word_1_64' title='bbox 695 526 874 569; x_wconf 87' lang='lat' dir='ltr'><strong>temporis,</strong></span> <span class='ocrx_word' id='word_1_65' title='bbox 899 527 993 570; x_wconf 87' lang='lat' dir='ltr'><strong>cepit</strong></span> <span class='ocrx_word' id='word_1_66' title='bbox 1014 537 1078 569; x_wconf 89' lang='lat' dir='ltr'><strong>per</strong></span> <span class='ocrx_word' id='word_1_67' title='bbox 1101 526 1346 568; x_wconf 85' lang='lat' dir='ltr'><strong>imperatorem</strong></span> <span class='ocrx_word' id='word_1_68' title='bbox 1378 532 1413 559; x_wconf 90' lang='lat' dir='ltr'><strong>et</strong></span> <span class='ocrx_word' id='word_1_69' title='bbox 1442 527 1619 569; x_wconf 76' lang='lat' dir='ltr'><strong>principes</strong></span> <span class='ocrx_word' id='word_1_70' title='bbox 1648 537 1728 560; x_wconf 90' lang='lat' dir='ltr'><strong>suos</strong></span> <span class='ocrx_word' id='word_1_71' title='bbox 1758 527 1842 560; x_wconf 82' lang='lat' dir='ltr'><strong>dare</strong></span> <span class='ocrx_word' id='word_1_72' title='bbox 1873 528 2022 562; x_wconf 87' lang='lat' dir='ltr'><strong>studium</strong></span> <span class='ocrx_word' id='word_1_73' title='bbox 2053 535 2089 562; x_wconf 89' lang='lat' dir='ltr'><strong>et</strong></span> <span class='ocrx_word' id='word_1_74' title='bbox 2119 539 2262 572; x_wconf 84' lang='lat' dir='ltr'><strong>operam</strong></span> <span class='ocrx_word' id='word_1_75' title='bbox 2309 529 2328 561; x_wconf 91' lang='grc'><strong>5</strong></span> 
     </span>
     <span class='ocr_line' id='line_1_10' title="bbox 413 579 2263 624; baseline 0.002 -11"><span class='ocrx_word' id='word_1_76' title='bbox 413 581 626 624; x_wconf 84' lang='lat' dir='ltr'><strong>diligentem,</strong></span> <span class='ocrx_word' id='word_1_77' title='bbox 650 587 687 613; x_wconf 89' lang='lat' dir='ltr'><strong>ut</strong></span> <span class='ocrx_word' id='word_1_78' title='bbox 710 591 803 623; x_wconf 88' lang='lat' dir='ltr'><strong>papa</strong></span> <span class='ocrx_word' id='word_1_79' title='bbox 825 580 1029 613; x_wconf 82' lang='lat' dir='ltr'><strong>Alexander</strong></span> <span class='ocrx_word' id='word_1_80' title='bbox 1052 580 1296 624; x_wconf 86' lang='lat' dir='ltr'><strong>Maguntinum</strong></span> <span class='ocrx_word' id='word_1_81' title='bbox 1318 579 1371 612; x_wconf 91' lang='lat' dir='ltr'><strong>illi</strong></span> <span class='ocrx_word' id='word_1_82' title='bbox 1394 580 1734 622; x_wconf 84' lang='lat' dir='ltr'><strong>archiepiscopatum</strong></span> <span class='ocrx_word' id='word_1_83' title='bbox 1750 580 1956 613; x_wconf 85' lang='lat' dir='ltr'><strong>auctoritate</strong></span> <span class='ocrx_word' id='word_1_84' title='bbox 1972 582 2165 624; x_wconf 84' lang='lat' dir='ltr'><strong>apostoliea</strong></span> <span class='ocrx_word' id='word_1_85' title='bbox 2179 592 2263 616; x_wconf 87' lang='lat' dir='ltr'><strong>con-</strong></span> 
     </span>
     <span class='ocr_line' id='line_1_11' title="bbox 414 633 2264 677; baseline 0.002 -11"><span class='ocrx_word' id='word_1_86' title='bbox 414 635 574 668; x_wconf 86' lang='lat' dir='ltr'><strong>firmaret.</strong></span> <span class='ocrx_word' id='word_1_87' title='bbox 622 633 730 672; x_wconf 88' lang='lat' dir='ltr'><strong>Quod</strong></span> <span class='ocrx_word' id='word_1_88' title='bbox 752 634 970 676; x_wconf 80' lang='lat' dir='ltr'><strong>presentiens</strong></span> <span class='ocrx_word' id='word_1_89' title='bbox 994 634 1180 672; x_wconf 87' lang='lat' dir='ltr'><strong>Corradus,</strong></span> <span class='ocrx_word' id='word_1_90' title='bbox 1204 634 1263 676; x_wconf 86' lang='lat' dir='ltr'><strong>qui</strong></span> <span class='ocrx_word' id='word_1_91' title='bbox 1286 634 1320 665; x_wconf 90' lang='lat' dir='ltr'><strong>in</strong></span> <span class='ocrx_word' id='word_1_92' title='bbox 1343 634 1549 677; x_wconf 81' lang='lat' dir='ltr'><strong>Maguntina</strong></span> <span class='ocrx_word' id='word_1_93' title='bbox 1573 634 1721 667; x_wconf 85' lang='lat' dir='ltr'><strong>ecclesia</strong></span> <span class='ocrx_word' id='word_1_94' title='bbox 1743 634 1838 676; x_wconf 90' lang='lat' dir='ltr'><strong>prius</strong></span> <span class='ocrx_word' id='word_1_95' title='bbox 1861 634 1993 667; x_wconf 84' lang='lat' dir='ltr'><strong>electus</strong></span> <span class='ocrx_word' id='word_1_96' title='bbox 2015 641 2051 668; x_wconf 84' lang='lat' dir='ltr'><strong>et</strong></span> <span class='ocrx_word' id='word_1_97' title='bbox 2081 645 2264 669; x_wconf 84' lang='lat' dir='ltr'><strong>consecra-</strong></span> 
     </span>
     <span class='ocr_line' id='line_1_12' title="bbox 414 686 2265 730; baseline 0 -10"><span class='ocrx_word' id='word_1_98' title='bbox 414 694 469 720; x_wconf 86' lang='lat' dir='ltr'><strong>tus</strong></span> <span class='ocrx_word' id='word_1_99' title='bbox 490 688 615 727; x_wconf 80' lang='lat' dir='ltr'><strong>fuerat,</strong></span> <span class='ocrx_word' id='word_1_100' title='bbox 639 687 684 720; x_wconf 87' lang='lat' dir='ltr'><strong>ad</strong></span> <span class='ocrx_word' id='word_1_101' title='bbox 706 698 834 730; x_wconf 89' lang='lat' dir='ltr'><strong>papam</strong></span> <span class='ocrx_word' id='word_1_102' title='bbox 856 687 1032 720; x_wconf 90' lang='lat' dir='ltr'><strong>accedens</strong></span> <span class='ocrx_word' id='word_1_103' title='bbox 1063 687 1133 719; x_wconf 89' lang='lat' dir='ltr'><strong>ait:</strong></span> <span class='ocrx_word' id='word_1_104' title='bbox 1169 687 1184 703; x_wconf 85' lang='lat'><strong>¹‘</strong></span> <span class='ocrx_word' id='word_1_105' title='bbox 1199 686 1309 719; x_wconf 91' lang='lat' dir='ltr'><strong>Nouit</strong></span> <span class='ocrx_word' id='word_1_106' title='bbox 1340 693 1455 720; x_wconf 91' lang='lat' dir='ltr'><strong>uestra</strong></span> <span class='ocrx_word' id='word_1_107' title='bbox 1485 688 1663 725; x_wconf 87' lang='lat' dir='ltr'><strong>sanctitas,</strong></span> <span class='ocrx_word' id='word_1_108' title='bbox 1694 688 1893 720; x_wconf 88' lang='lat' dir='ltr'><strong>uenerande</strong></span> <span class='ocrx_word' id='word_1_109' title='bbox 1925 693 2032 730; x_wconf 85' lang='lat' dir='ltr'><strong>pater,</strong></span> <span class='ocrx_word' id='word_1_110' title='bbox 2061 688 2160 722; x_wconf 77' lang='lat' dir='ltr'><strong>nouit</strong></span> <span class='ocrx_word' id='word_1_111' title='bbox 2188 689 2265 722; x_wconf 89' lang='lat' dir='ltr'><strong>uni-</strong></span> 
     </span>
    </p>

    <p class='ocr_par' dir='ltr' id='par_1_7' title="bbox 418 740 2328 945">
     <span class='ocr_line' id='line_1_13' title="bbox 420 740 2266 786; baseline 0.001 -13"><span class='ocrx_word' id='word_1_112' title='bbox 420 743 434 758; x_wconf 80' lang='lat'>“</span> <span class='ocrx_word' id='word_1_113' title='bbox 445 751 546 773; x_wconf 87' lang='lat' dir='ltr'><strong>uersa</strong></span> <span class='ocrx_word' id='word_1_114' title='bbox 569 742 635 774; x_wconf 91' lang='lat' dir='ltr'><strong>hec</strong></span> <span class='ocrx_word' id='word_1_115' title='bbox 660 742 820 774; x_wconf 86' lang='lat' dir='ltr'><strong>Romana</strong></span> <span class='ocrx_word' id='word_1_116' title='bbox 843 740 1006 779; x_wconf 90' lang='lat' dir='ltr'><strong>ecclesia,</strong></span> <span class='ocrx_word' id='word_1_117' title='bbox 1030 741 1125 783; x_wconf 92' lang='lat' dir='ltr'><strong>quod</strong></span> <span class='ocrx_word' id='word_1_118' title='bbox 1147 750 1212 784; x_wconf 90' lang='lat' dir='ltr'><strong>ego</strong></span> <span class='ocrx_word' id='word_1_119' title='bbox 1235 746 1349 772; x_wconf 87' lang='lat' dir='ltr'><strong>uestre</strong></span> <span class='ocrx_word' id='word_1_120' title='bbox 1364 750 1512 782; x_wconf 88' lang='lat' dir='ltr'><strong>persone</strong></span> <span class='ocrx_word' id='word_1_121' title='bbox 1526 740 1662 778; x_wconf 89' lang='lat' dir='ltr'><strong>intuitu,</strong></span> <span class='ocrx_word' id='word_1_122' title='bbox 1678 740 1918 783; x_wconf 82' lang='lat' dir='ltr'><strong>Magantinam</strong></span> <span class='ocrx_word' id='word_1_123' title='bbox 1934 741 2130 781; x_wconf 86' lang='lat' dir='ltr'><strong>ecclesiam,</strong></span> <span class='ocrx_word' id='word_1_124' title='bbox 2145 742 2182 774; x_wconf 91' lang='lat' dir='ltr'><strong>in</strong></span> <span class='ocrx_word' id='word_1_125' title='bbox 2197 752 2266 786; x_wconf 77' lang='lat' dir='ltr'><strong>qua</strong></span> 
     </span>
     <span class='ocr_line' id='line_1_14' title="bbox 420 793 2328 838; baseline 0 -12"><span class='ocrx_word' id='word_1_126' title='bbox 420 794 614 827; x_wconf 82' lang='lat' dir='ltr'><strong>“canonice</strong></span> <span class='ocrx_word' id='word_1_127' title='bbox 638 795 770 827; x_wconf 88' lang='lat' dir='ltr'><strong>electus</strong></span> <span class='ocrx_word' id='word_1_128' title='bbox 792 794 939 832; x_wconf 79' lang='lat' dir='ltr'><strong>fueram,</strong></span> <span class='ocrx_word' id='word_1_129' title='bbox 962 793 1071 826; x_wconf 91' lang='lat' dir='ltr'><strong>inscio</strong></span> <span class='ocrx_word' id='word_1_130' title='bbox 1094 795 1316 836; x_wconf 85' lang='lat' dir='ltr'><strong>imperatore,</strong></span> <span class='ocrx_word' id='word_1_131' title='bbox 1339 793 1464 837; x_wconf 83' lang='lat' dir='ltr'><strong>reliqui</strong></span> <span class='ocrx_word' id='word_1_132' title='bbox 1489 799 1524 825; x_wconf 93' lang='lat' dir='ltr'><strong>et</strong></span> <span class='ocrx_word' id='word_1_133' title='bbox 1546 794 1716 826; x_wconf 88' lang='lat' dir='ltr'><strong>honorem</strong></span> <span class='ocrx_word' id='word_1_134' title='bbox 1738 804 1864 833; x_wconf 89' lang='lat' dir='ltr'><strong>meum,</strong></span> <span class='ocrx_word' id='word_1_135' title='bbox 1887 800 2050 836; x_wconf 87' lang='lat' dir='ltr'><strong>parentes</strong></span> <span class='ocrx_word' id='word_1_136' title='bbox 2064 800 2101 827; x_wconf 87' lang='lat' dir='ltr'><strong>et</strong></span> <span class='ocrx_word' id='word_1_137' title='bbox 2114 793 2262 838; x_wconf 77' lang='lat' dir='ltr'><strong>patriam</strong></span> <span class='ocrx_word' id='word_1_138' title='bbox 2290 794 2328 826; x_wconf 89' lang='lat'><strong>10</strong></span> 
     </span>
     <span class='ocr_line' id='line_1_15' title="bbox 418 846 2265 890; baseline 0 -10"><span class='ocrx_word' id='word_1_139' title='bbox 418 848 432 863; x_wconf 78' lang='lat'><strong>‘⁶</strong></span> <span class='ocrx_word' id='word_1_140' title='bbox 446 857 510 890; x_wconf 92' lang='lat' dir='ltr'><strong>pro</strong></span> <span class='ocrx_word' id='word_1_141' title='bbox 532 848 597 879; x_wconf 88' lang='lat' dir='ltr'><strong>Dei</strong></span> <span class='ocrx_word' id='word_1_142' title='bbox 624 858 739 880; x_wconf 91' lang='lat' dir='ltr'><strong>amore</strong></span> <span class='ocrx_word' id='word_1_143' title='bbox 762 847 899 881; x_wconf 86' lang='lat' dir='ltr'><strong>deserui</strong></span> <span class='ocrx_word' id='word_1_144' title='bbox 924 852 959 879; x_wconf 92' lang='lat' dir='ltr'><strong>et</strong></span> <span class='ocrx_word' id='word_1_145' title='bbox 981 847 1028 879; x_wconf 90' lang='lat' dir='ltr'><strong>ad</strong></span> <span class='ocrx_word' id='word_1_146' title='bbox 1051 857 1114 879; x_wconf 88' lang='lat' dir='ltr'><strong>uos</strong></span> <span class='ocrx_word' id='word_1_147' title='bbox 1136 846 1174 878; x_wconf 93' lang='lat' dir='ltr'><strong>in</strong></span> <span class='ocrx_word' id='word_1_148' title='bbox 1197 846 1383 879; x_wconf 89' lang='lat' dir='ltr'><strong>Franciam</strong></span> <span class='ocrx_word' id='word_1_149' title='bbox 1406 846 1552 879; x_wconf 78' lang='lat' dir='ltr'><strong>festinus</strong></span> <span class='ocrx_word' id='word_1_150' title='bbox 1575 847 1720 884; x_wconf 84' lang='lat' dir='ltr'><strong>accessi,</strong></span> <span class='ocrx_word' id='word_1_151' title='bbox 1743 846 1886 879; x_wconf 83' lang='lat' dir='ltr'><strong>exilium</strong></span> <span class='ocrx_word' id='word_1_152' title='bbox 1909 847 2021 890; x_wconf 87' lang='lat' dir='ltr'><strong>patrie</strong></span> <span class='ocrx_word' id='word_1_153' title='bbox 2044 847 2205 890; x_wconf 76' lang='lat' dir='ltr'><strong>preposui</strong></span> <span class='ocrx_word' id='word_1_154' title='bbox 2229 853 2265 880; x_wconf 88' lang='lat' dir='ltr'><strong>et</strong></span> 
     </span>
     <span class='ocr_line' id='line_1_16' title="bbox 420 899 2263 945; baseline 0.001 -13"><span class='ocrx_word' id='word_1_155' title='bbox 420 900 484 932; x_wconf 88' lang='lat' dir='ltr'><strong>“in</strong></span> <span class='ocrx_word' id='word_1_156' title='bbox 507 900 645 934; x_wconf 88' lang='lat' dir='ltr'><strong>labores</strong></span> <span class='ocrx_word' id='word_1_157' title='bbox 669 906 701 933; x_wconf 91' lang='lat' dir='ltr'><strong>et</strong></span> <span class='ocrx_word' id='word_1_158' title='bbox 724 901 898 945; x_wconf 85' lang='lat' dir='ltr'><strong>angustias</strong></span> <span class='ocrx_word' id='word_1_159' title='bbox 922 901 1077 943; x_wconf 88' lang='lat' dir='ltr'><strong>quietem</strong></span> <span class='ocrx_word' id='word_1_160' title='bbox 1100 909 1213 932; x_wconf 90' lang='lat' dir='ltr'><strong>meam</strong></span> <span class='ocrx_word' id='word_1_161' title='bbox 1236 905 1271 932; x_wconf 89' lang='lat' dir='ltr'><strong>et</strong></span> <span class='ocrx_word' id='word_1_162' title='bbox 1294 899 1402 932; x_wconf 89' lang='lat' dir='ltr'><strong>otium</strong></span> <span class='ocrx_word' id='word_1_163' title='bbox 1426 901 1648 932; x_wconf 82' lang='lat' dir='ltr'><strong>commutaui.</strong></span> <span class='ocrx_word' id='word_1_164' title='bbox 1695 899 1791 932; x_wconf 87' lang='lat' dir='ltr'><strong>Bene</strong></span> <span class='ocrx_word' id='word_1_165' title='bbox 1807 900 1956 942; x_wconf 89' lang='lat' dir='ltr'><strong>potestis</strong></span> <span class='ocrx_word' id='word_1_166' title='bbox 1971 900 2138 940; x_wconf 83' lang='lat' dir='ltr'><strong>recolere,</strong></span> <span class='ocrx_word' id='word_1_167' title='bbox 2153 910 2263 944; x_wconf 82' lang='lat' dir='ltr'><strong>quan-</strong></span> 
     </span>
    </p>

    <p class='ocr_par' dir='ltr' id='par_1_8' title="bbox 420 953 2265 997">
     <span class='ocr_line' id='line_1_17' title="bbox 420 953 2265 997; baseline 0 -9"><span class='ocrx_word' id='word_1_168' title='bbox 420 956 434 972; x_wconf 82' lang='lat'>“</span> <span class='ocrx_word' id='word_1_169' title='bbox 448 961 520 988; x_wconf 88' lang='lat' dir='ltr'><strong>tum</strong></span> <span class='ocrx_word' id='word_1_170' title='bbox 543 954 715 987; x_wconf 82' lang='lat' dir='ltr'><strong>catholice</strong></span> <span class='ocrx_word' id='word_1_171' title='bbox 741 954 889 988; x_wconf 86' lang='lat' dir='ltr'><strong>ecclesie</strong></span> <span class='ocrx_word' id='word_1_172' title='bbox 914 965 1009 987; x_wconf 90' lang='lat' dir='ltr'><strong>meus</strong></span> <span class='ocrx_word' id='word_1_173' title='bbox 1033 954 1203 986; x_wconf 86' lang='lat' dir='ltr'><strong>aduentus</strong></span> <span class='ocrx_word' id='word_1_174' title='bbox 1226 953 1413 986; x_wconf 87' lang='lat' dir='ltr'><strong>contulerit</strong></span> <span class='ocrx_word' id='word_1_175' title='bbox 1437 959 1472 986; x_wconf 90' lang='lat' dir='ltr'><strong>et</strong></span> <span class='ocrx_word' id='word_1_176' title='bbox 1494 953 1642 997; x_wconf 84' lang='lat' dir='ltr'><strong>qualiter</strong></span> <span class='ocrx_word' id='word_1_177' title='bbox 1664 959 1799 996; x_wconf 89' lang='lat' dir='ltr'><strong>partem</strong></span> <span class='ocrx_word' id='word_1_178' title='bbox 1822 959 1972 986; x_wconf 87' lang='lat' dir='ltr'><strong>uestram</strong></span> <span class='ocrx_word' id='word_1_179' title='bbox 1995 954 2112 988; x_wconf 87' lang='lat' dir='ltr'><strong>adhuc</strong></span> <span class='ocrx_word' id='word_1_180' title='bbox 2141 959 2265 988; x_wconf 74' lang='lat' dir='ltr'><strong>nutan-</strong></span> 
     </span>
    </p>

    <p class='ocr_par' dir='ltr' id='par_1_9' title="bbox 420 1006 2264 1051">
     <span class='ocr_line' id='line_1_18' title="bbox 420 1006 2264 1051; baseline -0.001 -11"><span class='ocrx_word' id='word_1_181' title='bbox 420 1010 434 1025; x_wconf 81' lang='lat'>“</span> <span class='ocrx_word' id='word_1_182' title='bbox 447 1014 517 1040; x_wconf 90' lang='lat' dir='ltr'><strong>tem</strong></span> <span class='ocrx_word' id='word_1_183' title='bbox 541 1015 576 1041; x_wconf 92' lang='lat' dir='ltr'><strong>et</strong></span> <span class='ocrx_word' id='word_1_184' title='bbox 598 1008 750 1041; x_wconf 88' lang='lat' dir='ltr'><strong>debilem</strong></span> <span class='ocrx_word' id='word_1_185' title='bbox 771 1008 956 1050; x_wconf 90' lang='lat' dir='ltr'><strong>plurimum</strong></span> <span class='ocrx_word' id='word_1_186' title='bbox 980 1007 1208 1040; x_wconf 88' lang='lat' dir='ltr'><strong>roborauerit.</strong></span> <span class='ocrx_word' id='word_1_187' title='bbox 1257 1006 1328 1040; x_wconf 89' lang='lat' dir='ltr'><strong>Uos</strong></span> <span class='ocrx_word' id='word_1_188' title='bbox 1351 1013 1466 1039; x_wconf 89' lang='lat' dir='ltr'><strong>autem</strong></span> <span class='ocrx_word' id='word_1_189' title='bbox 1489 1007 1599 1040; x_wconf 90' lang='lat' dir='ltr'><strong>uestri</strong></span> <span class='ocrx_word' id='word_1_190' title='bbox 1622 1007 1733 1049; x_wconf 87' lang='lat' dir='ltr'><strong>gratia</strong></span> <span class='ocrx_word' id='word_1_191' title='bbox 1756 1007 1840 1039; x_wconf 90' lang='lat' dir='ltr'><strong>mihi</strong></span> <span class='ocrx_word' id='word_1_192' title='bbox 1862 1006 1976 1040; x_wconf 90' lang='lat' dir='ltr'><strong>uicem</strong></span> <span class='ocrx_word' id='word_1_193' title='bbox 1993 1017 2184 1051; x_wconf 82' lang='lat' dir='ltr'><strong>congruam</strong></span> <span class='ocrx_word' id='word_1_194' title='bbox 2199 1015 2264 1050; x_wconf 83' lang='lat' dir='ltr'><strong>pro</strong></span> 
     </span>
    </p>

    <p class='ocr_par' dir='ltr' id='par_1_10' title="bbox 417 1060 2331 1158">
     <span class='ocr_line' id='line_1_19' title="bbox 417 1060 2331 1105; baseline -0.001 -11"><span class='ocrx_word' id='word_1_195' title='bbox 417 1062 431 1078; x_wconf 81' lang='lat'>“</span> <span class='ocrx_word' id='word_1_196' title='bbox 445 1068 600 1105; x_wconf 91' lang='lat' dir='ltr'><strong>tempore</strong></span> <span class='ocrx_word' id='word_1_197' title='bbox 624 1062 844 1104; x_wconf 89' lang='lat' dir='ltr'><strong>rependistis,</strong></span> <span class='ocrx_word' id='word_1_198' title='bbox 869 1072 948 1093; x_wconf 91' lang='lat' dir='ltr'><strong>nam</strong></span> <span class='ocrx_word' id='word_1_199' title='bbox 971 1062 1083 1104; x_wconf 91' lang='lat' dir='ltr'><strong>primo</strong></span> <span class='ocrx_word' id='word_1_200' title='bbox 1107 1072 1162 1094; x_wconf 89' lang='lat' dir='ltr'><strong>me</strong></span> <span class='ocrx_word' id='word_1_201' title='bbox 1186 1061 1222 1092; x_wconf 91' lang='lat' dir='ltr'><strong>in</strong></span> <span class='ocrx_word' id='word_1_202' title='bbox 1245 1061 1487 1104; x_wconf 89' lang='lat' dir='ltr'><strong>presbyterum</strong></span> <span class='ocrx_word' id='word_1_203' title='bbox 1510 1060 1736 1100; x_wconf 84' lang='lat' dir='ltr'><strong>cardinalem,</strong></span> <span class='ocrx_word' id='word_1_204' title='bbox 1751 1061 1881 1094; x_wconf 90' lang='lat' dir='ltr'><strong>dehinc</strong></span> <span class='ocrx_word' id='word_1_205' title='bbox 1897 1061 1932 1092; x_wconf 92' lang='lat' dir='ltr'><strong>in</strong></span> <span class='ocrx_word' id='word_1_206' title='bbox 1950 1060 2177 1094; x_wconf 81' lang='lat' dir='ltr'><strong>Sabinensem</strong></span> <span class='ocrx_word' id='word_1_207' title='bbox 2191 1060 2267 1104; x_wconf 84' lang='lat' dir='ltr'><strong>epi—</strong></span> <span class='ocrx_word' id='word_1_208' title='bbox 2293 1060 2331 1093; x_wconf 86' lang='lat'><strong>15</strong></span> 
     </span>
     <span class='ocr_line' id='line_1_20' title="bbox 417 1113 2265 1158; baseline 0 -11"><span class='ocrx_word' id='word_1_209' title='bbox 417 1116 431 1131; x_wconf 78' lang='lat'><strong>‘⁴</strong></span> <span class='ocrx_word' id='word_1_210' title='bbox 446 1125 601 1157; x_wconf 85' lang='lat' dir='ltr'><strong>scopum,</strong></span> <span class='ocrx_word' id='word_1_211' title='bbox 623 1121 799 1158; x_wconf 89' lang='lat' dir='ltr'><strong>postremo</strong></span> <span class='ocrx_word' id='word_1_212' title='bbox 823 1115 857 1147; x_wconf 90' lang='lat' dir='ltr'><strong>in</strong></span> <span class='ocrx_word' id='word_1_213' title='bbox 889 1113 1133 1158; x_wconf 86' lang='lat' dir='ltr'><strong>Maguntinum</strong></span> <span class='ocrx_word' id='word_1_214' title='bbox 1164 1113 1469 1156; x_wconf 88' lang='lat' dir='ltr'><strong>archiepiscopum</strong></span> <span class='ocrx_word' id='word_1_215' title='bbox 1501 1113 1741 1147; x_wconf 88' lang='lat' dir='ltr'><strong>consecrastis.</strong></span> <span class='ocrx_word' id='word_1_216' title='bbox 1787 1114 1892 1147; x_wconf 90' lang='lat' dir='ltr'><strong>Nunc</strong></span> <span class='ocrx_word' id='word_1_217' title='bbox 1922 1119 2049 1152; x_wconf 86' lang='lat' dir='ltr'><strong>autem,</strong></span> <span class='ocrx_word' id='word_1_218' title='bbox 2079 1118 2118 1146; x_wconf 89' lang='lat' dir='ltr'><strong>ut</strong></span> <span class='ocrx_word' id='word_1_219' title='bbox 2148 1113 2265 1151; x_wconf 78' lang='lat' dir='ltr'><strong>audio,</strong></span> 
     </span>
    </p>

    <p class='ocr_par' dir='ltr' id='par_1_11' title="bbox 417 1167 2265 1265">
     <span class='ocr_line' id='line_1_21' title="bbox 417 1167 2264 1210; baseline -0.001 -9"><span class='ocrx_word' id='word_1_220' title='bbox 417 1171 431 1185; x_wconf 78' lang='lat'><strong>¹⁶</strong></span> <span class='ocrx_word' id='word_1_221' title='bbox 448 1168 552 1201; x_wconf 82' lang='lat' dir='ltr'><strong>uultis</strong></span> <span class='ocrx_word' id='word_1_222' title='bbox 574 1167 768 1201; x_wconf 88' lang='lat' dir='ltr'><strong>Christiano</strong></span> <span class='ocrx_word' id='word_1_223' title='bbox 792 1167 1015 1206; x_wconf 84' lang='lat' dir='ltr'><strong>cancellario,</strong></span> <span class='ocrx_word' id='word_1_224' title='bbox 1039 1167 1099 1210; x_wconf 92' lang='lat' dir='ltr'><strong>qui</strong></span> <span class='ocrx_word' id='word_1_225' title='bbox 1122 1167 1365 1210; x_wconf 84' lang='lat' dir='ltr'><strong>Maguntinam</strong></span> <span class='ocrx_word' id='word_1_226' title='bbox 1389 1167 1574 1200; x_wconf 88' lang='lat' dir='ltr'><strong>ecelesiam</strong></span> <span class='ocrx_word' id='word_1_227' title='bbox 1598 1177 1663 1209; x_wconf 87' lang='lat' dir='ltr'><strong>per</strong></span> <span class='ocrx_word' id='word_1_228' title='bbox 1684 1167 1889 1200; x_wconf 90' lang='lat' dir='ltr'><strong>uiolentiam</strong></span> <span class='ocrx_word' id='word_1_229' title='bbox 1913 1167 2098 1206; x_wconf 85' lang='lat' dir='ltr'><strong>inuaserat,</strong></span> <span class='ocrx_word' id='word_1_230' title='bbox 2115 1167 2264 1200; x_wconf 79' lang='lat' dir='ltr'><strong>eandem</strong></span> 
     </span>
     <span class='ocr_line' id='line_1_22' title="bbox 421 1219 2265 1265; baseline 0 -11"><span class='ocrx_word' id='word_1_231' title='bbox 421 1224 618 1255; x_wconf 86' lang='lat' dir='ltr'><strong>“conuerso</strong></span> <span class='ocrx_word' id='word_1_232' title='bbox 641 1221 819 1265; x_wconf 86' lang='lat' dir='ltr'><strong>religionis</strong></span> <span class='ocrx_word' id='word_1_233' title='bbox 842 1221 964 1254; x_wconf 88' lang='lat' dir='ltr'><strong>ordine</strong></span> <span class='ocrx_word' id='word_1_234' title='bbox 988 1221 1200 1253; x_wconf 85' lang='lat' dir='ltr'><strong>confirmare.</strong></span> <span class='ocrx_word' id='word_1_235' title='bbox 1247 1219 1372 1258; x_wconf 89' lang='lat' dir='ltr'><strong>&#39;Quod</strong></span> <span class='ocrx_word' id='word_1_236' title='bbox 1395 1220 1539 1252; x_wconf 90' lang='lat' dir='ltr'><strong>multum</strong></span> <span class='ocrx_word' id='word_1_237' title='bbox 1563 1220 1607 1253; x_wconf 86' lang='lat' dir='ltr'><strong>ab</strong></span> <span class='ocrx_word' id='word_1_238' title='bbox 1632 1221 1786 1263; x_wconf 90' lang='lat' dir='ltr'><strong>equitate</strong></span> <span class='ocrx_word' id='word_1_239' title='bbox 1810 1220 1990 1263; x_wconf 86' lang='lat' dir='ltr'><strong>discrepat</strong></span> <span class='ocrx_word' id='word_1_240' title='bbox 2012 1227 2048 1253; x_wconf 93' lang='lat' dir='ltr'><strong>et</strong></span> <span class='ocrx_word' id='word_1_241' title='bbox 2078 1231 2100 1253; x_wconf 87' lang='lat' dir='ltr'><strong>a</strong></span> <span class='ocrx_word' id='word_1_242' title='bbox 2129 1219 2265 1254; x_wconf 85' lang='lat' dir='ltr'><strong>ratione</strong></span> 
     </span>
    </p>

    <p class='ocr_par' dir='ltr' id='par_1_12' title="bbox 421 1270 2267 1318">
     <span class='ocr_line' id='line_1_23' title="bbox 421 1270 2267 1318; baseline -0.002 -10"><span class='ocrx_word' id='word_1_243' title='bbox 421 1278 435 1293; x_wconf 89' lang='lat'>“</span> <span class='ocrx_word' id='word_1_244' title='bbox 448 1275 633 1314; x_wconf 86' lang='lat' dir='ltr'><strong>discordat,</strong></span> <span class='ocrx_word' id='word_1_245' title='bbox 656 1281 693 1308; x_wconf 92' lang='lat' dir='ltr'><strong>ut</strong></span> <span class='ocrx_word' id='word_1_246' title='bbox 715 1270 928 1307; x_wconf 86' lang='lat' dir='ltr'><strong>scismaticus</strong></span> <span class='ocrx_word' id='word_1_247' title='bbox 945 1273 1118 1306; x_wconf 90' lang='lat' dir='ltr'><strong>catholico</strong></span> <span class='ocrx_word' id='word_1_248' title='bbox 1136 1279 1171 1305; x_wconf 93' lang='lat' dir='ltr'><strong>et</strong></span> <span class='ocrx_word' id='word_1_249' title='bbox 1186 1273 1336 1305; x_wconf 86' lang='lat' dir='ltr'><strong>intrusus</strong></span> <span class='ocrx_word' id='word_1_250' title='bbox 1352 1273 1523 1306; x_wconf 89' lang='lat' dir='ltr'><strong>canonice</strong></span> <span class='ocrx_word' id='word_1_251' title='bbox 1541 1273 1654 1307; x_wconf 87' lang='lat' dir='ltr'><strong>electo</strong></span> <span class='ocrx_word' id='word_1_252' title='bbox 1671 1273 1798 1307; x_wconf 90' lang='lat' dir='ltr'><strong>debeat</strong></span> <span class='ocrx_word' id='word_1_253' title='bbox 1812 1274 1990 1316; x_wconf 86' lang='lat' dir='ltr'><strong>anteponi.</strong></span> <span class='ocrx_word' id='word_1_254' title='bbox 2037 1274 2142 1317; x_wconf 86' lang='lat' dir='ltr'><strong>Rogo</strong></span> <span class='ocrx_word' id='word_1_255' title='bbox 2158 1273 2267 1318; x_wconf 85' lang='lat' dir='ltr'><strong>igitur</strong></span> 
     </span>
    </p>

    <p class='ocr_par' dir='ltr' id='par_1_13' title="bbox 419 1326 2332 1478">
     <span class='ocr_line' id='line_1_24' title="bbox 420 1326 2332 1370; baseline -0.002 -9"><span class='ocrx_word' id='word_1_256' title='bbox 420 1329 434 1344; x_wconf 86' lang='lat'>“</span> <span class='ocrx_word' id='word_1_257' title='bbox 449 1335 483 1362; x_wconf 89' lang='lat' dir='ltr'><strong>et</strong></span> <span class='ocrx_word' id='word_1_258' title='bbox 505 1328 681 1361; x_wconf 91' lang='lat' dir='ltr'><strong>humiliter</strong></span> <span class='ocrx_word' id='word_1_259' title='bbox 704 1327 851 1370; x_wconf 87' lang='lat' dir='ltr'><strong>postulo,</strong></span> <span class='ocrx_word' id='word_1_260' title='bbox 875 1332 912 1358; x_wconf 89' lang='lat' dir='ltr'><strong>ut</strong></span> <span class='ocrx_word' id='word_1_261' title='bbox 936 1331 1120 1368; x_wconf 88' lang='lat' dir='ltr'><strong>postquam</strong></span> <span class='ocrx_word' id='word_1_262' title='bbox 1143 1326 1239 1358; x_wconf 91' lang='lat' dir='ltr'><strong>Deus</strong></span> <span class='ocrx_word' id='word_1_263' title='bbox 1262 1335 1387 1368; x_wconf 83' lang='lat' dir='ltr'><strong>pacem</strong></span> <span class='ocrx_word' id='word_1_264' title='bbox 1412 1326 1562 1359; x_wconf 86' lang='lat' dir='ltr'><strong>ecclesie</strong></span> <span class='ocrx_word' id='word_1_265' title='bbox 1586 1336 1647 1358; x_wconf 89' lang='lat' dir='ltr'><strong>sue</strong></span> <span class='ocrx_word' id='word_1_266' title='bbox 1671 1326 1836 1365; x_wconf 87' lang='lat' dir='ltr'><strong>reddidit,</strong></span> <span class='ocrx_word' id='word_1_267' title='bbox 1859 1326 1942 1358; x_wconf 88' lang='lat' dir='ltr'><strong>mihi</strong></span> <span class='ocrx_word' id='word_1_268' title='bbox 1967 1336 2107 1370; x_wconf 88' lang='lat' dir='ltr'><strong>quoque</strong></span> <span class='ocrx_word' id='word_1_269' title='bbox 2131 1326 2176 1360; x_wconf 90' lang='lat' dir='ltr'><strong>de</strong></span> <span class='ocrx_word' id='word_1_270' title='bbox 2191 1326 2265 1359; x_wconf 86' lang='lat' dir='ltr'><strong>iure</strong></span> <span class='ocrx_word' id='word_1_271' title='bbox 2289 1327 2332 1359; x_wconf 88' lang='lat'><strong>20</strong></span> 
     </span>
     <span class='ocr_line' id='line_1_25' title="bbox 419 1378 2267 1422; baseline -0.002 -7"><span class='ocrx_word' id='word_1_272' title='bbox 419 1385 524 1415; x_wconf 89' lang='lat' dir='ltr'><strong>“mea</strong></span> <span class='ocrx_word' id='word_1_273' title='bbox 546 1382 712 1414; x_wconf 88' lang='lat' dir='ltr'><strong>reddatur</strong></span> <span class='ocrx_word' id='word_1_274' title='bbox 743 1380 904 1418; x_wconf 87' lang='lat' dir='ltr'><strong>ecclesia,</strong></span> <span class='ocrx_word' id='word_1_275' title='bbox 936 1386 973 1412; x_wconf 94' lang='lat' dir='ltr'><strong>ut</strong></span> <span class='ocrx_word' id='word_1_276' title='bbox 1003 1380 1092 1411; x_wconf 90' lang='lat' dir='ltr'><strong>sicut</strong></span> <span class='ocrx_word' id='word_1_277' title='bbox 1126 1378 1179 1411; x_wconf 79' lang='lat' dir='ltr'><strong>fui</strong></span> <span class='ocrx_word' id='word_1_278' title='bbox 1211 1380 1326 1412; x_wconf 87' lang='lat' dir='ltr'><strong>socius</strong></span> <span class='ocrx_word' id='word_1_279' title='bbox 1356 1378 1601 1417; x_wconf 88' lang='lat' dir='ltr'><strong>tribulationis,</strong></span> <span class='ocrx_word' id='word_1_280' title='bbox 1632 1379 1681 1412; x_wconf 87' lang='lat' dir='ltr'><strong>ita</strong></span> <span class='ocrx_word' id='word_1_281' title='bbox 1710 1379 1775 1411; x_wconf 90' lang='lat' dir='ltr'><strong>sim</strong></span> <span class='ocrx_word' id='word_1_282' title='bbox 1808 1380 1985 1422; x_wconf 88' lang='lat' dir='ltr'><strong>particeps</strong></span> <span class='ocrx_word' id='word_1_283' title='bbox 2016 1379 2267 1413; x_wconf 82' lang='lat' dir='ltr'><strong>consolationis</strong></span> 
     </span>
     <span class='ocr_line' id='line_1_26' title="bbox 422 1435 673 1478; baseline -0.004 -10"><span class='ocrx_word' id='word_1_284' title='bbox 422 1437 482 1468; x_wconf 81' lang='lat' dir='ltr'><strong>“et</strong></span> <span class='ocrx_word' id='word_1_285' title='bbox 508 1435 629 1478; x_wconf 89' lang='lat' dir='ltr'><strong>gaudii</strong></span> <span class='ocrx_word' id='word_1_286' title='bbox 643 1458 673 1475; x_wconf 82' lang='lat'><strong>„.</strong></span> 
     </span>
    </p>

    <p class='ocr_par' dir='ltr' id='par_1_14' title="bbox 418 1486 2332 1851">
     <span class='ocr_line' id='line_1_27' title="bbox 504 1486 2266 1531; baseline -0.001 -10"><span class='ocrx_word' id='word_1_287' title='bbox 504 1489 570 1522; x_wconf 91' lang='lat' dir='ltr'><strong>Cui</strong></span> <span class='ocrx_word' id='word_1_288' title='bbox 593 1499 685 1531; x_wconf 89' lang='lat' dir='ltr'><strong>papa</strong></span> <span class='ocrx_word' id='word_1_289' title='bbox 708 1488 790 1520; x_wconf 89' lang='lat' dir='ltr'><strong>satis</strong></span> <span class='ocrx_word' id='word_1_290' title='bbox 812 1487 964 1531; x_wconf 86' lang='lat' dir='ltr'><strong>benigne</strong></span> <span class='ocrx_word' id='word_1_291' title='bbox 988 1486 1186 1529; x_wconf 88' lang='lat' dir='ltr'><strong>respondit:</strong></span> <span class='ocrx_word' id='word_1_292' title='bbox 1215 1488 1229 1503; x_wconf 77' lang='lat'><strong>‘⁶</strong></span> <span class='ocrx_word' id='word_1_293' title='bbox 1243 1486 1475 1519; x_wconf 87' lang='lat' dir='ltr'><strong>Deuotionem</strong></span> <span class='ocrx_word' id='word_1_294' title='bbox 1499 1492 1603 1523; x_wconf 86' lang='lat' dir='ltr'><strong>tuam,</strong></span> <span class='ocrx_word' id='word_1_295' title='bbox 1627 1486 1676 1518; x_wconf 93' lang='lat' dir='ltr'><strong>fili</strong></span> <span class='ocrx_word' id='word_1_296' title='bbox 1700 1486 1886 1526; x_wconf 86' lang='lat' dir='ltr'><strong>carissime,</strong></span> <span class='ocrx_word' id='word_1_297' title='bbox 1910 1497 2013 1530; x_wconf 89' lang='lat' dir='ltr'><strong>quam</strong></span> <span class='ocrx_word' id='word_1_298' title='bbox 2036 1497 2121 1530; x_wconf 83' lang='lat' dir='ltr'><strong>erga</strong></span> <span class='ocrx_word' id='word_1_299' title='bbox 2136 1486 2266 1519; x_wconf 83' lang='lat' dir='ltr'><strong>Roma·</strong></span> 
     </span>
     <span class='ocr_line' id='line_1_28' title="bbox 421 1539 2266 1583; baseline -0.001 -9"><span class='ocrx_word' id='word_1_300' title='bbox 421 1545 526 1574; x_wconf 83' lang='lat' dir='ltr'><strong>“nam</strong></span> <span class='ocrx_word' id='word_1_301' title='bbox 551 1542 735 1575; x_wconf 85' lang='lat' dir='ltr'><strong>ecclesiam</strong></span> <span class='ocrx_word' id='word_1_302' title='bbox 760 1548 794 1573; x_wconf 92' lang='lat' dir='ltr'><strong>et</strong></span> <span class='ocrx_word' id='word_1_303' title='bbox 818 1550 1003 1583; x_wconf 88' lang='lat' dir='ltr'><strong>personam</strong></span> <span class='ocrx_word' id='word_1_304' title='bbox 1027 1546 1180 1572; x_wconf 89' lang='lat' dir='ltr'><strong>nostram</strong></span> <span class='ocrx_word' id='word_1_305' title='bbox 1203 1540 1364 1572; x_wconf 86' lang='lat' dir='ltr'><strong>habuisse</strong></span> <span class='ocrx_word' id='word_1_306' title='bbox 1388 1539 1589 1578; x_wconf 87' lang='lat' dir='ltr'><strong>dinosceris,</strong></span> <span class='ocrx_word' id='word_1_307' title='bbox 1613 1540 1797 1572; x_wconf 80' lang='lat' dir='ltr'><strong>manifeste</strong></span> <span class='ocrx_word' id='word_1_308' title='bbox 1821 1539 2008 1573; x_wconf 89' lang='lat' dir='ltr'><strong>recolimus</strong></span> <span class='ocrx_word' id='word_1_309' title='bbox 2039 1545 2074 1572; x_wconf 91' lang='lat' dir='ltr'><strong>et</strong></span> <span class='ocrx_word' id='word_1_310' title='bbox 2105 1540 2266 1574; x_wconf 83' lang='lat' dir='ltr'><strong>ardorem</strong></span> 
     </span>
     <span class='ocr_line' id='line_1_29' title="bbox 418 1593 2332 1638; baseline -0.002 -10"><span class='ocrx_word' id='word_1_311' title='bbox 418 1597 433 1612; x_wconf 76' lang='lat'><strong>‘⁶</strong></span> <span class='ocrx_word' id='word_1_312' title='bbox 448 1596 530 1629; x_wconf 89' lang='lat' dir='ltr'><strong>fidei</strong></span> <span class='ocrx_word' id='word_1_313' title='bbox 553 1602 610 1628; x_wconf 92' lang='lat' dir='ltr'><strong>tue</strong></span> <span class='ocrx_word' id='word_1_314' title='bbox 633 1595 774 1638; x_wconf 90' lang='lat' dir='ltr'><strong>publice</strong></span> <span class='ocrx_word' id='word_1_315' title='bbox 798 1600 1040 1636; x_wconf 90' lang='lat' dir='ltr'><strong>protestamur.</strong></span> <span class='ocrx_word' id='word_1_316' title='bbox 1086 1593 1237 1627; x_wconf 89' lang='lat' dir='ltr'><strong>Multum</strong></span> <span class='ocrx_word' id='word_1_317' title='bbox 1259 1598 1376 1627; x_wconf 89' lang='lat' dir='ltr'><strong>nostre</strong></span> <span class='ocrx_word' id='word_1_318' title='bbox 1399 1593 1492 1636; x_wconf 90' lang='lat' dir='ltr'><strong>parti</strong></span> <span class='ocrx_word' id='word_1_319' title='bbox 1515 1599 1630 1626; x_wconf 89' lang='lat' dir='ltr'><strong>uester</strong></span> <span class='ocrx_word' id='word_1_320' title='bbox 1654 1594 1824 1626; x_wconf 91' lang='lat' dir='ltr'><strong>aduentus</strong></span> <span class='ocrx_word' id='word_1_321' title='bbox 1848 1593 2004 1632; x_wconf 90' lang='lat' dir='ltr'><strong>contulit,</strong></span> <span class='ocrx_word' id='word_1_322' title='bbox 2029 1593 2173 1627; x_wconf 87' lang='lat' dir='ltr'><strong>multum</strong></span> <span class='ocrx_word' id='word_1_323' title='bbox 2203 1603 2266 1626; x_wconf 88' lang='lat' dir='ltr'><strong>no·</strong></span> <span class='ocrx_word' id='word_1_324' title='bbox 2290 1593 2332 1625; x_wconf 89' lang='lat'><strong>25</strong></span> 
     </span>
     <span class='ocr_line' id='line_1_30' title="bbox 421 1647 2267 1690; baseline -0.001 -8"><span class='ocrx_word' id='word_1_325' title='bbox 421 1652 517 1682; x_wconf 81' lang='lat' dir='ltr'><strong>“stra</strong></span> <span class='ocrx_word' id='word_1_326' title='bbox 541 1649 689 1683; x_wconf 88' lang='lat' dir='ltr'><strong>ecclesia</strong></span> <span class='ocrx_word' id='word_1_327' title='bbox 713 1649 758 1681; x_wconf 90' lang='lat' dir='ltr'><strong>de</strong></span> <span class='ocrx_word' id='word_1_328' title='bbox 781 1654 897 1681; x_wconf 89' lang='lat' dir='ltr'><strong>uestra</strong></span> <span class='ocrx_word' id='word_1_329' title='bbox 919 1648 1088 1680; x_wconf 88' lang='lat' dir='ltr'><strong>societate</strong></span> <span class='ocrx_word' id='word_1_330' title='bbox 1110 1647 1277 1690; x_wconf 82' lang='lat' dir='ltr'><strong>profecit.</strong></span> <span class='ocrx_word' id='word_1_331' title='bbox 1324 1647 1370 1679; x_wconf 92' lang='lat' dir='ltr'><strong>Et</strong></span> <span class='ocrx_word' id='word_1_332' title='bbox 1392 1657 1456 1679; x_wconf 93' lang='lat' dir='ltr'><strong>nos</strong></span> <span class='ocrx_word' id='word_1_333' title='bbox 1479 1647 1630 1689; x_wconf 86' lang='lat' dir='ltr'><strong>quidem,</strong></span> <span class='ocrx_word' id='word_1_334' title='bbox 1653 1647 1730 1680; x_wconf 90' lang='lat' dir='ltr'><strong>Deo</strong></span> <span class='ocrx_word' id='word_1_335' title='bbox 1761 1653 1862 1686; x_wconf 88' lang='lat' dir='ltr'><strong>teste,</strong></span> <span class='ocrx_word' id='word_1_336' title='bbox 1885 1657 1948 1689; x_wconf 91' lang='lat' dir='ltr'><strong>pro</strong></span> <span class='ocrx_word' id='word_1_337' title='bbox 1978 1647 2127 1680; x_wconf 88' lang='lat' dir='ltr'><strong>utilitate</strong></span> <span class='ocrx_word' id='word_1_338' title='bbox 2150 1652 2267 1680; x_wconf 80' lang='lat' dir='ltr'><strong>uestra</strong></span> 
     </span>
     <span class='ocr_line' id='line_1_31' title="bbox 422 1699 2266 1743; baseline -0.001 -8"><span class='ocrx_word' id='word_1_339' title='bbox 422 1705 563 1735; x_wconf 83' lang='lat' dir='ltr'><strong>“sumus</strong></span> <span class='ocrx_word' id='word_1_340' title='bbox 586 1702 690 1735; x_wconf 87' lang='lat' dir='ltr'><strong>ualde</strong></span> <span class='ocrx_word' id='word_1_341' title='bbox 713 1701 863 1739; x_wconf 88' lang='lat' dir='ltr'><strong>solliciti,</strong></span> <span class='ocrx_word' id='word_1_342' title='bbox 888 1707 924 1734; x_wconf 92' lang='lat' dir='ltr'><strong>et</strong></span> <span class='ocrx_word' id='word_1_343' title='bbox 946 1701 1066 1733; x_wconf 78' lang='lat' dir='ltr'><strong>facere</strong></span> <span class='ocrx_word' id='word_1_344' title='bbox 1090 1710 1159 1743; x_wconf 89' lang='lat' dir='ltr'><strong>que</strong></span> <span class='ocrx_word' id='word_1_345' title='bbox 1182 1700 1283 1733; x_wconf 91' lang='lat' dir='ltr'><strong>uobis</strong></span> <span class='ocrx_word' id='word_1_346' title='bbox 1305 1700 1506 1742; x_wconf 83' lang='lat' dir='ltr'><strong>expediant,</strong></span> <span class='ocrx_word' id='word_1_347' title='bbox 1530 1705 1689 1733; x_wconf 89' lang='lat' dir='ltr'><strong>tenemur</strong></span> <span class='ocrx_word' id='word_1_348' title='bbox 1713 1700 1863 1733; x_wconf 87' lang='lat' dir='ltr'><strong>obnoxii.</strong></span> <span class='ocrx_word' id='word_1_349' title='bbox 1910 1699 2083 1733; x_wconf 89' lang='lat' dir='ltr'><strong>Nolumus</strong></span> <span class='ocrx_word' id='word_1_350' title='bbox 2097 1700 2266 1733; x_wconf 85' lang='lat' dir='ltr'><strong>honorem</strong></span> 
     </span>
     <span class='ocr_line' id='line_1_32' title="bbox 422 1753 2268 1797; baseline -0.001 -8"><span class='ocrx_word' id='word_1_351' title='bbox 422 1759 436 1775; x_wconf 80' lang='lat'>“</span> <span class='ocrx_word' id='word_1_352' title='bbox 449 1762 601 1789; x_wconf 88' lang='lat' dir='ltr'><strong>uestrum</strong></span> <span class='ocrx_word' id='word_1_353' title='bbox 624 1756 780 1788; x_wconf 90' lang='lat' dir='ltr'><strong>minuere</strong></span> <span class='ocrx_word' id='word_1_354' title='bbox 802 1761 856 1788; x_wconf 90' lang='lat' dir='ltr'><strong>set</strong></span> <span class='ocrx_word' id='word_1_355' title='bbox 879 1764 1021 1797; x_wconf 84' lang='lat' dir='ltr'><strong>augere,</strong></span> <span class='ocrx_word' id='word_1_356' title='bbox 1044 1754 1203 1787; x_wconf 90' lang='lat' dir='ltr'><strong>nolumus</strong></span> <span class='ocrx_word' id='word_1_357' title='bbox 1226 1754 1325 1787; x_wconf 91' lang='lat' dir='ltr'><strong>uobis</strong></span> <span class='ocrx_word' id='word_1_358' title='bbox 1347 1753 1480 1786; x_wconf 80' lang='lat' dir='ltr'><strong>inferre</strong></span> <span class='ocrx_word' id='word_1_359' title='bbox 1504 1753 1665 1786; x_wconf 85' lang='lat' dir='ltr'><strong>iniuriam</strong></span> <span class='ocrx_word' id='word_1_360' title='bbox 1688 1754 1751 1787; x_wconf 90' lang='lat' dir='ltr'><strong>sed</strong></span> <span class='ocrx_word' id='word_1_361' title='bbox 1773 1753 1922 1797; x_wconf 86' lang='lat' dir='ltr'><strong>gloriam</strong></span> <span class='ocrx_word' id='word_1_362' title='bbox 1939 1754 2140 1787; x_wconf 82' lang='lat' dir='ltr'><strong>ministrare.</strong></span> <span class='ocrx_word' id='word_1_363' title='bbox 2186 1753 2268 1787; x_wconf 86' lang='lat' dir='ltr'><strong>Non</strong></span> 
     </span>
     <span class='ocr_line' id='line_1_33' title="bbox 423 1806 2267 1851; baseline -0.002 -8"><span class='ocrx_word' id='word_1_364' title='bbox 423 1810 556 1843; x_wconf 81' lang='lat' dir='ltr'><strong>“debet</strong></span> <span class='ocrx_word' id='word_1_365' title='bbox 579 1815 693 1842; x_wconf 90' lang='lat' dir='ltr'><strong>autem</strong></span> <span class='ocrx_word' id='word_1_366' title='bbox 715 1819 736 1841; x_wconf 90' lang='lat' dir='ltr'><strong>a</strong></span> <span class='ocrx_word' id='word_1_367' title='bbox 759 1814 875 1841; x_wconf 87' lang='lat' dir='ltr'><strong>uestra</strong></span> <span class='ocrx_word' id='word_1_368' title='bbox 897 1808 1063 1840; x_wconf 89' lang='lat' dir='ltr'><strong>memoria</strong></span> <span class='ocrx_word' id='word_1_369' title='bbox 1087 1807 1258 1840; x_wconf 85' lang='lat' dir='ltr'><strong>excidisse</strong></span> <span class='ocrx_word' id='word_1_370' title='bbox 1282 1808 1377 1851; x_wconf 92' lang='lat' dir='ltr'><strong>quod</strong></span> <span class='ocrx_word' id='word_1_371' title='bbox 1399 1817 1484 1849; x_wconf 90' lang='lat' dir='ltr'><strong>sepe</strong></span> <span class='ocrx_word' id='word_1_372' title='bbox 1507 1807 1609 1840; x_wconf 89' lang='lat' dir='ltr'><strong>nobis</strong></span> <span class='ocrx_word' id='word_1_373' title='bbox 1633 1812 1667 1839; x_wconf 94' lang='lat' dir='ltr'><strong>et</strong></span> <span class='ocrx_word' id='word_1_374' title='bbox 1690 1806 1820 1839; x_wconf 88' lang='lat' dir='ltr'><strong>nuntiis</strong></span> <span class='ocrx_word' id='word_1_375' title='bbox 1843 1813 1877 1840; x_wconf 90' lang='lat' dir='ltr'><strong>et</strong></span> <span class='ocrx_word' id='word_1_376' title='bbox 1900 1806 2007 1839; x_wconf 88' lang='lat' dir='ltr'><strong>literis</strong></span> <span class='ocrx_word' id='word_1_377' title='bbox 2032 1806 2267 1850; x_wconf 77' lang='lat' dir='ltr'><strong>significastis,</strong></span> 
     </span>
    </p>

    <p class='ocr_par' dir='ltr' id='par_1_15' title="bbox 421 1858 2333 2225">
     <span class='ocr_line' id='line_1_34' title="bbox 421 1858 2333 1907; baseline -0.002 -11"><span class='ocrx_word' id='word_1_378' title='bbox 421 1866 436 1881; x_wconf 86' lang='lat'>“</span> <span class='ocrx_word' id='word_1_379' title='bbox 450 1863 543 1907; x_wconf 90' lang='lat' dir='ltr'><strong>quod</strong></span> <span class='ocrx_word' id='word_1_380' title='bbox 566 1863 595 1896; x_wconf 91' lang='lat' dir='ltr'><strong>si</strong></span> <span class='ocrx_word' id='word_1_381' title='bbox 616 1864 710 1895; x_wconf 91' lang='lat' dir='ltr'><strong>inter</strong></span> <span class='ocrx_word' id='word_1_382' title='bbox 733 1861 918 1895; x_wconf 88' lang='lat' dir='ltr'><strong>ecclesiam</strong></span> <span class='ocrx_word' id='word_1_383' title='bbox 940 1867 976 1894; x_wconf 86' lang='lat' dir='ltr'><strong>et</strong></span> <span class='ocrx_word' id='word_1_384' title='bbox 998 1861 1182 1903; x_wconf 89' lang='lat' dir='ltr'><strong>imperium</strong></span> <span class='ocrx_word' id='word_1_385' title='bbox 1205 1871 1275 1903; x_wconf 85' lang='lat' dir='ltr'><strong>pax</strong></span> <span class='ocrx_word' id='word_1_386' title='bbox 1298 1871 1370 1893; x_wconf 90' lang='lat' dir='ltr'><strong>non</strong></span> <span class='ocrx_word' id='word_1_387' title='bbox 1393 1866 1511 1902; x_wconf 89' lang='lat' dir='ltr'><strong>posset</strong></span> <span class='ocrx_word' id='word_1_388' title='bbox 1533 1860 1636 1893; x_wconf 86' lang='lat' dir='ltr'><strong>aliter</strong></span> <span class='ocrx_word' id='word_1_389' title='bbox 1658 1860 1744 1900; x_wconf 90' lang='lat' dir='ltr'><strong>fieri,</strong></span> <span class='ocrx_word' id='word_1_390' title='bbox 1768 1860 1834 1893; x_wconf 91' lang='lat' dir='ltr'><strong>nisi</strong></span> <span class='ocrx_word' id='word_1_391' title='bbox 1858 1858 2066 1905; x_wconf 85' lang='lat' dir='ltr'><strong>Maguntiuo</strong></span> <span class='ocrx_word' id='word_1_392' title='bbox 2097 1859 2269 1903; x_wconf 88' lang='lat' dir='ltr'><strong>archiepi-</strong></span> <span class='ocrx_word' id='word_1_393' title='bbox 2290 1861 2333 1892; x_wconf 87' lang='grc'><strong>30</strong></span> 
     </span>
     <span class='ocr_line' id='line_1_35' title="bbox 424 1913 2267 1959; baseline -0.002 -9"><span class='ocrx_word' id='word_1_394' title='bbox 424 1919 438 1935; x_wconf 79' lang='lat'><strong>⁴⁴</strong></span> <span class='ocrx_word' id='word_1_395' title='bbox 451 1923 597 1959; x_wconf 87' lang='lat' dir='ltr'><strong>scopatu</strong></span> <span class='ocrx_word' id='word_1_396' title='bbox 618 1928 640 1948; x_wconf 87' lang='lat' dir='ltr'><strong>a</strong></span> <span class='ocrx_word' id='word_1_397' title='bbox 661 1915 759 1949; x_wconf 92' lang='lat' dir='ltr'><strong>uobis</strong></span> <span class='ocrx_word' id='word_1_398' title='bbox 780 1915 938 1953; x_wconf 90' lang='lat' dir='ltr'><strong>remisso,</strong></span> <span class='ocrx_word' id='word_1_399' title='bbox 962 1914 1044 1948; x_wconf 92' lang='lat' dir='ltr'><strong>licet</strong></span> <span class='ocrx_word' id='word_1_400' title='bbox 1066 1915 1135 1947; x_wconf 92' lang='lat' dir='ltr'><strong>hoc</strong></span> <span class='ocrx_word' id='word_1_401' title='bbox 1159 1913 1259 1947; x_wconf 92' lang='lat' dir='ltr'><strong>uobis</strong></span> <span class='ocrx_word' id='word_1_402' title='bbox 1282 1924 1390 1957; x_wconf 86' lang='lat' dir='ltr'><strong>graue</strong></span> <span class='ocrx_word' id='word_1_403' title='bbox 1414 1914 1583 1947; x_wconf 88' lang='lat' dir='ltr'><strong>resideret</strong></span> <span class='ocrx_word' id='word_1_404' title='bbox 1604 1914 1788 1956; x_wconf 92' lang='lat' dir='ltr'><strong>plurimum</strong></span> <span class='ocrx_word' id='word_1_405' title='bbox 1813 1919 1847 1946; x_wconf 89' lang='lat' dir='ltr'><strong>et</strong></span> <span class='ocrx_word' id='word_1_406' title='bbox 1861 1914 2056 1953; x_wconf 85' lang='lat' dir='ltr'><strong>molestum,</strong></span> <span class='ocrx_word' id='word_1_407' title='bbox 2072 1919 2188 1947; x_wconf 83' lang='lat' dir='ltr'><strong>tamen</strong></span> <span class='ocrx_word' id='word_1_408' title='bbox 2202 1923 2267 1957; x_wconf 85' lang='lat' dir='ltr'><strong>pro</strong></span> 
     </span>
     <span class='ocr_line' id='line_1_36' title="bbox 423 1967 2268 2012; baseline -0.002 -9"><span class='ocrx_word' id='word_1_409' title='bbox 423 1972 437 1988; x_wconf 77' lang='lat'><strong>‘⁴</strong></span> <span class='ocrx_word' id='word_1_410' title='bbox 450 1970 542 2003; x_wconf 93' lang='lat' dir='ltr'><strong>bono</strong></span> <span class='ocrx_word' id='word_1_411' title='bbox 564 1970 661 2012; x_wconf 82' lang='lat' dir='ltr'><strong>pacis</strong></span> <span class='ocrx_word' id='word_1_412' title='bbox 683 1970 775 2001; x_wconf 88' lang='lat' dir='ltr'><strong>hanc</strong></span> <span class='ocrx_word' id='word_1_413' title='bbox 798 1967 964 2000; x_wconf 88' lang='lat' dir='ltr'><strong>iacturam</strong></span> <span class='ocrx_word' id='word_1_414' title='bbox 988 1967 1218 2010; x_wconf 87' lang='lat' dir='ltr'><strong>equanimiter</strong></span> <span class='ocrx_word' id='word_1_415' title='bbox 1234 1967 1470 2010; x_wconf 86' lang='lat' dir='ltr'><strong>patiebamini,</strong></span> <span class='ocrx_word' id='word_1_416' title='bbox 1486 1967 1645 2000; x_wconf 85' lang='lat' dir='ltr'><strong>uolentes</strong></span> <span class='ocrx_word' id='word_1_417' title='bbox 1660 1967 1828 2000; x_wconf 90' lang='lat' dir='ltr'><strong>honorem</strong></span> <span class='ocrx_word' id='word_1_418' title='bbox 1847 1967 1995 2000; x_wconf 86' lang='lat' dir='ltr'><strong>ecclesie</strong></span> <span class='ocrx_word' id='word_1_419' title='bbox 2009 1967 2135 2000; x_wconf 92' lang='lat' dir='ltr'><strong>honori</strong></span> <span class='ocrx_word' id='word_1_420' title='bbox 2149 1971 2268 2000; x_wconf 79' lang='lat' dir='ltr'><strong>uestro</strong></span> 
     </span>
     <span class='ocr_line' id='line_1_37' title="bbox 422 2017 2268 2064; baseline -0.002 -9"><span class='ocrx_word' id='word_1_421' title='bbox 422 2024 437 2040; x_wconf 72' lang='lat'><strong>‘⁴</strong></span> <span class='ocrx_word' id='word_1_422' title='bbox 452 2030 489 2056; x_wconf 91' lang='lat' dir='ltr'><strong>et</strong></span> <span class='ocrx_word' id='word_1_423' title='bbox 508 2017 608 2056; x_wconf 64' lang='lat' dir='ltr'><strong>illius&gt;</strong></span> <span class='ocrx_word' id='word_1_424' title='bbox 623 2022 842 2055; x_wconf 89' lang='lat' dir='ltr'><strong>commodum</strong></span> <span class='ocrx_word' id='word_1_425' title='bbox 866 2020 993 2053; x_wconf 89' lang='lat' dir='ltr'><strong>uestris</strong></span> <span class='ocrx_word' id='word_1_426' title='bbox 1008 2020 1213 2054; x_wconf 88' lang='lat' dir='ltr'><strong>utilitatibus</strong></span> <span class='ocrx_word' id='word_1_427' title='bbox 1229 2027 1454 2064; x_wconf 89' lang='lat' dir='ltr'><strong>anteponere.</strong></span> <span class='ocrx_word' id='word_1_428' title='bbox 1500 2020 1546 2052; x_wconf 92' lang='lat' dir='ltr'><strong>Et</strong></span> <span class='ocrx_word' id='word_1_429' title='bbox 1562 2030 1646 2053; x_wconf 92' lang='lat' dir='ltr'><strong>ecce</strong></span> <span class='ocrx_word' id='word_1_430' title='bbox 1662 2021 1851 2063; x_wconf 89' lang='lat' dir='ltr'><strong>imperator</strong></span> <span class='ocrx_word' id='word_1_431' title='bbox 1870 2030 1948 2053; x_wconf 91' lang='lat' dir='ltr'><strong>cum</strong></span> <span class='ocrx_word' id='word_1_432' title='bbox 1963 2030 2090 2064; x_wconf 87' lang='lat' dir='ltr'><strong>magna</strong></span> <span class='ocrx_word' id='word_1_433' title='bbox 2104 2020 2268 2054; x_wconf 85' lang='lat' dir='ltr'><strong>instantia</strong></span> 
     </span>
     <span class='ocr_line' id='line_1_38' title="bbox 422 2073 2264 2119; baseline -0.001 -10"><span class='ocrx_word' id='word_1_434' title='bbox 422 2077 437 2093; x_wconf 75' lang='lat'><strong>‘⁴</strong></span> <span class='ocrx_word' id='word_1_435' title='bbox 452 2081 637 2114; x_wconf 88' lang='lat' dir='ltr'><strong>asseuerat,</strong></span> <span class='ocrx_word' id='word_1_436' title='bbox 655 2075 756 2119; x_wconf 77' lang='lat' dir='ltr'><strong>‚quod</strong></span> <span class='ocrx_word' id='word_1_437' title='bbox 778 2074 980 2107; x_wconf 87' lang='lat' dir='ltr'><strong>&#39;nullatenus</strong></span> <span class='ocrx_word' id='word_1_438' title='bbox 1001 2075 1037 2106; x_wconf 91' lang='lat' dir='ltr'><strong>in</strong></span> <span class='ocrx_word' id='word_1_439' title='bbox 1061 2084 1150 2116; x_wconf 85' lang='lat' dir='ltr'><strong>pace</strong></span> <span class='ocrx_word' id='word_1_440' title='bbox 1175 2074 1324 2107; x_wconf 89' lang='lat' dir='ltr'><strong>ecclesie</strong></span> <span class='ocrx_word' id='word_1_441' title='bbox 1347 2074 1550 2113; x_wconf 90' lang='lat' dir='ltr'><strong>remanebit,</strong></span> <span class='ocrx_word' id='word_1_442' title='bbox 1574 2074 1603 2106; x_wconf 92' lang='lat' dir='ltr'><strong>si</strong></span> <span class='ocrx_word' id='word_1_443' title='bbox 1635 2073 1849 2107; x_wconf 87' lang='lat' dir='ltr'><strong>Christianus</strong></span> <span class='ocrx_word' id='word_1_444' title='bbox 1880 2073 2108 2106; x_wconf 88' lang='lat' dir='ltr'><strong>cancellarius</strong></span> <span class='ocrx_word' id='word_1_445' title='bbox 2137 2083 2159 2106; x_wconf 87' lang='lat' dir='ltr'><strong>a</strong></span> <span class='ocrx_word' id='word_1_446' title='bbox 2187 2073 2264 2107; x_wconf 78' lang='lat' dir='ltr'><strong>Ma-</strong></span> 
     </span>
     <span class='ocr_line' id='line_1_39' title="bbox 424 2126 2332 2174; baseline -0.002 -12"><span class='ocrx_word' id='word_1_447' title='bbox 424 2132 438 2148; x_wconf 84' lang='lat'>“</span> <span class='ocrx_word' id='word_1_448' title='bbox 450 2130 595 2174; x_wconf 86' lang='lat' dir='ltr'><strong>guntine</strong></span> <span class='ocrx_word' id='word_1_449' title='bbox 617 2129 710 2161; x_wconf 87' lang='lat' dir='ltr'><strong>sedis</strong></span> <span class='ocrx_word' id='word_1_450' title='bbox 732 2128 838 2161; x_wconf 81' lang='lat' dir='ltr'><strong>fuerit</strong></span> <span class='ocrx_word' id='word_1_451' title='bbox 860 2127 1052 2171; x_wconf 87' lang='lat' dir='ltr'><strong>prelatione</strong></span> <span class='ocrx_word' id='word_1_452' title='bbox 1078 2127 1245 2160; x_wconf 89' lang='lat' dir='ltr'><strong>deiectus.</strong></span> <span class='ocrx_word' id='word_1_453' title='bbox 1291 2127 1365 2160; x_wconf 90' lang='lat' dir='ltr'><strong>Nos</strong></span> <span class='ocrx_word' id='word_1_454' title='bbox 1387 2134 1503 2160; x_wconf 91' lang='lat' dir='ltr'><strong>autem</strong></span> <span class='ocrx_word' id='word_1_455' title='bbox 1526 2126 1657 2170; x_wconf 88' lang='lat' dir='ltr'><strong>absque</strong></span> <span class='ocrx_word' id='word_1_456' title='bbox 1681 2133 1796 2160; x_wconf 86' lang='lat' dir='ltr'><strong>uestra</strong></span> <span class='ocrx_word' id='word_1_457' title='bbox 1818 2127 1940 2160; x_wconf 87' lang='lat' dir='ltr'><strong>notitia</strong></span> <span class='ocrx_word' id='word_1_458' title='bbox 1962 2127 2091 2159; x_wconf 90' lang='lat' dir='ltr'><strong>nullum</strong></span> <span class='ocrx_word' id='word_1_459' title='bbox 2114 2137 2175 2160; x_wconf 89' lang='lat' dir='ltr'><strong>sue</strong></span> <span class='ocrx_word' id='word_1_460' title='bbox 2204 2137 2268 2170; x_wconf 84' lang='lat' dir='ltr'><strong>pe·</strong></span> <span class='ocrx_word' id='word_1_461' title='bbox 2291 2126 2332 2160; x_wconf 87' lang='grc'><strong>35</strong></span> 
     </span>
     <span class='ocr_line' id='line_1_40' title="bbox 425 2179 2268 2225; baseline -0.002 -9"><span class='ocrx_word' id='word_1_462' title='bbox 425 2186 439 2201; x_wconf 80' lang='lat'>“</span> <span class='ocrx_word' id='word_1_463' title='bbox 452 2183 564 2216; x_wconf 89' lang='lat' dir='ltr'><strong>titioni</strong></span> <span class='ocrx_word' id='word_1_464' title='bbox 583 2182 697 2215; x_wconf 88' lang='lat' dir='ltr'><strong>adhuc</strong></span> <span class='ocrx_word' id='word_1_465' title='bbox 709 2181 881 2214; x_wconf 84' lang='lat' dir='ltr'><strong>noluimus</strong></span> <span class='ocrx_word' id='word_1_466' title='bbox 898 2181 982 2213; x_wconf 86' lang='lat' dir='ltr'><strong>dare</strong></span> <span class='ocrx_word' id='word_1_467' title='bbox 996 2191 1211 2219; x_wconf 89' lang='lat' dir='ltr'><strong>consensum,</strong></span> <span class='ocrx_word' id='word_1_468' title='bbox 1224 2190 1301 2219; x_wconf 91' lang='lat' dir='ltr'><strong>nec,</strong></span> <span class='ocrx_word' id='word_1_469' title='bbox 1314 2181 1416 2214; x_wconf 89' lang='lat' dir='ltr'><strong>uobis</strong></span> <span class='ocrx_word' id='word_1_470' title='bbox 1430 2180 1682 2225; x_wconf 86' lang='lat' dir='ltr'><strong>ignorantibus,</strong></span> <span class='ocrx_word' id='word_1_471' title='bbox 1699 2180 1840 2223; x_wconf 90' lang='lat' dir='ltr'><strong>aliquod</strong></span> <span class='ocrx_word' id='word_1_472' title='bbox 1855 2179 2003 2222; x_wconf 88' lang='lat' dir='ltr'><strong>prebere</strong></span> <span class='ocrx_word' id='word_1_473' title='bbox 2020 2190 2223 2223; x_wconf 86' lang='lat' dir='ltr'><strong>responsum</strong></span> <span class='ocrx_word' id='word_1_474' title='bbox 2238 2204 2268 2224; x_wconf 79' lang='lat'><strong>„.</strong></span> 
     </span>
    </p>

    <p class='ocr_par' dir='ltr' id='par_1_16' title="bbox 418 2233 2270 2386">
     <span class='ocr_line' id='line_1_41' title="bbox 506 2233 2267 2277; baseline -0.002 -8"><span class='ocrx_word' id='word_1_475' title='bbox 506 2237 609 2269; x_wconf 91' lang='lat' dir='ltr'><strong>Tunc</strong></span> <span class='ocrx_word' id='word_1_476' title='bbox 633 2234 809 2268; x_wconf 87' lang='lat' dir='ltr'><strong>Corradus</strong></span> <span class='ocrx_word' id='word_1_477' title='bbox 832 2234 1015 2277; x_wconf 89' lang='lat' dir='ltr'><strong>benignam</strong></span> <span class='ocrx_word' id='word_1_478' title='bbox 1041 2233 1224 2276; x_wconf 89' lang='lat' dir='ltr'><strong>apostolici</strong></span> <span class='ocrx_word' id='word_1_479' title='bbox 1247 2234 1508 2277; x_wconf 87' lang='lat' dir='ltr'><strong>responsionem</strong></span> <span class='ocrx_word' id='word_1_480' title='bbox 1537 2234 1774 2273; x_wconf 84' lang='lat' dir='ltr'><strong>considerans,</strong></span> <span class='ocrx_word' id='word_1_481' title='bbox 1798 2239 1832 2266; x_wconf 91' lang='lat' dir='ltr'><strong>et</strong></span> <span class='ocrx_word' id='word_1_482' title='bbox 1862 2233 2076 2266; x_wconf 81' lang='lat' dir='ltr'><strong>uoluntatem</strong></span> <span class='ocrx_word' id='word_1_483' title='bbox 2107 2234 2181 2266; x_wconf 89' lang='lat' dir='ltr'><strong>eius</strong></span> <span class='ocrx_word' id='word_1_484' title='bbox 2211 2243 2267 2266; x_wconf 87' lang='lat' dir='ltr'><strong>ra-</strong></span> 
     </span>
     <span class='ocr_line' id='line_1_42' title="bbox 418 2286 2270 2330; baseline -0.002 -7"><span class='ocrx_word' id='word_1_485' title='bbox 418 2291 504 2323; x_wconf 90' lang='lat' dir='ltr'><strong>tioni</strong></span> <span class='ocrx_word' id='word_1_486' title='bbox 528 2294 797 2322; x_wconf 83' lang='lat' dir='ltr'><strong>consentaneam</strong></span> <span class='ocrx_word' id='word_1_487' title='bbox 820 2297 894 2319; x_wconf 87' lang='lat' dir='ltr'><strong>esse</strong></span> <span class='ocrx_word' id='word_1_488' title='bbox 919 2296 1144 2330; x_wconf 87' lang='lat' dir='ltr'><strong>cognoscens,</strong></span> <span class='ocrx_word' id='word_1_489' title='bbox 1169 2287 1386 2320; x_wconf 90' lang='lat' dir='ltr'><strong>consultandi</strong></span> <span class='ocrx_word' id='word_1_490' title='bbox 1409 2298 1514 2330; x_wconf 90' lang='lat' dir='ltr'><strong>super</strong></span> <span class='ocrx_word' id='word_1_491' title='bbox 1534 2288 1605 2320; x_wconf 89' lang='lat' dir='ltr'><strong>hoc</strong></span> <span class='ocrx_word' id='word_1_492' title='bbox 1628 2297 1706 2319; x_wconf 89' lang='lat' dir='ltr'><strong>cum</strong></span> <span class='ocrx_word' id='word_1_493' title='bbox 1729 2287 1850 2319; x_wconf 87' lang='lat' dir='ltr'><strong>amicis</strong></span> <span class='ocrx_word' id='word_1_494' title='bbox 1873 2287 1942 2319; x_wconf 90' lang='lat' dir='ltr'><strong>suis</strong></span> <span class='ocrx_word' id='word_1_495' title='bbox 1964 2298 1985 2319; x_wconf 83' lang='lat' dir='ltr'><strong>a</strong></span> <span class='ocrx_word' id='word_1_496' title='bbox 2006 2297 2099 2330; x_wconf 89' lang='lat' dir='ltr'><strong>papa</strong></span> <span class='ocrx_word' id='word_1_497' title='bbox 2112 2286 2270 2320; x_wconf 72' lang='lat' dir='ltr'><strong>inducias</strong></span> 
     </span>
     <span class='ocr_line' id='line_1_43' title="bbox 419 2339 2266 2386; baseline -0.002 -10"><span class='ocrx_word' id='word_1_498' title='bbox 419 2343 518 2386; x_wconf 89' lang='lat' dir='ltr'><strong>petiit</strong></span> <span class='ocrx_word' id='word_1_499' title='bbox 541 2349 577 2376; x_wconf 91' lang='lat' dir='ltr'><strong>et</strong></span> <span class='ocrx_word' id='word_1_500' title='bbox 599 2342 747 2384; x_wconf 89' lang='lat' dir='ltr'><strong>accepit.</strong></span> <span class='ocrx_word' id='word_1_501' title='bbox 794 2340 923 2373; x_wconf 91' lang='lat' dir='ltr'><strong>Habito</strong></span> <span class='ocrx_word' id='word_1_502' title='bbox 946 2340 1064 2383; x_wconf 89' lang='lat' dir='ltr'><strong>itaque</strong></span> <span class='ocrx_word' id='word_1_503' title='bbox 1089 2340 1246 2379; x_wconf 86' lang='lat' dir='ltr'><strong>consilio,</strong></span> <span class='ocrx_word' id='word_1_504' title='bbox 1270 2341 1316 2373; x_wconf 88' lang='lat' dir='ltr'><strong>ad</strong></span> <span class='ocrx_word' id='word_1_505' title='bbox 1338 2351 1464 2383; x_wconf 88' lang='lat' dir='ltr'><strong>papam</strong></span> <span class='ocrx_word' id='word_1_506' title='bbox 1487 2340 1590 2373; x_wconf 89' lang='lat' dir='ltr'><strong>rediit</strong></span> <span class='ocrx_word' id='word_1_507' title='bbox 1613 2346 1648 2372; x_wconf 92' lang='lat' dir='ltr'><strong>et</strong></span> <span class='ocrx_word' id='word_1_508' title='bbox 1669 2340 1791 2372; x_wconf 92' lang='lat' dir='ltr'><strong>humili</strong></span> <span class='ocrx_word' id='word_1_509' title='bbox 1814 2349 1903 2373; x_wconf 89' lang='lat' dir='ltr'><strong>uoce</strong></span> <span class='ocrx_word' id='word_1_510' title='bbox 1925 2340 2096 2382; x_wconf 84' lang='lat' dir='ltr'><strong>respodit:</strong></span> <span class='ocrx_word' id='word_1_511' title='bbox 2125 2339 2266 2378; x_wconf 57' lang='lat' dir='ltr'><strong>‘Licea</strong></span> 
     </span>
    </p>
   </div>
   <div class='ocr_carea' id='block_1_6' title="bbox 467 2485 618 2489">
    <p class='ocr_par' dir='ltr' id='par_1_17' title="bbox 467 2485 618 2489">
     <span class='ocr_line' id='line_1_44' title="bbox 467 2485 618 2489; baseline 0 0"><span class='ocrx_word' id='word_1_512' title='bbox 467 2485 618 2489; x_wconf 95' lang='lat' dir='ltr'><strong> </strong></span> 
     </span>
    </p>
   </div>
   <div class='ocr_carea' id='block_1_7' title="bbox 639 2484 816 2488">
    <p class='ocr_par' dir='ltr' id='par_1_18' title="bbox 639 2484 816 2488">
     <span class='ocr_line' id='line_1_45' title="bbox 639 2484 816 2488; baseline 0 0"><span class='ocrx_word' id='word_1_513' title='bbox 639 2484 816 2488; x_wconf 95' lang='lat' dir='ltr'><strong> </strong></span> 
     </span>
    </p>
   </div>
   <div class='ocr_carea' id='block_1_8' title="bbox 419 2532 2268 2695">
    <p class='ocr_par' dir='ltr' id='par_1_19' title="bbox 419 2532 2268 2695">
     <span class='ocr_line' id='line_1_46' title="bbox 509 2532 2267 2569; baseline -0.002 -8"><span class='ocrx_word' id='word_1_514' title='bbox 509 2545 533 2569; x_wconf 87' lang='lat'><strong>4.</strong></span> <span class='ocrx_word' id='word_1_515' title='bbox 553 2536 800 2561; x_wconf 86' lang='lat' dir='ltr'><strong>consummatione</strong></span> <span class='ocrx_word' id='word_1_516' title='bbox 818 2534 851 2563; x_wconf 84' lang='lat' dir='ltr'><strong>B,</strong></span> <span class='ocrx_word' id='word_1_517' title='bbox 874 2535 902 2562; x_wconf 55' lang='lat' dir='ltr'><strong>C«</strong></span> <span class='ocrx_word' id='word_1_518' title='bbox 922 2534 998 2558; x_wconf 81' lang='lat' dir='ltr'><strong>Sasso</strong></span> <span class='ocrx_word' id='word_1_519' title='bbox 1010 2541 1024 2558; x_wconf 78' lang='lat' dir='ltr'><strong>e</strong></span> <span class='ocrx_word' id='word_1_520' title='bbox 1036 2533 1125 2558; x_wconf 77' lang='lat' dir='ltr'><strong>Arndt</strong></span> <span class='ocrx_word' id='word_1_521' title='bbox 1138 2547 1169 2551; x_wconf 83' lang='lat'><strong>—-</strong></span> <span class='ocrx_word' id='word_1_522' title='bbox 1190 2533 1213 2557; x_wconf 89' lang='lat'><strong>6.</strong></span> <span class='ocrx_word' id='word_1_523' title='bbox 1228 2534 1431 2566; x_wconf 84' lang='lat' dir='ltr'><strong>Moguntinum</strong></span> <span class='ocrx_word' id='word_1_524' title='bbox 1447 2535 1497 2559; x_wconf 84' lang='lat' dir='ltr'><strong>Be</strong></span> <span class='ocrx_word' id='word_1_525' title='bbox 1510 2534 1585 2559; x_wconf 81' lang='lat' dir='ltr'><strong>Sasso</strong></span> <span class='ocrx_word' id='word_1_526' title='bbox 1608 2547 1638 2552; x_wconf 94' lang='lat'>—</span> <span class='ocrx_word' id='word_1_527' title='bbox 1659 2541 1683 2566; x_wconf 87' lang='lat'><strong>7.</strong></span> <span class='ocrx_word' id='word_1_528' title='bbox 1703 2533 1873 2559; x_wconf 88' lang='lat' dir='ltr'><strong>Chonradus</strong></span> <span class='ocrx_word' id='word_1_529' title='bbox 1894 2535 1920 2558; x_wconf 87' lang='lat' dir='ltr'><em>B</em></span> <span class='ocrx_word' id='word_1_530' title='bbox 1937 2541 1950 2558; x_wconf 84' lang='lat' dir='ltr'><strong>e</strong></span> <span class='ocrx_word' id='word_1_531' title='bbox 1971 2534 2046 2558; x_wconf 77' lang='lat' dir='ltr'><strong>Sauo</strong></span> <span class='ocrx_word' id='word_1_532' title='bbox 2065 2546 2074 2551; x_wconf 79' lang='lat'><em>—</em></span> <span class='ocrx_word' id='word_1_533' title='bbox 2093 2532 2267 2567; x_wconf 76' lang='lat' dir='ltr'><strong>Moguntlna</strong></span> 
     </span>
     <span class='ocr_line' id='line_1_47' title="bbox 424 2575 2268 2609; baseline -0.003 -6"><span class='ocrx_word' id='word_1_534' title='bbox 424 2581 449 2603; x_wconf 84' lang='lat' dir='ltr'><em>B</em></span> <span class='ocrx_word' id='word_1_535' title='bbox 466 2587 479 2603; x_wconf 84' lang='lat' dir='ltr'><em>e</em></span> <span class='ocrx_word' id='word_1_536' title='bbox 498 2579 573 2603; x_wconf 80' lang='lat' dir='ltr'><strong>Sasso</strong></span> <span class='ocrx_word' id='word_1_537' title='bbox 594 2591 626 2596; x_wconf 90' lang='lat'><strong>-—</strong></span> <span class='ocrx_word' id='word_1_538' title='bbox 648 2584 689 2602; x_wconf 84' lang='lat'><strong>12.</strong></span> <span class='ocrx_word' id='word_1_539' title='bbox 708 2578 802 2602; x_wconf 89' lang='lat' dir='ltr'><strong>ocium</strong></span> <span class='ocrx_word' id='word_1_540' title='bbox 820 2577 845 2601; x_wconf 78' lang='lat' dir='ltr'><em>A</em></span> <span class='ocrx_word' id='word_1_541' title='bbox 864 2590 895 2594; x_wconf 97' lang='lat'><strong>—</strong></span> <span class='ocrx_word' id='word_1_542' title='bbox 916 2575 955 2601; x_wconf 89' lang='lat'><strong>16.</strong></span> <span class='ocrx_word' id='word_1_543' title='bbox 976 2575 1179 2608; x_wconf 85' lang='lat' dir='ltr'><strong>Moguntinum</strong></span> <span class='ocrx_word' id='word_1_544' title='bbox 1198 2576 1226 2600; x_wconf 88' lang='lat' dir='ltr'><em>B</em></span> <span class='ocrx_word' id='word_1_545' title='bbox 1243 2583 1257 2599; x_wconf 82' lang='lat' dir='ltr'><strong>e</strong></span> <span class='ocrx_word' id='word_1_546' title='bbox 1275 2576 1352 2600; x_wconf 81' lang='lat' dir='ltr'><strong>Sasso</strong></span> <span class='ocrx_word' id='word_1_547' title='bbox 1373 2590 1404 2594; x_wconf 90' lang='lat'><strong>-—</strong></span> <span class='ocrx_word' id='word_1_548' title='bbox 1427 2582 1467 2609; x_wconf 91' lang='lat'><strong>17.</strong></span> <span class='ocrx_word' id='word_1_549' title='bbox 1487 2577 1687 2609; x_wconf 78' lang='lat' dir='ltr'><strong>Maguntinam</strong></span> <span class='ocrx_word' id='word_1_550' title='bbox 1708 2577 1734 2601; x_wconf 88' lang='lat' dir='ltr'><em>B</em></span> <span class='ocrx_word' id='word_1_551' title='bbox 1751 2584 1765 2599; x_wconf 75' lang='lat' dir='ltr'><strong>e</strong></span> <span class='ocrx_word' id='word_1_552' title='bbox 1783 2575 1860 2600; x_wconf 75' lang='lat' dir='ltr'><strong>San-o</strong></span> <span class='ocrx_word' id='word_1_553' title='bbox 1878 2590 1911 2595; x_wconf 91' lang='lat'><strong>—</strong></span> <span class='ocrx_word' id='word_1_554' title='bbox 1933 2583 1974 2608; x_wconf 87' lang='lat'><strong>19.</strong></span> <span class='ocrx_word' id='word_1_555' title='bbox 1993 2575 2189 2602; x_wconf 70' lang='lat' dir='ltr'><strong>schismaticus</strong></span> <span class='ocrx_word' id='word_1_556' title='bbox 2209 2575 2238 2599; x_wconf 87' lang='lat' dir='ltr'><em>B</em></span> <span class='ocrx_word' id='word_1_557' title='bbox 2254 2582 2268 2598; x_wconf 75' lang='lat' dir='ltr'><strong>e</strong></span> 
     </span>
     <span class='ocr_line' id='line_1_48' title="bbox 423 2616 2267 2652; baseline -0.002 -7"><span class='ocrx_word' id='word_1_558' title='bbox 423 2622 453 2650; x_wconf 86' lang='lat' dir='ltr'><strong>C,</strong></span> <span class='ocrx_word' id='word_1_559' title='bbox 472 2621 548 2645; x_wconf 81' lang='lat' dir='ltr'><strong>Sasso</strong></span> <span class='ocrx_word' id='word_1_560' title='bbox 566 2628 579 2644; x_wconf 79' lang='grc' dir='ltr'><strong><em>ε</em></strong></span> <span class='ocrx_word' id='word_1_561' title='bbox 598 2621 689 2644; x_wconf 69' lang='lat' dir='ltr'><strong>Armis</strong></span> <span class='ocrx_word' id='word_1_562' title='bbox 709 2632 741 2637; x_wconf 86' lang='lat'><strong>-—</strong></span> <span class='ocrx_word' id='word_1_563' title='bbox 761 2626 803 2652; x_wconf 89' lang='lat'><strong>23.</strong></span> <span class='ocrx_word' id='word_1_564' title='bbox 823 2618 892 2644; x_wconf 76' lang='lat' dir='ltr'><strong>Kffie</strong></span> <span class='ocrx_word' id='word_1_565' title='bbox 910 2618 934 2642; x_wconf 74' lang='lat' dir='ltr'><em>A</em></span> <span class='ocrx_word' id='word_1_566' title='bbox 957 2631 984 2635; x_wconf 83' lang='lat'><strong>—-</strong></span> <span class='ocrx_word' id='word_1_567' title='bbox 1009 2616 1050 2642; x_wconf 84' lang='lat'><strong>28.</strong></span> <span class='ocrx_word' id='word_1_568' title='bbox 1070 2619 1111 2642; x_wconf 79' lang='lat' dir='ltr'><strong>set</strong></span> <span class='ocrx_word' id='word_1_569' title='bbox 1131 2618 1155 2643; x_wconf 91' lang='lat' dir='ltr'><strong>C</strong></span> <span class='ocrx_word' id='word_1_570' title='bbox 1171 2625 1184 2641; x_wconf 87' lang='lat' dir='ltr'><strong>e</strong></span> <span class='ocrx_word' id='word_1_571' title='bbox 1201 2618 1293 2643; x_wconf 75' lang='lat' dir='ltr'><strong>Arndt</strong></span> <span class='ocrx_word' id='word_1_572' title='bbox 1311 2631 1343 2636; x_wconf 94' lang='lat'>—</span> <span class='ocrx_word' id='word_1_573' title='bbox 1364 2625 1406 2651; x_wconf 92' lang='lat'><strong>29.</strong></span> <span class='ocrx_word' id='word_1_574' title='bbox 1426 2618 1540 2643; x_wconf 86' lang='lat' dir='ltr'><strong>nunciis</strong></span> <span class='ocrx_word' id='word_1_575' title='bbox 1561 2619 1596 2647; x_wconf 82' lang='lat' dir='ltr'><strong>B,</strong></span> <span class='ocrx_word' id='word_1_576' title='bbox 1617 2619 1646 2648; x_wconf 87' lang='lat' dir='ltr'><strong>C,</strong></span> <span class='ocrx_word' id='word_1_577' title='bbox 1665 2618 1743 2642; x_wconf 78' lang='lat' dir='ltr'><strong>Sam</strong></span> <span class='ocrx_word' id='word_1_578' title='bbox 1762 2626 1775 2641; x_wconf 81' lang='lat' dir='ltr'><strong>e</strong></span> <span class='ocrx_word' id='word_1_579' title='bbox 1793 2618 1907 2642; x_wconf 74' lang='lat' dir='ltr'><strong>Arndt-</strong></span> <span class='ocrx_word' id='word_1_580' title='bbox 1927 2618 2032 2642; x_wconf 85' lang='lat' dir='ltr'><strong>litteris</strong></span> <span class='ocrx_word' id='word_1_581' title='bbox 2050 2617 2074 2641; x_wconf 75' lang='lat' dir='ltr'><em>A</em></span> <span class='ocrx_word' id='word_1_582' title='bbox 2094 2631 2126 2635; x_wconf 88' lang='lat'><strong>——-</strong></span> <span class='ocrx_word' id='word_1_583' title='bbox 2144 2623 2187 2648; x_wconf 85' lang='lat'><strong>3⁰·</strong></span> <span class='ocrx_word' id='word_1_584' title='bbox 2207 2617 2267 2641; x_wconf 90' lang='grc' dir='ltr'><strong>Μο-</strong></span> 
     </span>
     <span class='ocr_line' id='line_1_49' title="bbox 419 2659 1717 2695; baseline -0.002 -8"><span class='ocrx_word' id='word_1_585' title='bbox 419 2664 544 2695; x_wconf 85' lang='lat' dir='ltr'><strong>guntino</strong></span> <span class='ocrx_word' id='word_1_586' title='bbox 567 2664 591 2687; x_wconf 89' lang='lat' dir='ltr'><em>B</em></span> <span class='ocrx_word' id='word_1_587' title='bbox 609 2670 622 2686; x_wconf 80' lang='lat' dir='ltr'><strong>e</strong></span> <span class='ocrx_word' id='word_1_588' title='bbox 641 2662 717 2686; x_wconf 80' lang='lat' dir='ltr'><strong>Sasso</strong></span> <span class='ocrx_word' id='word_1_589' title='bbox 738 2675 768 2678; x_wconf 97' lang='lat'><strong>—</strong></span> <span class='ocrx_word' id='word_1_590' title='bbox 791 2666 880 2693; x_wconf 83' lang='lat'><strong>34-35.</strong></span> <span class='ocrx_word' id='word_1_591' title='bbox 900 2660 1070 2692; x_wconf 88' lang='lat' dir='ltr'><strong>Moguntine</strong></span> <span class='ocrx_word' id='word_1_592' title='bbox 1089 2661 1116 2684; x_wconf 85' lang='lat' dir='ltr'><em>B</em></span> <span class='ocrx_word' id='word_1_593' title='bbox 1134 2668 1148 2683; x_wconf 79' lang='lat' dir='ltr'><strong>e</strong></span> <span class='ocrx_word' id='word_1_594' title='bbox 1166 2659 1242 2684; x_wconf 76' lang='lat' dir='ltr'><strong>Sasso</strong></span> <span class='ocrx_word' id='word_1_595' title='bbox 1262 2674 1294 2678; x_wconf 91' lang='lat'><strong>--</strong></span> <span class='ocrx_word' id='word_1_596' title='bbox 1313 2667 1357 2693; x_wconf 80' lang='lat'><strong>37.</strong></span> <span class='ocrx_word' id='word_1_597' title='bbox 1377 2659 1547 2685; x_wconf 83' lang='lat' dir='ltr'><strong>Chonradus</strong></span> <span class='ocrx_word' id='word_1_598' title='bbox 1566 2661 1592 2685; x_wconf 86' lang='lat' dir='ltr'><em>B</em></span> <span class='ocrx_word' id='word_1_599' title='bbox 1607 2668 1620 2684; x_wconf 83' lang='lat' dir='ltr'><strong>e</strong></span> <span class='ocrx_word' id='word_1_600' title='bbox 1640 2660 1717 2685; x_wconf 69' lang='lat' dir='ltr'><strong>Sauo</strong></span> 
     </span>
    </p>
   </div>
   <div class='ocr_carea' id='block_1_9' title="bbox 370 2766 2329 3012">
    <p class='ocr_par' dir='ltr' id='par_1_20' title="bbox 381 2766 2269 2927">
     <span class='ocr_line' id='line_1_50' title="bbox 381 2766 2269 2802; baseline -0.002 -7"><span class='ocrx_word' id='word_1_601' title='bbox 381 2778 393 2802; x_wconf 84' lang='lat'>5</span> <span class='ocrx_word' id='word_1_602' title='bbox 512 2769 521 2785; x_wconf 81' lang='lat'>¹</span> <span class='ocrx_word' id='word_1_603' title='bbox 541 2770 625 2799; x_wconf 86' lang='lat' dir='ltr'><strong>Boso,</strong></span> <span class='ocrx_word' id='word_1_604' title='bbox 645 2770 729 2794; x_wconf 78' lang='lat' dir='ltr'><strong>Liber</strong></span> <span class='ocrx_word' id='word_1_605' title='bbox 748 2769 862 2802; x_wconf 65' lang='lat' dir='ltr'><strong>Pontffl,</strong></span> <span class='ocrx_word' id='word_1_606' title='bbox 889 2768 942 2792; x_wconf 83' lang='lat' dir='ltr'><strong>loc.</strong></span> <span class='ocrx_word' id='word_1_607' title='bbox 963 2769 1028 2792; x_wconf 86' lang='lat' dir='ltr'><strong>cit.:</strong></span> <span class='ocrx_word' id='word_1_608' title='bbox 1057 2767 1123 2791; x_wconf 83' lang='lat' dir='ltr'><strong>“Ex</strong></span> <span class='ocrx_word' id='word_1_609' title='bbox 1149 2769 1229 2800; x_wconf 85' lang='lat' dir='ltr'><strong>parte</strong></span> <span class='ocrx_word' id='word_1_610' title='bbox 1251 2774 1319 2792; x_wconf 85' lang='lat' dir='ltr'><strong>vero</strong></span> <span class='ocrx_word' id='word_1_611' title='bbox 1376 2768 1433 2792; x_wconf 85' lang='lat' dir='ltr'><strong>“de</strong></span> <span class='ocrx_word' id='word_1_612' title='bbox 1452 2767 1543 2801; x_wconf 85' lang='lat' dir='ltr'><strong>Regio</strong></span> <span class='ocrx_word' id='word_1_613' title='bbox 1557 2767 1739 2798; x_wconf 64' lang='lat' dir='ltr'><strong>Artemmus,</strong></span> <span class='ocrx_word' id='word_1_614' title='bbox 1759 2768 1793 2792; x_wconf 88' lang='lat' dir='ltr'><strong>de</strong></span> <span class='ocrx_word' id='word_1_615' title='bbox 1811 2767 1945 2792; x_wconf 79' lang='lat' dir='ltr'><strong>Bononia</strong></span> <span class='ocrx_word' id='word_1_616' title='bbox 1958 2767 2129 2791; x_wconf 73' lang='lat' dir='ltr'><strong>pinamonte</strong></span> <span class='ocrx_word' id='word_1_617' title='bbox 2143 2766 2269 2799; x_wconf 70' lang='lat' dir='ltr'><strong>potestas</strong></span> 
     </span>
     <span class='ocr_line' id='line_1_51' title="bbox 427 2808 2268 2843; baseline -0.001 -8"><span class='ocrx_word' id='word_1_618' title='bbox 427 2811 673 2837; x_wconf 62' lang='lat' dir='ltr'><strong>“Lombardorum</strong></span> <span class='ocrx_word' id='word_1_619' title='bbox 701 2812 867 2836; x_wconf 82' lang='lat' dir='ltr'><strong>iuraverunt</strong></span> <span class='ocrx_word' id='word_1_620' title='bbox 892 2811 942 2843; x_wconf 88' lang='lat' dir='ltr'><strong>qui</strong></span> <span class='ocrx_word' id='word_1_621' title='bbox 967 2811 1111 2843; x_wconf 84' lang='lat' dir='ltr'><strong>presentes</strong></span> <span class='ocrx_word' id='word_1_622' title='bbox 1131 2810 1266 2834; x_wconf 80' lang='lat' dir='ltr'><strong>aderant:</strong></span> <span class='ocrx_word' id='word_1_623' title='bbox 1285 2809 1320 2834; x_wconf 88' lang='lat' dir='ltr'><strong>de</strong></span> <span class='ocrx_word' id='word_1_624' title='bbox 1377 2810 1508 2840; x_wconf 78' lang='lat' dir='ltr'><strong>“eoi-um,</strong></span> <span class='ocrx_word' id='word_1_625' title='bbox 1528 2811 1561 2835; x_wconf 91' lang='lat' dir='ltr'><strong>de</strong></span> <span class='ocrx_word' id='word_1_626' title='bbox 1580 2811 1708 2835; x_wconf 87' lang='lat' dir='ltr'><strong>Novaria</strong></span> <span class='ocrx_word' id='word_1_627' title='bbox 1727 2809 1901 2835; x_wconf 85' lang='lat' dir='ltr'><strong>Guillelmus</strong></span> <span class='ocrx_word' id='word_1_628' title='bbox 1919 2808 2070 2838; x_wconf 73' lang='lat' dir='ltr'><strong>Guibuini,</strong></span> <span class='ocrx_word' id='word_1_629' title='bbox 2089 2809 2123 2834; x_wconf 86' lang='lat' dir='ltr'><strong>de</strong></span> <span class='ocrx_word' id='word_1_630' title='bbox 2143 2808 2268 2834; x_wconf 77' lang='lat' dir='ltr'><strong>Alexan-</strong></span> 
     </span>
     <span class='ocr_line' id='line_1_52' title="bbox 427 2850 2269 2885; baseline -0.003 -6"><span class='ocrx_word' id='word_1_631' title='bbox 427 2854 620 2879; x_wconf 82' lang='lat' dir='ltr'><strong>“Mediolano</strong></span> <span class='ocrx_word' id='word_1_632' title='bbox 641 2853 783 2878; x_wconf 83' lang='lat' dir='ltr'><strong>Gerardus</strong></span> <span class='ocrx_word' id='word_1_633' title='bbox 803 2854 892 2878; x_wconf 88' lang='lat' dir='ltr'><strong>Pistis</strong></span> <span class='ocrx_word' id='word_1_634' title='bbox 916 2855 944 2877; x_wconf 90' lang='lat' dir='ltr'><strong>et</strong></span> <span class='ocrx_word' id='word_1_635' title='bbox 970 2853 1109 2885; x_wconf 89' lang='lat' dir='ltr'><strong>Rogerius</strong></span> <span class='ocrx_word' id='word_1_636' title='bbox 1134 2852 1319 2876; x_wconf 83' lang='lat' dir='ltr'><strong>Marcellinus</strong></span> <span class='ocrx_word' id='word_1_637' title='bbox 1377 2852 1462 2876; x_wconf 76' lang='lat' dir='ltr'><strong>“dria</strong></span> <span class='ocrx_word' id='word_1_638' title='bbox 1482 2852 1604 2877; x_wconf 86' lang='lat' dir='ltr'><strong>Ubertus</strong></span> <span class='ocrx_word' id='word_1_639' title='bbox 1624 2853 1658 2877; x_wconf 88' lang='lat' dir='ltr'><strong>de</strong></span> <span class='ocrx_word' id='word_1_640' title='bbox 1676 2852 1762 2881; x_wconf 88' lang='lat' dir='ltr'><strong>Foro,</strong></span> <span class='ocrx_word' id='word_1_641' title='bbox 1781 2852 1814 2876; x_wconf 91' lang='lat' dir='ltr'><strong>de</strong></span> <span class='ocrx_word' id='word_1_642' title='bbox 1834 2851 1930 2876; x_wconf 69' lang='lat' dir='ltr'><strong>Padus</strong></span> <span class='ocrx_word' id='word_1_643' title='bbox 1949 2850 2116 2876; x_wconf 83' lang='lat' dir='ltr'><strong>Tessulinus</strong></span> <span class='ocrx_word' id='word_1_644' title='bbox 2133 2851 2269 2883; x_wconf 79' lang='lat' dir='ltr'><strong>potestas,</strong></span> 
     </span>
     <span class='ocr_line' id='line_1_53' title="bbox 428 2894 1798 2927; baseline -0.001 -7"><span class='ocrx_word' id='word_1_645' title='bbox 428 2896 561 2926; x_wconf 73' lang='lat' dir='ltr'><strong>“cousuL</strong></span> <span class='ocrx_word' id='word_1_646' title='bbox 581 2896 615 2922; x_wconf 83' lang='lat' dir='ltr'><strong>de</strong></span> <span class='ocrx_word' id='word_1_647' title='bbox 634 2896 782 2920; x_wconf 86' lang='lat' dir='ltr'><strong>Placentia</strong></span> <span class='ocrx_word' id='word_1_648' title='bbox 801 2895 975 2920; x_wconf 80' lang='lat' dir='ltr'><strong>Guillelmus</strong></span> <span class='ocrx_word' id='word_1_649' title='bbox 994 2894 1195 2923; x_wconf 60' lang='lat' dir='ltr'><strong>Leccam-vus,</strong></span> <span class='ocrx_word' id='word_1_650' title='bbox 1211 2894 1245 2919; x_wconf 83' lang='lat' dir='ltr'><strong>de</strong></span> <span class='ocrx_word' id='word_1_651' title='bbox 1259 2894 1320 2918; x_wconf 87' lang='lat' dir='ltr'><strong>Bri·</strong></span> <span class='ocrx_word' id='word_1_652' title='bbox 1377 2894 1390 2907; x_wconf 81' lang='lat'><strong>¹‘</strong></span> <span class='ocrx_word' id='word_1_653' title='bbox 1402 2895 1435 2919; x_wconf 87' lang='lat' dir='ltr'><strong>de</strong></span> <span class='ocrx_word' id='word_1_654' title='bbox 1455 2895 1590 2919; x_wconf 83' lang='lat' dir='ltr'><strong>Vicentla</strong></span> <span class='ocrx_word' id='word_1_655' title='bbox 1609 2895 1798 2927; x_wconf 81' lang='lat' dir='ltr'><strong>Eczulinus„.</strong></span> 
     </span>
    </p>

    <p class='ocr_par' dir='ltr' id='par_1_21' title="bbox 429 2934 2329 2970">
     <span class='ocr_line' id='line_1_54' title="bbox 429 2934 2329 2970; baseline -0.002 -8"><span class='ocrx_word' id='word_1_656' title='bbox 429 2938 501 2962; x_wconf 77' lang='lat' dir='ltr'><strong>“xla</strong></span> <span class='ocrx_word' id='word_1_657' title='bbox 520 2938 655 2963; x_wconf 82' lang='lat' dir='ltr'><strong>Albertus</strong></span> <span class='ocrx_word' id='word_1_658' title='bbox 675 2938 708 2962; x_wconf 90' lang='lat' dir='ltr'><strong>de</strong></span> <span class='ocrx_word' id='word_1_659' title='bbox 727 2937 878 2966; x_wconf 75' lang='lat' dir='ltr'><strong>Gambam,</strong></span> <span class='ocrx_word' id='word_1_660' title='bbox 897 2937 932 2962; x_wconf 82' lang='lat' dir='ltr'><strong>de</strong></span> <span class='ocrx_word' id='word_1_661' title='bbox 951 2938 1089 2970; x_wconf 75' lang='lat' dir='ltr'><strong>Ber-gamo</strong></span> <span class='ocrx_word' id='word_1_662' title='bbox 1115 2936 1249 2961; x_wconf 82' lang='lat' dir='ltr'><strong>Albertus</strong></span> <span class='ocrx_word' id='word_1_663' title='bbox 1269 2936 1318 2960; x_wconf 87' lang='lat' dir='ltr'><strong>Al·</strong></span> <span class='ocrx_word' id='word_1_664' title='bbox 1462 2937 1558 2962; x_wconf 83' lang='lat' dir='ltr'><strong>L’atto</strong></span> <span class='ocrx_word' id='word_1_665' title='bbox 1585 2937 1660 2962; x_wconf 85' lang='lat' dir='ltr'><strong>della</strong></span> <span class='ocrx_word' id='word_1_666' title='bbox 1685 2939 1783 2970; x_wconf 76' lang='lat' dir='ltr'><strong>tregua</strong></span> <span class='ocrx_word' id='word_1_667' title='bbox 1812 2937 1855 2961; x_wconf 80' lang='lat' dir='ltr'><strong>fra</strong></span> <span class='ocrx_word' id='word_1_668' title='bbox 1880 2936 2074 2969; x_wconf 81' lang='lat' dir='ltr'><strong>l&#39;Imperatore</strong></span> <span class='ocrx_word' id='word_1_669' title='bbox 2099 2943 2114 2960; x_wconf 89' lang='lat' dir='ltr'><strong>e</strong></span> <span class='ocrx_word' id='word_1_670' title='bbox 2139 2935 2166 2960; x_wconf 81' lang='lat' dir='ltr'><strong>la</strong></span> <span class='ocrx_word' id='word_1_671' title='bbox 2191 2934 2267 2965; x_wconf 81' lang='lat' dir='ltr'><strong>Lega</strong></span> <span class='ocrx_word' id='word_1_672' title='bbox 2300 2940 2329 2966; x_wconf 76' lang='grc' dir='ltr'><strong>ις</strong></span> 
     </span>
    </p>

    <p class='ocr_par' dir='ltr' id='par_1_22' title="bbox 370 2977 2222 3012">
     <span class='ocr_line' id='line_1_55' title="bbox 370 2977 2222 3012; baseline -0.002 -9"><span class='ocrx_word' id='word_1_673' title='bbox 370 2987 399 3003; x_wconf 80' lang='lat'><strong>10</strong></span> <span class='ocrx_word' id='word_1_674' title='bbox 432 2985 442 2992; x_wconf 79' lang='grc'><em>“</em></span> <span class='ocrx_word' id='word_1_675' title='bbox 455 2981 592 3011; x_wconf 78' lang='lat' dir='ltr'><strong>bettonis,</strong></span> <span class='ocrx_word' id='word_1_676' title='bbox 606 2980 638 3004; x_wconf 90' lang='lat' dir='ltr'><strong>de</strong></span> <span class='ocrx_word' id='word_1_677' title='bbox 653 2980 766 3004; x_wconf 86' lang='lat' dir='ltr'><strong>Verona</strong></span> <span class='ocrx_word' id='word_1_678' title='bbox 781 2979 888 3005; x_wconf 83' lang='lat' dir='ltr'><strong>Cothus</strong></span> <span class='ocrx_word' id='word_1_679' title='bbox 903 2980 1011 3008; x_wconf 77' lang='lat' dir='ltr'><strong>consul,</strong></span> <span class='ocrx_word' id='word_1_680' title='bbox 1032 2981 1065 3003; x_wconf 88' lang='lat' dir='ltr'><strong>de</strong></span> <span class='ocrx_word' id='word_1_681' title='bbox 1078 2978 1178 3003; x_wconf 84' lang='lat' dir='ltr'><strong>Parma</strong></span> <span class='ocrx_word' id='word_1_682' title='bbox 1194 2979 1319 3007; x_wconf 83' lang='lat' dir='ltr'><strong>Vetu1us,</strong></span> <span class='ocrx_word' id='word_1_683' title='bbox 1375 2979 1535 3003; x_wconf 85' lang='lat' dir='ltr'><strong>Lombarda</strong></span> <span class='ocrx_word' id='word_1_684' title='bbox 1555 2978 1611 3012; x_wconf 68' lang='lat' dir='ltr'><strong>pun</strong></span> <span class='ocrx_word' id='word_1_685' title='bbox 1634 2979 1753 3011; x_wconf 77' lang='lat' dir='ltr'><strong>leggersi</strong></span> <span class='ocrx_word' id='word_1_686' title='bbox 1774 2981 1804 3003; x_wconf 91' lang='lat' dir='ltr'><strong>in</strong></span> <span class='ocrx_word' id='word_1_687' title='bbox 1825 2980 1865 3003; x_wconf 57' lang='lat' dir='ltr'><strong>ill.</strong></span> <span class='ocrx_word' id='word_1_688' title='bbox 1892 2979 1921 3004; x_wconf 87' lang='lat' dir='ltr'><strong>G.</strong></span> <span class='ocrx_word' id='word_1_689' title='bbox 1945 2979 1989 3008; x_wconf 65' lang='lat' dir='ltr'><strong>H„</strong></span> <span class='ocrx_word' id='word_1_690' title='bbox 2010 2978 2088 3010; x_wconf 74' lang='lat' dir='ltr'><strong>Leg.‚</strong></span> <span class='ocrx_word' id='word_1_691' title='bbox 2109 2977 2142 3006; x_wconf 85' lang='lat'><strong>11,</strong></span> <span class='ocrx_word' id='word_1_692' title='bbox 2166 2982 2222 3009; x_wconf 86' lang='lat'><strong>155.</strong></span> 
     </span>
    </p>
   </div>
   <div class='ocr_carea' id='block_1_10' title="bbox 2391 1845 2398 2826">
    <p class='ocr_par' dir='ltr' id='par_1_23' title="bbox 2391 1845 2398 2826">
     <span class='ocr_line' id='line_1_56' title="bbox 2394 1845 2398 1859; baseline 0 0"><span class='ocrx_word' id='word_1_693' title='bbox 2394 1845 2398 1859; x_wconf 64' lang='lat' dir='ltr'><strong>t</strong></span> 
     </span>
     <span class='ocr_line' id='line_1_57' title="bbox 2393 1911 2398 1924; baseline 0 0"><span class='ocrx_word' id='word_1_694' title='bbox 2393 1911 2398 1924; x_wconf 68' lang='lat' dir='ltr'><strong>t</strong></span> 
     </span>
     <span class='ocr_line' id='line_1_58' title="bbox 2392 1930 2398 2012; baseline 0 0"><span class='ocrx_word' id='word_1_695' title='bbox 2392 1930 2398 2012; x_wconf 70' lang='lat' dir='ltr'><strong>l</strong></span> 
     </span>
     <span class='ocr_line' id='line_1_59' title="bbox 2391 2015 2398 2246; baseline 0 0"><span class='ocrx_word' id='word_1_696' title='bbox 2391 2015 2398 2246; x_wconf 64' lang='lat' dir='ltr'><strong>i</strong></span> 
     </span>
     <span class='ocr_line' id='line_1_60' title="bbox 2392 2286 2398 2303; baseline 0 0"><span class='ocrx_word' id='word_1_697' title='bbox 2392 2286 2398 2303; x_wconf 83' lang='lat'><strong>¹.</strong></span> 
     </span>
     <span class='ocr_line' id='line_1_61' title="bbox 2395 2695 2398 2709; baseline 0 0"><span class='ocrx_word' id='word_1_698' title='bbox 2395 2695 2398 2709; x_wconf 85' lang='grc'>1</span> 
     </span>
     <span class='ocr_line' id='line_1_62' title="bbox 2396 2761 2398 2771; baseline 0 0"><span class='ocrx_word' id='word_1_699' title='bbox 2396 2761 2398 2771; x_wconf 81' lang='grc' dir='ltr'><em>ι</em></span> 
     </span>
     <span class='ocr_line' id='line_1_63' title="bbox 2397 2814 2398 2826; baseline 0 0"><span class='ocrx_word' id='word_1_700' title='bbox 2397 2814 2398 2826; x_wconf 72' lang='lat' dir='ltr'><strong>l</strong></span> 
     </span>
    </p>
   </div>
  </div>
 </body>
</html>
