2398 3470
186 216 252 236 Mun.
270 222 303 237 cc.
320 217 399 242 165-166

356 340 398 354 1001

351 446 399 465 ¹00³

296 499 315 514 c.
333 500 371 514 τοο
385 494 399 513 b

188 707 242 732 Aps.
258 713 281 726 22
350 712 384 726 100

187 802 317 825 Gugo-wius
340 802 361 822 V
373 803 396 826 p.

183 830 270 852 9¹95..qu
289 829 399 849 lohannes

184 855 247 874 XVI
267 858 286 877 st.
308 857 398 880 997-998

183 882 295 901 silvester
308 881 352 906 Vp.
360 888 399 907 999

185 914 241 932 1000.
260 909 344 928 116111Ζο

347 1031 397 1051 1005

183 1069 293 1089 lohannes
304 1069 401 1092 A‘Vllp.

210 1101 263 1120 1003.
290 1096 403 1116 lohannes

200 1122 226 1142 X
229 1123 237 1142 l
246 1122 285 1142 III
297 1124 319 1147 p.
342 1128 398 1146 1003—

201 1154 255 1173 1009.

186 1176 282 1200 §agius
294 1178 316 1200 p.
333 1176 400 1199 Illp.

210 1207 320 1226 1009‹1012.

244 1299 262 1313 ι’.
275 1299 313 1313 201
324 1299 337 1313 a

184 1443 295 1462 lohannes
303 1443 360 1462 XVI
369 1444 391 1467 p.

304 1472 393 1494 997·998

364 2051 394 2068 10

360 2476 393 2493 20

361 2690 390 2715 ²5

359 2907 393 2932 30

434 206 504 245 172
1197 204 1512 246 CHRONICON
1964 215 2016 250 [Α.
2036 217 2069 244 c.
2089 218 2260 252 997-10031

430 277 2271 290 ιιιιιιιιιιιιιιιιιιιιιιιιιιιιιιιιιιιιιιιιιιιιιιιιιιιιιιιιιιιιιιιιιιιιιιιιιιιιιιιιιιιιιιιιιιιιιιιιιιιιιιιιιιιιιιιιιιιιιιιιιιιιιιιιιιιιιιιιιιιιιιιιιιιιιιιιιιιιιιιιιιιιιιιιιιιιιιιιιιιιιιιιιιιιιιιιιιιιιι

513 326 592 358 Non
615 330 695 368 post
718 326 862 359 multum
885 336 969 359 uero
1000 327 1167 370 temporis
1197 327 1371 360 Henricus
1394 326 1594 371 Burgundie
1627 327 1696 360 dux
1728 327 1788 371 qui
1819 326 2104 372 Burgundionum
2136 338 2275 372 quoque

423 388 567 422 regnum
591 377 657 411 sibi
681 378 942 419 nendicauerat,
965 386 1119 413 mortuus
1141 385 1192 412 est
1206 379 1215 397 ¹
1241 379 1315 412 sine
1338 379 1427 418 filiis,
1451 385 1487 413 et
1508 379 1771 413 rebellauerunt
1800 379 2067 425 Burgundiones
2098 380 2134 413 in
2157 390 2275 425 regem

423 429 638 464 Robbertum
662 431 821 465 nolentes
844 442 922 464 eum
938 433 1106 476 recipere.
1151 434 1236 466 Post
1251 433 1395 465 tercium
1412 433 1530 476 itaque
1546 443 1674 465 annum
1690 432 1891 467 Robbertus
1906 443 1969 468 rex
1983 434 2167 478 assumptis
2182 434 2274 468 Nor-

422 484 556 517 mannis
573 494 651 517 cum
669 485 757 518 duce
772 495 835 518 suo
851 485 1030 519 Riccardo
1049 492 1084 519 et
1100 485 1258 519 exercitu
1273 485 1423 519 uastauit
1436 485 1443 500 '
1458 486 1707 530 Burgundiam.
1753 485 1949 520 Rainaldus
1964 497 2079 520 comes
2100 487 2276 521 Senonum

420 543 498 580 post
520 536 627 570 multa
650 536 741 570 mala
757 537 944 571 defunctus
960 545 1021 577 est,
1038 539 1094 572 cui
1110 538 1278 572 successit
1294 539 1513 572 Fromundus
1529 538 1620 572 filius
1635 539 1718 571 eius.
1766 538 1906 573 Mortuo
1922 549 2060 584 quoque
2076 539 2276 579 Fromundo

421 590 546 623 comite
570 590 747 624 Senonum
778 592 946 625 successit
976 592 1008 625 ei
1035 592 1229 625 Rainaldus
1260 591 1350 624 filius
1379 591 1454 625 eius
1484 592 1733 635 nequissimus3
1757 591 1814 624 hic
1846 592 2132 636 persecucionem
2163 592 2277 626 intulit

422 643 579 676 ecclesiis
601 643 731 677 Christi
754 645 895 688 eiusque
918 645 1079 678 fidelibus
1102 651 1232 688 quanta
1254 655 1325 678 non
1349 651 1402 679 est
1425 644 1544 678 audita
1560 652 1716 688 tempore
1732 655 1946 689 paganorum
1962 655 2070 689 usque
2086 645 2121 678 in
2136 646 2277 679 hodier-

386 713 398 731 5
421 708 502 729 num
526 697 629 730 diem.
675 696 758 731 Post
781 698 912 742 aliquot
934 709 1018 732 uero
1042 709 1150 732 annos
1173 704 1277 742 capta
1299 705 1350 732 est
1374 699 1500 732 ciuitas
1523 699 1702 733 Senonum
1719 698 1764 732 ab
1780 699 2047 742 archiepiscopo
2062 698 2276 733 Leotherico

420 750 478 793 qui
502 751 669 784 successit
691 751 886 784 uenerabili
909 751 1075 796 Seguino‚
1099 758 1134 785 et
1157 752 1230 795 regi
1255 752 1383 786 tradita
1406 752 1587 786 Robberto
1601 752 1624 785 ².

511 803 635 836 Preter
656 804 723 836 hec
747 810 861 837 autem
886 805 1000 838 Rome
1024 805 1195 838 defuncto
1219 805 1373 838 Iohanne
1396 816 1487 848 papa
1510 805 1676 839 successit
1700 805 1733 838 ei
1756 805 1945 849 Gregorius
1968 805 2128 850 seditque
2152 815 2244 839 anno
2260 805 2276 838 1

422 856 598 890 mensibus
620 856 689 891 V’.
736 857 801 891 Cui
823 857 995 891 Iohannes
1018 870 1108 902 papa
1132 858 1303 892 successit
1326 858 1483 902 seditque
1507 858 1683 892 mensibus
1698 858 1767 892 X‘.
1814 859 1883 892 Hic
1896 859 2046 902 turpiter
2059 858 2166 892 uitam
2181 868 2277 892 suam

419 910 541 942 finiuit.
587 909 765 944 Successit
786 917 902 944 autem
925 911 1007 944 huic
1031 911 1210 951 Siluester,
1234 912 1291 944 uir
1314 912 1468 945 omnium
1493 913 1616 945 artium
1643 911 1835 946 liberalium
1860 911 2097 955 peritissimus,
2123 912 2184 956 qui
2205 911 2278 955 pri-

420 964 521 996 mitus
543 963 651 997 abbas
681 963 873 1004 Bobiensis,
902 972 1024 1007 postea
1051 965 1333 1008 archiepiscopus
1363 965 1563 1005 Rauennae,
1596 971 1674 1008 post
1697 976 1781 999 uero
1811 966 1993 999 Romanus
2014 976 2108 1009 papa
2131 965 2279 998 effectus

421 1023 516 1057 est„
541 1016 700 1060 seditque
726 1017 836 1056 annis,
860 1018 927 1050 IIII
951 1028 1067 1051 mense
1100 1018 1150 1051 1⁵.
1197 1018 1305 1051 Cuius
1335 1018 1550 1061 temporibus
1581 1019 1706 1062 ingens
1737 1019 1774 1051 in
1805 1019 1997 1062 Campania
2019 1029 2083 1062 per
2109 1017 2180 1052 XV
2201 1017 2278 1051 dies

427 1076 517 1102 terre
541 1076 654 1103 motus
676 1071 791 1104 factus
814 1076 866 1103 est
881 1071 988 1104 multa
1003 1072 1141 1104 diruens
1165 1072 1302 1104 edificia
1314 1070 1336 1104 ⁶.
1383 1071 1553 1105 Siluestro
1576 1078 1689 1104 autem
1706 1072 1855 1105 obeunte
1871 1072 2042 1105 Iohannes
2057 1071 2117 1115 qui
2130 1077 2276 1105 uocatur

422 1122 507 1166 Sigo
529 1122 690 1165 papalem
713 1123 804 1156 sedit
827 1124 1028 1156 cathedram
1052 1123 1226 1157 mensibus
1248 1123 1317 1157 V⁷.
1365 1123 1446 1163 Quo
1472 1125 1641 1158 defuncto
1667 1125 1839 1158 Iohannes
1866 1135 1958 1169 papa
1974 1125 2034 1168 qui
2049 1130 2195 1159 uocatur
2210 1124 2278 1157 Fa-

425 1187 543 1209 nassus
566 1177 657 1209 sedit
680 1187 773 1209 anno
796 1177 812 1209 I
825 1176 846 1210 ⁸.
894 1176 960 1210 Hic
976 1177 1143 1210 Ottonem
1159 1187 1278 1221 regem
1295 1178 1469 1211 Saxonum
1487 1178 1668 1211 coronauit
1684 1178 1941 1221 imperatorem.
1987 1170 2071 1211 Post
2087 1177 2276 1211 Iohannem

421 1239 504 1262 uero
521 1229 688 1263 Siluester
703 1230 918 1269 Tiburtinus,
935 1230 994 1274 qui
1009 1236 1154 1263 uocatur
1169 1230 1339 1274 Osporco,
1362 1231 1559 1264 Romanum
1575 1232 1727 1275 suscepit
1743 1232 1981 1274 pontificatum
1998 1231 2058 1275 qui
2072 1231 2164 1265 sedit
2178 1230 2277 1263 annis

422 1283 464 1315 11.
482 1283 553 1316 Suo
570 1283 711 1326 quidem
729 1289 884 1326 tempore
902 1284 969 1317 fuit
983 1285 1132 1327 pessima
1146 1285 1258 1317 fames
1270 1283 1283 1300 ⁹
1295 1283 1312 1316 '-
1337 1284 1402 1317 Hic
1419 1289 1534 1317 autem
1555 1287 1570 1302 ‘⁶
1583 1290 1719 1318 mortuo
1734 1285 1904 1318 Alberico
1920 1285 1979 1329 qui
1995 1284 2197 1328 patriciatus
2211 1283 2275 1317 sibi

427 1339 440 1354 ‘⁴
454 1346 581 1369 nomen
604 1336 858 1370 uendicauerat
879 1347 900 1369 a
924 1336 1126 1371 Crescentio
1150 1338 1381 1377 Numentano,
1406 1338 1465 1381 qui
1488 1338 1652 1382 patricius
1676 1339 1872 1379 dicebatur,
1894 1349 1986 1382 papa
2012 1337 2193 1372 ordinatus
2224 1342 2276 1370 est
2299 1337 2342 1370 20
2368 1352 2369 1355 ¹

426 1392 439 1406 ⁴⁴
453 1389 582 1433 quique
606 1389 708 1422 etiam
732 1390 897 1423 Ottonem
922 1391 1103 1423 coronauit
1125 1391 1381 1433 imperatorem,
1404 1397 1526 1434 postea
1540 1401 1625 1424 uero
1640 1402 1720 1424 cum
1744 1402 1872 1436 magno
1889 1392 2066 1425 dedecore
2082 1390 2126 1424 ab
2149 1390 2274 1423 eodem

422 1445 436 1460 “
450 1443 653 1476 Crescentio
677 1453 698 1475 a
721 1448 851 1486 papatu
876 1444 1039 1486 expulsus
1062 1449 1125 1483 est,
1150 1449 1185 1476 et
1208 1444 1348 1487 quidam
1371 1445 1555 1483 Iohannes,
1578 1444 1803 1478 Placentinus
1825 1445 2020 1488 episcopus,
2049 1444 2182 1478 Grecus
2212 1453 2274 1487 ge-

425 1498 438 1513 “
453 1506 546 1534 nere,
570 1496 745 1540 legatione
769 1496 910 1529 functus
933 1496 1072 1530 Ottonis
1094 1497 1314 1539 imperatoris
1337 1508 1358 1529 a
1381 1497 1719 1540 Constantinopolim
1744 1498 1885 1531 rediens
1907 1497 1989 1531 dum
2005 1497 2156 1531 Romam
2172 1506 2277 1530 causa

2305 805 2343 838 10

2304 1070 2340 1104 15

509 1634 534 1660 5.
547 1629 663 1654 Mortuo
678 1631 774 1662 itaque
793 1631 818 1655 Α
830 1631 856 1655 Β
869 1639 882 1654 e
897 1630 976 1655 Sasso
996 1643 1028 1647 —
1048 1628 1073 1653 6.
1092 1629 1337 1662 persequutionem
1360 1629 1387 1653 B
1404 1637 1418 1652 e
1438 1628 1518 1654 Sasso
1538 1642 1571 1647 --
1591 1630 1615 1655 8.
1642 1629 1795 1655 Lotherico
1814 1631 1841 1654 B
1859 1639 1873 1654 e
1893 1631 1973 1656 Sasso
1992 1642 2026 1647 —
2047 1635 2089 1654 ιο.
2107 1628 2242 1654 successit
2254 1627 2279 1653 C
2307 1637 2309 1640 ⁴

420 1686 451 1690 —-
476 1680 515 1699 12.
534 1674 642 1699 arcium
663 1676 687 1701 C
704 1684 717 1700 e
737 1675 829 1700 Arndt
847 1676 891 1700 che
910 1678 1023 1700 annoto:
1046 1673 1059 1687 “
1070 1674 1101 1698 id
1119 1675 1162 1698 est
1187 1674 1292 1698 artium
1303 1691 1317 1705 n
1333 1687 1366 1691 —
1382 1672 1422 1698 16.
1436 1681 1510 1706 papa
1525 1675 1548 1698 C
1560 1675 1590 1698 di
1603 1675 1716 1699 secanda
1734 1682 1811 1700 mano
1830 1675 1857 1700 in
1875 1674 2019 1700 interlineo
2037 1686 2072 1691 —
2094 1670 2126 1698 18
2144 1670 2274 1707 Osporeo

421 1719 444 1742 Λ
466 1731 497 1736 -
518 1725 560 1744 21.
579 1719 649 1744 Post
666 1727 699 1744 ea
719 1720 799 1745 Sasso
818 1733 851 1738 —
872 1726 915 1744 22.
935 1720 1072 1753 apparatu
1091 1718 1226 1750 expulsus
1246 1719 1288 1743 est
1307 1718 1339 1743 L.
1349 1718 1379 1742 P.
1402 1719 1440 1742 II.
1456 1724 1513 1750 353
1533 1732 1564 1736 —
1587 1725 1630 1751 ²3·
1649 1718 1771 1744 Ottonis
1790 1719 1913 1744 iuniorIs
1926 1718 1958 1744 L.
1971 1719 2002 1744 P.
2022 1720 2041 1744 l.
2053 1727 2076 1743 c.

421 1792 506 1816 secolo
535 1792 589 1823 ΧΙ,
617 1792 724 1825 Napoli
755 1791 831 1824 1864,
860 1793 919 1817 vol.
947 1792 968 1821 Ι,
988 1800 1014 1824 p.
1040 1796 1074 1823 47
1100 1797 1115 1815 e
1134 1798 1181 1823 sg:
1207 1791 1320 1816 Hmscu

428 1833 586 1862 BRESSLAU,
599 1833 768 1864 Jakrbucher
786 1836 832 1859 des
859 1835 997 1859 deutschen
1021 1834 1118 1858 Reichs
1137 1837 1215 1858 anter
1236 1833 1321 1858 Hein-

423 1876 478 1900 rich
499 1877 547 1906 II3
566 1876 615 1901 vol
633 1876 682 1908 111,
704 1874 781 1909 1875,
801 1884 828 1910 p.
844 1883 902 1910 147,
918 1876 1198 1908 152ςΗΕ1ΝΕΜΑΝΝ,
1217 1876 1320 1901 Gescki—

421 1920 476 1944 chte
496 1920 546 1944 der
565 1921 739 1945 Normannen
752 1921 779 1945 in
798 1920 978 1945 materitalien
992 1920 1049 1944 und
1060 1919 1181 1949 Sicilien,
1194 1917 1321 1951 Leipzig.

426 1960 501 1994 1894,
521 1961 581 1986 vol.
600 1961 621 1993 1,
642 1970 668 1995 p.
690 1961 724 1987 28
743 1970 757 1987 e
777 1970 832 1995 seg.

511 2004 681 2029 Basintellus
699 2004 776 2029 forse
799 2004 834 2029 da
861 2004 1047 2030 identificarsi
1073 2012 1127 2028 con
1162 2004 1321 2028 Vasintellas

423 2047 495 2071 (iove
509 2045 666 2072 Gualmaro
680 2048 811 2081 prinpre
829 2048 858 2072 dl
874 2047 993 2073 Salerno
1013 2047 1198 2072 combattette
1220 2048 1322 2071 contro

427 2091 432 2113 i
455 2089 549 2114 Greci.
562 2089 614 2115 Cf:
637 2090 782 2115 Chronicon
803 2090 1013 2120 Salernitanum,
1032 2090 1081 2115 cit.
1095 2097 1117 2114 c.
1134 2088 1184 2122 158
1199 2102 1207 2107 -
1224 2089 1264 2114 M.
1290 2089 1321 2113 G.

432 2132 476 2162 H„
492 2131 541 2157 SS.
561 2131 608 2157 111.
624 2138 684 2165 549.

516 2172 522 2188 ¹
546 2179 576 2206 17
599 2175 726 2199 Historia
745 2175 908 2199 Francorum
930 2174 1085 2199 Senoncnsis
1105 2175 1154 2199 cit.
1174 2182 1219 2200 an.
1246 2180 1322 2205 1001,

426 2224 452 2248 p.
471 2215 539 2248 3⁶9=
558 2216 678 2240 Annales
695 2217 784 2240 sancti
801 2216 899 2246 Albini,
920 2217 938 2240 1.
958 2216 1022 2240 cita
1050 2224 1116 2241 1002
1136 2215 1224 2248 (1001)
1249 2216 1324 2241 Obiit

430 2258 560 2283 Henricus
580 2259 631 2282 dux
649 2259 879 2291 Burgundionum.

512 2298 523 2315 ²
541 2300 628 2329 IDEM.
643 2308 688 2325 an.
710 2307 776 2332 1003
797 2307 812 2324 e
835 2307 900 2333 1015
921 2308 948 2333 p.
969 2300 1027 2333 369.

511 2340 522 2357 '³
542 2343 573 2367 L.
593 2342 632 2370 P..
651 2342 687 2372 ΙΙ,
707 2341 774 2367 261:
801 2343 959 2376 Gregorius,
982 2343 1087 2367 natione
1107 2343 1186 2371 Saxo,
1200 2351 1229 2367 ex
1237 2345 1321 2374 patre

430 2389 532 2415 ottone,
551 2388 622 2412 sedit
640 2396 700 2412 ann.
721 2387 753 2411 II
770 2396 849 2413 mens.
868 2386 943 2412 VIII.
966 2395 992 2412 R.
1012 2385 1080 2419 pero
1095 2394 1178 2420 segue
1190 2387 1218 2412 al
1233 2387 1321 2411 solito

424 2430 443 2452 il
457 2429 528 2454 Cod.
542 2429 685 2454 Vaticano
696 2428 774 2461 3764,
788 2436 837 2462 per
850 2430 894 2453 cui
910 2427 1052 2462 Gregorio
1066 2429 1172 2454 sedette
1185 2436 1224 2453 un
1244 2435 1321 2453 anno

421 2481 435 2496 e
449 2473 551 2504 cinque
564 2473 642 2497 mesi.
662 2471 747 2497 Sasso
767 2473 850 2496 nota:
876 2472 889 2485 α
900 2472 971 2496 Vere
985 2472 1124 2506 antipapa
1138 2472 1190 2496 sub
1203 2472 1322 2497 nomine

422 2514 562 2539 lohannes
581 2514 648 2539 XVI
658 2533 682 2547 η.

510 2555 519 2571 ⁴
538 2556 625 2586 IDEM,
645 2559 693 2582 loc.
713 2558 772 2581 cit.:
796 2558 931 2585 lohannes,
951 2556 1057 2581 natione
1083 2557 1187 2587 Grecus,
1209 2557 1240 2580 de
1254 2556 1320 2580 civi-

424 2603 479 2623 ta-‘e
499 2601 615 2631 Rosane,
637 2608 669 2624 m.
690 2601 739 2628 Χς
760 2597 819 2624 cosi
840 2599 876 2623 ha
896 2599 917 2623 il
937 2597 1010 2623 Cod.
1030 2598 1075 2624 del
1088 2598 1188 2623 Museo
1211 2598 1322 2624 Britan-

423 2643 489 2666 nico
511 2641 605 2674 14801‚
624 2642 700 2667 oltre
714 2642 735 2666 il
751 2640 820 2673 3764
834 2641 909 2666 della
922 2641 1074 2665 Vaticana.
1088 2640 1134 2666 Cf.
1148 2641 1321 2669 Ducnssus,

422 2684 456 2714 11,
477 2683 526 2709 262
548 2685 617 2709 nota
638 2691 662 2717 5.

487 2720 489 2723 ”
510 2725 521 2742 5
541 2726 629 2757 lnam,
647 2726 684 2756 ΙΙ,
711 2725 770 2759 263,
796 2725 885 2750 anche
910 2726 959 2756 qui
979 2731 1007 2749 R.
1033 2731 1117 2757 segue
1141 2725 1163 2749 11
1189 2724 1322 2757 catalogo

421 2769 563 2794 Vaticano
584 2768 662 2802 3764,
682 2776 763 2793 come
781 2768 803 2793 11
819 2767 964 2793 Chronicon
985 2769 1118 2797 Cavense;
1139 2769 1247 2791 mentre
1265 2766 1322 2792 Sll-

421 2813 516 2836 vestro
526 2811 553 2836 11
565 2809 705 2843 pontifico
718 2812 835 2843 quattro
849 2809 929 2839 anni,
943 2811 982 2834 sei
995 2810 1062 2834 mesi
1076 2816 1092 2833 e
1105 2809 1201 2833 dodici
1213 2809 1321 2841 giornl.

422 2854 460 2878 Le
480 2854 578 2887 parole
598 2853 741 2885 virgolate
760 2860 786 2877 R.
801 2855 890 2878 trasse
904 2852 980 2877 dalle
999 2853 1057 2877 vite
1070 2852 1117 2876 dei
1129 2851 1202 2884 Papi
1213 2852 1321 2876 redatte

421 2897 467 2921 dal
482 2894 637 2921 Cardinale
650 2895 763 2921 Bosone
781 2902 796 2920 e
816 2895 932 2920 inserite
945 2895 991 2919 nel
1005 2894 1085 2919 Liber
1102 2894 1246 2919 Ceusuum:
1259 2893 1319 2918 Cf..-

420 2939 596 2968 Duemtsmzz,
615 2938 646 2962 L.
667 2938 698 2962 P.
715 2938 751 2967 11,
771 2942 831 2971 353.
868 2936 920 2961 Per
944 2937 972 2961 la
991 2937 1052 2961 vita
1067 2937 1097 2961 di
1112 2935 1258 2967 Gerberto,
1272 2935 1322 2970 poi

422 2988 504 3014 papa,
524 2980 570 3005 Cf.
590 2979 752 3009 Rlcnsnus,
781 2979 862 3008 Hist„
883 2980 948 3008 cit„
966 2979 997 3003 in
1018 2979 1060 3003 M.
1085 2979 1115 3003 G.
1138 2979 1184 3006 H„
1205 2978 1254 3003 S-S.
1274 2977 1323 3009 111,

1377 1796 1438 1822 511,
1451 1798 1466 1815 e
1481 1790 1514 1816 C.
1533 1790 1672 1820 eronm,
1690 1791 1753 1817 Cod.
1778 1792 1858 1823 Dipl.
1871 1793 1918 1817 del
1933 1795 2042 1816 monast.
2062 1791 2094 1816 dr·
2105 1791 2162 1816 San
2177 1791 2277 1815 Colom-

1374 1834 1443 1858 bano
1462 1834 1493 1858 di
1510 1834 1618 1866 Bobbio,
1639 1833 1740 1864 Roma,
1765 1833 1842 1868 1918,
1861 1834 1919 1859 vol.
1938 1833 1959 1863 1,
1978 1841 2005 1867 p.
2025 1838 2077 1867 557
2095 1841 2110 1858 e
2128 1836 2171 1867 sg-

1465 1873 1477 1891 ⁶
1495 1876 1648 1908 Arumymus
1670 1876 1843 1908 Cassinensis,
1862 1878 1955 1902 Breve
1977 1876 2129 1905 Chronicom
2142 1875 2206 1900 Du.
2223 1875 2277 1904 RE,

1376 1918 1397 1947 Ι,
1418 1917 1485 1950 461:
1503 1925 1574 1950 1004.
1600 1920 1769 1944 Terremotus
1795 1920 1891 1951 ingens
1910 1922 1965 1951 per
1990 1920 2056 1944 XV
2067 1922 2094 1943 st
2112 1927 2142 1943 eo
2163 1917 2277 1950 anplius

1378 1961 1435 1985 dies
1454 1962 1520 1986 hunc
1532 1965 1644 1986 montem
1657 1962 1820 1994 exagitavit,
1836 1962 1876 1986 ita
1889 1965 1920 1986 ut
1931 1962 1959 1986 in
1973 1961 2106 1986 nonnullis
2118 1961 2184 1986 locis
2195 1961 2276 1985 eccle-

1376 2003 1444 2027 siam
1457 2003 1600 2028 scinderet.
1637 2004 1737 2028 Anche
1751 2003 1848 2028 Leone
1861 2003 1995 2028 Ostiense
2009 2010 2043 2028 ne
2055 2002 2137 2036 parln
2150 2002 2277 2028 all'anno

1376 2044 1405 2069 8ο
1425 2046 1595 2072 dell’abbste
1613 2046 1761 2072 Glovanni
1780 2046 1821 2072 111
1843 2047 1873 2072 di
1898 2047 2125 2072 Montecassino.
2161 2045 2191 2071 Si
2212 2047 2275 2071 noti

1376 2088 1434 2117 che,
1453 2089 1579 2114 secondo
1598 2089 1620 2113 il
1644 2088 1794 2122 catalogus
1822 2090 1945 2114 abbatum
1967 2089 2124 2114 monaster-‘i
2148 2089 2276 2114 Casium-

1375 2131 1421 2161 siS,
1441 2132 1482 2155 Μ.
1502 2131 1531 2156 G.
1550 2132 1595 2162 H„
1610 2132 1660 2156 SS.
1673 2130 1733 2156 RR.
1752 2131 1992 2164 Langobardorum
2005 2134 2033 2156 et
2046 2131 2214 2162 Italicarum,
2227 2130 2275 2156 cit.

1376 2180 1402 2206 p.
1422 2172 1483 2206 489,
1503 2174 1582 2199 edito
1603 2174 1649 2199 dal
1669 2174 1781 2199 Waltz:
1806 2173 1937 2199 Iohannes
1963 2174 2044 2198 abbas
2065 2173 2138 2199 sedit
2157 2181 2219 2198 m.
2242 2180 2276 2198 12

1377 2223 1456 2241 mens.
1475 2225 1492 2248 4
1512 2216 1570 2241 dies
1589 2224 1633 2241 22.
1653 2216 1727 2241 Obiit
1738 2223 1805 2241 1010
1818 2224 1832 2240 e
1845 2215 1947 2248 quindi
1962 2216 1984 2240 il
2004 2217 2159 2240 terremoto
2172 2216 2196 2240 si
2210 2214 2277 2240 rire-

1377 2259 1487 2284 rirebbe
1506 2259 1533 2283 al
1556 2263 1633 2290 1005,
1653 2258 1825 2283 calcolando
1844 2258 1969 2283 l’ottavo
1989 2265 2067 2283 anno
2079 2257 2111 2283 dl
2127 2256 2276 2282 Glovanni

1376 2309 1456 2327 come
1476 2309 1559 2327 annus
1573 2302 1666 2326 exiens.
1704 2301 1811 2326 Difatti
1830 2301 1874 2334 gli
1886 2301 2007 2326 Annales
2023 2301 2170 2329 Caszhaees,
2183 2301 2226 2326 M.
2243 2300 2276 2327 G.

1378 2345 1424 2373 H.‚
1437 2344 1485 2370 SS.
1495 2343 1543 2373 m,
1556 2350 1604 2377 172
1616 2345 1729 2369 hanno:
1746 2350 1821 2375 1005.
1839 2344 1896 2368 Hoc
1906 2343 2009 2368 annoin
2019 2345 2086 2368 hanc
2095 2346 2206 2368 montem
2219 2351 2236 2368 a
2247 2343 2279 2368 vi

1376 2389 1534 2411 terremotus
1548 2390 1602 2418 per
1621 2386 1767 2418 quindecim
1787 2386 1844 2410 dies
1861 2389 1889 2410 et
1907 2386 1988 2410 etiam
2002 2385 2117 2417 amplias
2130 2385 2170 2410 ita
2183 2385 2275 2418 exagi-

1376 2432 1447 2454 tatus
1466 2432 1513 2460 est,
1534 2433 1565 2453 ut
1582 2430 1647 2454 hanc
1666 2429 1804 2454 ecclesiam
1824 2429 1850 2453 in
1869 2429 2024 2461 quibusdam
2043 2428 2108 2453 locis
2132 2428 2273 2460 scindant,

1377 2475 1404 2495 el
1421 2479 1508 2495 omnes
1527 2471 1592 2495 hunc
1605 2474 1715 2495 montem
1728 2471 1822 2496 subrui
1833 2471 2025 2495 extimaremus.
2039 2469 2139 2495 Anche
2151 2469 2174 2495 11
2193 2470 2275 2495 Chro-

1376 2513 1450 2538 nicon
1471 2515 1592 2538 Cavense
1611 2520 1729 2546 sssegna
1749 2513 1774 2537 al
1795 2514 1949 2538 terremoto
1969 2513 2036 2538 l’an.
2058 2517 2134 2544 1005.

1464 2554 1475 2571 ⁷
1494 2555 1524 2580 L.
1544 2556 1586 2587 P„
1605 2555 1641 2585 11,
1661 2554 1730 2587 265:
1750 2555 1764 2570 ²
1776 2556 1928 2586 Iohannes,
1948 2555 1998 2587 qui
2017 2554 2165 2580 dicebatur
2182 2554 2275 2584 Sicco.

1375 2598 1495 2623 natione
1519 2597 1674 2627 Romanus,
1703 2598 1737 2623 de
1762 2598 1880 2632 regione
1898 2597 2067 2627 Bheretica,
2087 2597 2162 2622 sedit
2187 2604 2273 2622 mens.

1375 2640 1415 2664 VI
1425 2657 1449 2670 η.
1486 2640 1509 2664 11
1530 2638 1672 2673 Catalogo
1686 2640 1731 2664 del
1746 2639 1818 2665 Cod.
1833 2639 1952 2664 Estense
1971 2638 2017 2668 Vl,
2036 2638 2068 2663 F.
2087 2643 2101 2670 5
2112 2647 2163 2664 ε...
2178 2638 2275 2664 “sedit

1377 2681 1391 2694 “
1403 2690 1491 2707 mens.
1510 2683 1534 2706 V
1554 2683 1590 2707 et.
1611 2682 1672 2707 dies
1693 2682 1770 2707 XXV
1783 2700 1806 2715 ῃ.

1463 2722 1475 2739 ⁸
1489 2724 1573 2755 Ioum,
1586 2723 1621 2754 11,
1633 2723 1700 2749 266:
1713 2724 1863 2752 Iohannes,
1877 2724 1927 2755 qui
1937 2723 2083 2748 dicebatur
2093 2722 2227 2748 Fassnus.
2237 2741 2242 2747 .
2253 2738 2274 2747 ..

1375 2767 1389 2780 “
1401 2767 1475 2791 sedit
1495 2774 1559 2791 ann.
1580 2766 1640 2799 V„.
1659 2766 1684 2791 11
1703 2766 1775 2791 Cod.
1796 2766 1913 2791 Estense
1931 2766 1995 2790 elta
2017 2764 2181 2790 “Iohannes
2200 2771 2275 2798 papa

1376 2816 1441 2832 ann.
1462 2809 1473 2832 I
1485 2825 1507 2839 „-

1463 2848 1475 2866 9
1494 2851 1580 2882 ΙυΕΜ,
1593 2850 1628 2880 11,
1648 2850 1709 2883 267.
1727 2851 1752 2875 Il
1767 2851 1874 2876 Codice
1888 2851 2030 2875 Vaticano
2048 2849 2133 2883 3764=
2146 2849 2271 2883 Sergius,

1375 2893 1421 2924 qui
1430 2896 1543 2918 vocatur
1559 2894 1596 2919 Os
1600 2894 1682 2924 porci
1684 2910 1692 2923 ,
1703 2894 1810 2918 natione
1824 2894 1966 2924 Romanus,
1978 2893 2049 2918 sedit
2058 2900 2101 2918 an.
2114 2891 2165 2917 III
2170 2893 2196 2917 d.
2208 2892 2243 2916 Χ
2245 2892 2271 2917 V.

1375 2935 1400 2959 11
1420 2934 1492 2960 Cod.
1512 2935 1639 2966 Estense,
1658 2935 1708 2960 cit.
1728 2937 1884 2968 agglunge:
1905 2935 1959 2960 Sub
1983 2935 2058 2960 huius
2083 2937 2201 2965 tenpore
2212 2933 2275 2967 fm’t
2300 2929 2336 2955 60

1369 2978 1464 3011 fames
1482 2979 1596 3009 valida3
1614 2985 1630 3002 e
1642 2977 1664 3002 il
1684 2978 1749 3003 Vat.
1763 2977 1830 3011 629=
1844 2977 1906 3003 Suis
1920 2978 2079 3009 temporibus
2085 2977 2148 3010 fnit
2154 2976 2273 3008 pessima

2303 1870 2337 1899 3⁵
2358 1851 2364 1870 ’⁵

2303 2085 2339 2111 40
2368 2068 2371 2103 ¹,

2303 2295 2336 2324 4⁵
2396 2303 2397 2306 ¹

2303 2510 2338 2537 ⁵0
2368 2524 2377 2554 τι.

2303 2723 2334 2751 ss

2368 2949 2398 3001 4ἐξ

2371 3062 2386 3118 {-
