2398 3470
109 240 192 275 JAA.
211 240 246 268 c.
265 240 414 274 ausa]
700 231 989 269 ROMUALDI
1018 230 1365 268 SALERNITAN
1366 230 1382 266 1
1894 231 1965 267 103
1995 241 2206 266 nume-maor

115 365 339 399 “Marcianus
362 364 553 407 imperator
577 375 658 397 curn
673 362 766 406 apud
790 362 1125 405 Constantinopolim
1141 361 1262 395 urbem
1284 366 1419 403 septem
1435 371 1544 393 annos
1566 371 1712 404 regnum
1729 362 1968 395 administras-

115 420 206 458 “set,
229 418 325 451 facta
347 427 487 451 suorum
511 417 754 461 conjuratione
778 422 980 459 peremptus
1004 414 1088 448 est¹.

197 471 336 504 Interea
351 471 425 503 Leo
449 481 542 513 papa
556 471 629 502 uita
653 470 810 509 decessit,
828 475 863 501 et
885 468 1054 502 successit
1071 468 1104 501 ei
1120 468 1271 507 Hilarus,
1295 467 1435 500 natione
1450 467 1592 506 Sardus,
1619 479 1661 500 ex
1676 474 1776 511 patre
1793 468 1965 512 Crispino,
1989 460 2037 511 ᾆξ’,
2046 460 2093 506 ῥέξ’
2094 465 2134 511 1⁶1

108 525 268 567 seditque
291 524 394 556 annis
416 535 491 563 rex,
515 523 690 556 mensibus
713 523 822 556 tribus
834 521 856 555 ².
903 522 972 555 Hic
996 522 1187 560 interdixit,
1210 527 1248 554 ut
1270 521 1433 563 pontifex
1457 515 1692 554 successorem
1708 522 1774 554 sibi
1798 521 1887 572 non4'
1905 523 1965 554 eli·
1990 513 2162 564 ἕαὲᾬῖζῖξὲ

6 582 18 610 2
67 579 86 612 5
109 583 218 622 geret,
249 577 307 620 qui
337 588 408 610 non
439 577 551 609 solum
582 577 618 608 in
648 575 872 608 helemosinis
903 575 1027 608 dandis
1053 574 1266 618 pauperibus
1298 574 1426 606 cotidie
1450 575 1580 606 studuit
1593 573 1616 612 ⁸,
1648 586 1768 607 uerum
1799 576 1900 608 etiam
1935 582 1969 608 et
2044 591 2065 608 c.
2081 586 2141 607 noa

109 631 295 675 plerasque
318 630 481 663 basilicas
511 640 607 669 auro,
631 635 843 673 argentoque
871 629 1061 661 decorauit.
1108 628 1153 661 Et
1175 628 1234 660 hic
1258 628 1413 670 sepultus
1429 633 1483 660 est
1497 627 1543 659 ad
1567 634 1721 660 sanctum
1745 628 1970 661 Laurentium

109 685 147 718 in
162 690 286 729 crypta
306 684 405 727 juxta
426 693 553 726 corpus
576 682 669 715 beati
693 682 785 715 Xisti
810 681 965 724 episcopi
979 681 1000 714 ⁴.

198 736 303 770 Anno
327 736 502 769 dominice
533 735 785 768 Incarnationis
815 734 1057 768 CCCCLVIII
1089 740 1122 767 et
1153 744 1245 767 anno
1270 734 1313 766 ab
1345 734 1438 766 urbis
1462 734 1663 767 conditione
1687 734 1853 768 MCCXI.
1899 735 1973 768 Leo
1996 731 2018 772 ἓ
2033 725 2061 773 ξ
2072 726 2164 773 3⁸12„

111 791 250 836 quintus
273 801 316 823 ac
339 789 641 834 quadragesimum
665 789 903 822 Romanorum
927 798 1072 832 regnum
1091 788 1185 830 apud
1209 788 1329 820 urbem
1346 788 1683 830 Constantinopolim
1707 789 1892 832 Augustali
1908 800 1972 833 po-

0 836 14 870 2
49 846 88 880 10
111 845 195 877 titus
219 849 270 876 est
294 844 474 886 dignitate.
522 841 594 880 Qui
615 842 771 875 Leonem
794 842 900 874 filium
924 852 1021 874 suum
1047 847 1242 874 consortem
1266 841 1402 883 imperii
1427 840 1523 874 fecit.
1570 841 1742 884 Exempto
1767 852 1905 885 quoque
1936 843 1969 875 in

109 897 210 931 Italia
232 897 390 929 humanis
413 896 517 929 rebus
540 895 659 934 Auito,
682 895 898 940 Majorianus
922 894 1014 937 apud
1038 894 1244 927 Rauennam
1270 894 1398 927 inuasit
1420 894 1616 936 imperium,
1640 895 1734 938 quod
1759 906 1837 927 cum
1861 906 1971 939 prope

110 961 150 984 1v
171 960 280 983 annos
304 949 519 989 obtinuisset,
541 949 636 981 haud
658 948 783 991 procul
805 959 826 980 a
848 948 1063 986 Veronense,
1095 947 1303 981 Detornensi
1335 947 1477 980 ciuitate
1502 948 1638 980 occisus
1669 955 1731 981 est.
1777 948 1972 992 Statimque

109 1003 261 1038 Seuerus
285 1003 379 1045 apud
402 1002 608 1035 Rauennam
624 1001 812 1044 imperator
835 1001 992 1039 efficitur,
1016 1002 1076 1044 qui
1092 1011 1172 1033 cum
1194 1011 1234 1033 1v
1258 1001 1358 1044 annis
1373 1001 1587 1044 imperasset,
1612 1006 1724 1034 morte
1740 1002 1833 1044 apud
1849 1002 1970 1035 urbem

111 1056 275 1091 occubuit
287 1055 310 1089 ⁵.
355 1056 495 1088 Dehinc
512 1066 590 1088 cum
614 1065 784 1088 consensu
800 1055 905 1087 totius
927 1054 1047 1087 militie
1063 1055 1140 1099 jura
1156 1054 1294 1097 imperii
1311 1053 1507 1087 Anthemus
1521 1055 1681 1097 suscepit.
1730 1056 1867 1088 Eodem
1885 1063 1972 1089 tem-

49 1110 87 1144 15
110 1121 196 1155 pore
213 1119 353 1154 egresso
369 1109 550 1151 inopinate
573 1109 668 1151 igne,
684 1118 810 1152 magna
826 1108 943 1141 edium
959 1114 1074 1151 strage
1101 1107 1425 1150 Constantinopolis
1442 1114 1596 1140 cremata
1611 1113 1663 1141 est
1675 1107 1697 1140 ⁶.
1744 1108 1811 1141 His
1834 1119 1973 1152 quoque

113 1163 235 1198 diebus
257 1163 347 1196 inter
370 1161 582 1195 Anthemum
605 1162 812 1204 principem,
836 1162 978 1205 ejusque
1001 1172 1168 1205 generum
1192 1161 1407 1194 Ricimerem
1430 1159 1627 1203 patricium,
1651 1161 1710 1204 qui
1734 1167 1818 1194 tunc
1833 1162 1972 1195 Medio-

16 1237 29 1254 „
111 1217 183 1251 lani
204 1217 336 1260 positus
351 1221 491 1259 preerat
513 1215 669 1259 Ligurie,
694 1215 871 1247 discordia
893 1221 1013 1248 exorta
1036 1220 1099 1247 est.
1146 1214 1267 1247 Diuisa
1289 1215 1408 1258 itaque
1425 1215 1539 1248 Roma
1562 1221 1623 1253 est,
1649 1215 1787 1258 quidam
1805 1215 1973 1249 fauebant

111 1269 288 1308 Anthimo,
311 1269 454 1312 quidam
479 1274 593 1301 autem
617 1268 805 1300 Ricimeris
827 1268 1009 1310 perfidiam
1031 1267 1265 1310 sequebantur
1276 1266 1299 1299 ⁷.
1346 1266 1482 1305 Quarto
1499 1274 1613 1300 autem
1629 1279 1719 1301 anno
1744 1269 1882 1311 imperii
1898 1270 1973 1302 An-

111 1323 221 1362 thimi,
244 1323 403 1356 Ricimer
419 1321 542 1354 urbem
565 1321 744 1360 inuadens,
769 1322 928 1354 eumdem
951 1320 1152 1353 Anthimum
1182 1321 1303 1365 gladio
1333 1321 1522 1353 trucidauit
1533 1320 1556 1354 ⁸.
1603 1321 1698 1354 Inter
1720 1322 1786 1354 hec
1819 1322 1975 1355 Olibrius

12 1369 22 1410 sl
46 1379 89 1411 20
112 1377 156 1411 ab
179 1377 338 1420 Augusto
360 1376 481 1409 Leone
505 1375 627 1407 missus
651 1375 697 1407 ad
720 1374 861 1414 urbem,'
885 1374 1017 1418 regiam
1041 1374 1188 1417 adeptus
1211 1379 1263 1406 est
1287 1374 1504 1418 dignitatem.
1551 1375 1690 1407 Interea
1713 1375 1870 1408 Ricimer
1892 1381 1971 1418 post
2047 1391 2069 1408 c.
2083 1386 2145 1407 12⁶⁶

16 1433 18 1438 ’
111 1441 246 1464 menses
268 1430 487 1462 excruciatus
509 1428 733 1472 languoribus
755 1427 894 1461 interiit.
941 1427 1094 1461 Olibrius
1117 1438 1255 1471 quoque
1283 1428 1365 1460 dum
1388 1437 1455 1470 per
1482 1437 1536 1460 vn
1560 1439 1658 1460 mens
1684 1429 1867 1471 imperium
1894 1439 1972 1473 ges-

111 1485 221 1523 sisset,
244 1483 358 1516 Rome
383 1482 571 1516 defunctus
593 1489 645 1514 est
657 1480 679 1514 ⁹.
725 1483 739 1498 ‘⁴
751 1481 835 1514 Post
851 1491 954 1525 quem
979 1481 1152 1514 Glicerius
1163 1480 1185 1498 ¹⁰
1202 1481 1412 1513 domesticus
1429 1491 1450 1512 a
1467 1481 1670 1514 Gundibaro
1687 1481 1851 1522 Patricio,
1869 1484 1974 1516 totius

117 1540 132 1557 ‘⁴
145 1537 247 1571 etiam
268 1536 448 1569 uoluntate
466 1535 649 1573 exercitus,
674 1535 768 1578 apud
793 1535 998 1567 Rauennam
1013 1534 1201 1576 imperator
1225 1534 1383 1567 efficitur.
1429 1533 1533 1567 Anno
1558 1534 1684 1568 deinde
1701 1536 1860 1578 sequenti
1876 1537 1972 1569 Gun-

117 1593 132 1610 “
145 1589 288 1624 dibarus
309 1588 476 1632 patricius
489 1599 568 1621 cum
584 1589 740 1621 exercitu
762 1588 916 1627 ueniens,
941 1587 1132 1620 Glicerium
1149 1588 1192 1620 ab
1209 1587 1380 1629 imperiali
1396 1588 1491 1620 exuit
1514 1593 1696 1629 potestate,
1714 1599 1860 1632 eumque
1880 1590 1974 1632 apud

11 1655 14 1660 ·
45 1642 87 1678 25
116 1643 293 1677 “Salonas
315 1642 564 1674 Dalmatiarum
587 1641 708 1674 urbem
731 1641 934 1683 episcopum
966 1640 1184 1680 ordinauit„.
1230 1641 1311 1682 Ipso
1335 1640 1487 1683 denique
1518 1651 1609 1673 anno
1632 1640 1848 1686 Augustulus
1879 1643 1974 1686 apud

111 1697 245 1730 Italiam
269 1705 348 1728 eum
371 1694 524 1727 exercitu
547 1694 703 1734 ueniens,
726 1694 848 1737 fugato
873 1693 1088 1732 Gundibaro,
1113 1693 1250 1736 imperii
1274 1694 1429 1737 regimen
1452 1694 1581 1727 inuasit
1595 1693 1629 1727 ¹¹.
1665 1695 1772 1728 Circa
1795 1696 1862 1728 hec
1885 1702 1974 1729 tem-

110 1760 198 1793 pora
219 1748 474 1786 Theodericus,
499 1753 733 1791 cognomento
757 1747 882 1780 Strabo
913 1746 1043 1779 Triarii
1066 1746 1158 1779 filius
1181 1757 1260 1779 cum
1284 1757 1410 1790 magna
1441 1747 1729 1790 Ostrogothorum
1755 1748 1973 1782 multitudine

6 1839 32 1851 ,Η
109 1812 219 1848 usque
243 1803 288 1836 ad
310 1802 448 1835 tertium
472 1800 567 1834 urbis
590 1800 770 1832 miliarium
794 1806 944 1832 armatus
968 1799 1121 1840 aduenit,
1144 1799 1231 1832 nulli
1256 1806 1371 1833 tamen
1396 1800 1634 1833 Romanorum
1657 1801 1791 1840 noxius,
1809 1802 1973 1836 continuo

4 1854 35 1893 ξ
109 1856 147 1889 in
168 1856 348 1900 Illyricum
370 1864 538 1893 reuersus,
561 1860 715 1886 mortuus
739 1859 791 1886 est
805 1852 839 1886 ¹¹.
877 1853 953 1886 Leo
976 1853 1081 1897 igitur
1103 1852 1280 1897 Augustus
1303 1859 1485 1896 postquam
1510 1853 1688 1886 Orientale
1716 1855 1895 1897 imperium
1913 1856 1968 1889 de·

8 1891 27 1939 ῗ
21 1911 89 1944 30
110 1918 187 1943 cem
210 1914 246 1942 et
268 1913 401 1951 septem
433 1917 552 1947 annos,
575 1906 721 1940 rexisset
743 1906 838 1939 diem
862 1901 985 1938 clausit
1008 1905 1238 1939 extremum¹³
1302 1908 1316 1923 '⁴
1330 1906 1398 1939 Hic
1422 1917 1486 1949 pro
1510 1912 1604 1940 tomo
1634 1907 1888 1941 Calcedonensi
1912 1920 1975 1952 per

116 1962 343 1995 “uniuersum
366 1959 486 1993 orbem
509 1959 654 2003 singulis
677 1959 944 1992 orthodoxorum
972 1958 1157 2001 episcopis,
1181 1930 1336 2002 singulas
1365 1966 1639 2003 consonatesque
1670 1960 1763 1993 misit
1794 1962 1972 2004 epistolas;

116 2015 230 2059 “quid
253 2014 298 2048 de
321 2014 445 2047 eodem
468 2019 562 2046 tomo
586 2013 763 2055 sentirent,
787 2012 934 2045 rescribi
964 2012 1028 2044 sibi
1053 2012 1242 2054 postulans,
1267 2022 1413 2055 quorum
1445 2013 1533 2046 adeo
1559 2014 1786 2046 consonantia
1816 2015 1861 2048 de
1888 2027 1973 2048 uera

116 2071 131 2087 ‘⁶
144 2067 275 2102 Christi
298 2066 536 2100 incarnatione
560 2066 713 2108 suscepit
729 2066 882 2098 omnium
905 2066 1087 2108 rescripta,
1105 2076 1146 2098 ac
1169 2066 1197 2098 si
1213 2075 1283 2098 uno
1308 2071 1475 2108 tempore,
1491 2076 1630 2109 unoque
1656 2067 1810 2100 dictante
1826 2068 1975 2102 fuissent

22 2158 23 2161 Ἴ
116 2122 307 2154 “uniuersa
330 2120 544 2162 conscripta:
569 2119 816 2152 Theodoratus
840 2119 1027 2162 episcopus
1052 2118 1210 2159 ciuitatis,
1235 2129 1302 2162 que
1332 2130 1354 2152 a
1377 2119 1470 2163 Cyro
1492 2130 1577 2163 rege
1608 2119 1793 2153 Persarum
1822 2122 1974 2163 condita,

8 2166 30 2213 53⁷*
46 2175 88 2208 35
117 2175 250 2219 “Cyrie
273 2184 400 2207 nomen
422 2173 540 2213 habet,
564 2172 695 2205 scri'bit
718 2172 763 2205 de
785 2182 872 2205 uera
894 2172 1137 2205 incarnatione
1162 2172 1292 2205 domini
1315 2172 1498 2206 saluatoris
1522 2173 1690 2206 aduersus
1713 2175 1911 2219 Eutychen,
1940 2182 1975 2209 et
2051 2192 2072 2209 c.
2086 2192 2146 2212 ma

12 2229 32 2260 ’ἐς
115 2230 131 2247 ⁸
142 2228 347 2261 Dioscorum
362 2226 580 2260 Alexandrie
605 2226 819 2268 episcopum,
836 2226 895 2269 qui
918 2227 1104 2259 humanam
1120 2225 1155 2258 in
1178 2225 1317 2259 Christo
1342 2236 1482 2259 carnem
1498 2233 1639 2271 negant,
1662 2228 1803 2270 scripsit
1818 2234 1853 2261 et
1869 2229 1976 2262 histo-

205 2361 227 2379 ι.
245 2353 380 2387 regnauit
395 2352 419 2377 C
430 2365 462 2370 —
476 2359 502 2385 3.
520 2352 638 2377 Ylarius
661 2351 684 2376 C
700 2365 733 2370 —
752 2357 777 2384 5.
796 2351 978 2376 eleemosinis
996 2351 1022 2374 B
1041 2364 1050 2369 -
1069 2350 1201 2383 quotldle
1218 2350 1278 2375 AB
1291 2364 1323 2369 —
1339 2356 1362 2383 7.
1373 2351 1466 2384 cripta
1484 2351 1509 2375 A
1522 2352 1546 2377 C
1557 2366 1590 2370 —
1604 2351 1628 2377 8.
1648 2352 1729 2377 Anni
1742 2353 1854 2378 domini
1877 2353 1919 2378 C·
1940 2354 1974 2379 ab

22 2415 23 2419 ,
113 2395 177 2421 urbi
193 2395 217 2420 C
233 2409 267 2415 —
285 2403 311 2429 9.
325 2394 686 2428 Constantinopolitanam
702 2394 726 2418 C
736 2408 769 2413 —
786 2401 826 2419 11.
839 2394 1015 2419 Maior-amus
1037 2392 1062 2418 C
1073 2408 1103 2412 -
1126 2400 1168 2420 12.
1184 2393 1358 2426 optinuisset
1371 2396 1421 2419 aut
1433 2394 1457 2418 A
1469 2395 1493 2419 C
1505 2408 1537 2412 —
1560 2401 1599 2427 13.
1613 2397 1749 2427 quattuor
1764 2397 1788 2421 C
1799 2409 1832 2414 —
1855 2403 1895 2429 14.
1914 2397 1973 2421 An-

15 2444 41 2469 ᾗ»
112 2438 219 2464 thinius
237 2439 282 2467 B,-
299 2438 432 2463 PAULUs:
451 2437 621 2462 Anthemius
643 2449 675 2455 --
698 2443 738 2469 15.
756 2437 912 2470 inopinato
930 2436 954 2460 A
976 2451 1008 2454 —
1031 2435 1070 2461 16.
1090 2436 1263 2461 Ricimerum
1282 2436 1309 2460 B
1327 2450 1359 2454 —
1383 2435 1422 2461 18.
1441 2436 1579 2461 Rlcimerl
1598 2437 1624 2460 B
1641 2445 1655 2461 e
1672 2437 1723 2461 cosi
1743 2438 1774 2461 di
1786 2439 1879 2470 prima
1897 2447 1974 2463 mano

14 2472 42 2524 Ξ
111 2481 143 2506 {n
165 2480 231 2505 C—-·
247 2488 287 2513 19.
305 2479 435 2505 olibrius
454 2487 547 2504 manca
565 2480 595 2504 in
612 2479 636 2504 C
651 2493 683 2497 —
699 2485 740 2504 20.
754 2479 926 2504 Ricimerius
944 2479 968 2503 A
989 2493 1022 2497 —
1042 2485 1083 2503 21.
1097 2479 1262 2503 excruciatu
1274 2478 1298 2502 A
1317 2493 1350 2497 —
1370 2485 1411 2503 22.
1426 2477 1597 2503 Gondibaro
1615 2479 1642 2503 B
1655 2479 1721 2503 G-
1736 2485 1778 2511 27.
1791 2479 1911 2505 Trlcerii
1936 2480 1975 2509 C,-

12 2525 37 2559 ἐν]
69 2529 83 2556 5
113 2522 224 2548 Nicerii
243 2523 268 2547 B
291 2530 305 2547 e
322 2522 374 2547 cosi
391 2522 417 2547 u
432 2522 509 2547 Sasso
522 2535 555 2540 —
569 2528 612 2554 32.
630 2522 731 2547 themo
753 2521 777 2546 C
788 2535 820 2540 -
835 2521 1058 2555 34.,Theod0rus
1075 2521 1120 2549 A,-
1139 2521 1236 2546 Bam:
1256 2520 1456 2546 Theodoratus
1470 2535 1503 2539 —
1517 2527 1559 2554 35.
1579 2522 1695 2554 scrlpslt
1712 2522 1737 2546 A
1747 2522 1774 2546 B
1786 2535 1796 2540 -
1809 2522 1930 2548 Eut-icen
1950 2523 1974 2548 A

14 2607 40 2638 ἐν
110 2614 175 2639 tiata
190 2617 271 2646 caput
281 2621 360 2638 suum
379 2613 479 2638 duobus
496 2613 630 2638 monachis
647 2612 832 2641 orientalibus,
844 2613 895 2645 qui
910 2614 940 2637 ob
954 2620 1013 2638 ora-
1156 2610 1168 2628 ⁶
1187 2619 1214 2641 R,
1235 2612 1312 2646 dopo
1331 2620 1370 2638 un
1390 2613 1511 2646 periodo
1532 2613 1576 2637 del
1590 2612 1605 2646 ἕ
1623 2612 1650 2638 11
1662 2613 1692 2638 di
1712 2613 1811 2644 Paolo,
1826 2615 1971 2648 interpola

15 2641 43 2675 ἶ
109 2655 205 2679 tionem
216 2657 344 2679 venerant
357 2653 568 2687 Hierosolymam
581 2655 658 2678 iuxta
671 2654 785 2678 &roda
798 2655 931 2686 quondam
943 2654 1015 2687 regis
1068 2662 1106 2679 un
1126 2655 1247 2688 periodo
1268 2655 1314 2679 del
1333 2656 1347 2688 ξ
1366 2654 1380 2680 Ι
1399 2655 1438 2688 (p.
1459 2654 1530 2686 208).

109 2695 292 2721 habitaculum
309 2695 421 2724 revelat.
439 2697 510 2727 quod
527 2696 648 2728 deinceps
665 2695 785 2720 Emisam
802 2695 944 2720 Phem'cs'ae
966 2703 1014 2720 ur-
1158 2695 1169 2712 '⁷
1188 2704 1207 2722 n
1226 2697 1332 2730 prende
1352 2697 1374 2722 11
1394 2698 1489 2730 primo
1503 2705 1518 2722 e
1538 2697 1663 2724 l’ultimo
1677 2698 1797 2732 periodo
1818 2699 1863 2724 del
1881 2699 1896 2732 ς
1911 2706 1925 2732 3
1941 2699 1973 2724 di

109 2738 166 2763 bem
179 2738 316 2770 perlatum
334 2740 360 2762 et
378 2738 459 2770 digno
476 2737 573 2763 bonore
590 2737 693 2762 cultum
712 2740 756 2764 est.
1068 2740 1169 2770 Paolo,
1189 2739 1328 2764 mutando
1348 2739 1469 2771 qualche
1489 2741 1598 2772 parola.

54 2786 87 2805 xo
202 2779 210 2796 ¹
231 2779 355 2811 ΡΑυιυε,
374 2779 430 2805 loe.
450 2780 499 2805 eit.
1157 2779 1169 2797 ³
1189 2781 1316 2810 Parmos,
1336 2781 1397 2811 XV,
1416 2788 1449 2807 1v
1468 2782 1506 2815 (p.
1527 2782 1599 2815 209).
1999 2790 2034 2809 20

16 2838 37 2871 ¹?
199 2820 212 2880 ζ
230 2822 260 2847 L.
279 2822 323 2851 P..
340 2821 374 2889 1:¹
382 2829 409 2855 p.
417 2822 584 2889 d242=tsedie
600 2829 645 2847 an.
671 2821 720 2888 V?
740 2830 774 2848 m.
786 2822 886 2889 ἑΙΙὶεᾶ.
905 2821 942 2848 Χ.
1145 2821 1168 2881 ¹⁴⁰¹
1186 2826 1310 2889 Esunta
1329 2823 1388 2890 11³3
1406 2823 1446 2847 IV
1463 2831 1479 2849 e
1498 2824 1520 2848 ll
1540 2825 1686 2858 principio
1706 2824 1751 2850 del
1771 2825 1806 2850 V.

20 2875 34 2891 s
264 2871 337 2889 noro
376 2871 415 2889 on
436 2871 451 2889 e
469 2871 488 2889 κ
520 2871 550 2888 ra
591 2871 608 2888 a
646 2871 693 2888 ues
709 2871 726 2889 a
746 2872 784 2889 no
811 2872 827 2888 z
859 2883 865 2890 .
1221 2867 1320 2894 cerias,
1363 2872 1466 2891 Annus.

199 2904 210 2922 ⁴
228 2863 262 2930 ἕ
277 2905 307 2930 P.
327 2905 376 2931 clt.
395 2905 436 2930 La
455 2912 506 2930 sua
524 2871 655 2930 togrgbaqe
674 2905 793 2930 insieme
806 2913 860 2930 con
874 2898 969 2938 quell‘a
982 2906 1013 2931 dl
1146 2905 1166 2922 ¹¹
1187 2907 1314 2938 Pauus,
1332 2908 1393 2938 XV,
1413 2914 1467 2939 vu,
1488 2915 1514 2941 p.
1535 2915 1594 2942 215.

113 2948 230 2974 Zoslmo
249 2955 265 2973 e
283 2947 370 2974 Slsto.
406 2946 452 2972 Cf.
471 2947 646 2979 Ducnzsuz,
665 2955 692 2980 p.
712 2954 772 2981 247,
792 2949 863 2973 nota
883 2955 923 2981 ¹3·
1146 2947 1169 2967 ¹2
1186 2949 1274 2982 IDEM,
1292 2950 1353 2980 XV,
1373 2956 1413 2980 vr,
1433 2958 1460 2984 p.
1477 2957 1528 2983 ²09
1548 2951 1583 2975 da
1601 2950 1762 2984 ΙοιωΛιωε,
1780 2958 1800 2977 ι
1820 2959 1880 2987 239·

43 2998 86 3027 ¹⁵
199 2988 212 3006 ⁵
229 2989 352 3019 Pam-us,
371 2989 433 3021 XV,
451 2995 472 3021 ι,
491 2997 536 3015 ma
555 2996 574 3014 n
593 2990 665 3015 ulta
685 2990 805 3022 qualche
822 2990 952 3024 periodo.
1147 2988 1169 3007 ¹³
1188 2991 1274 3021 Imm,
1293 2991 1355 3023 XV,
1374 2995 1428 3023 vn,
1447 3000 1474 3028 p.
1495 2999 1555 3019 210.
1998 3004 2031 3031 ‚5
