2398 3470
141 255 225 291 [ΛΑ.
244 255 279 285 c.
298 256 447 290 ³75·³7⁶]
911 247 1226 286 CHRONICON
1946 245 1992 287 87
2025 260 2102 284 Μαι.»
2117 265 2150 281 ec.
2166 261 2229 286 εγ-εε

143 380 351 413 “interiecta
372 389 468 412 mora
490 379 629 423 Juliano
650 379 848 418 interfecto,
873 389 916 411 ac
938 389 1019 411 mox
1040 376 1256 422 Joui(ni)ano
1279 383 1424 417 mortuo,
1440 378 1499 420 qui
1515 389 1580 420 pro
1597 379 1739 411 nomine
1762 379 1889 413 Christi
1915 380 1998 413 ami-

146 435 265 467 “serat
287 432 529 472 Tribunatum,
553 433 767 466 retribuente
793 431 944 471 Christo,
968 432 1004 464 in
1020 431 1134 465 locum
1151 430 1384 474 persecutoris
1400 431 1450 463 sui
1476 432 1622 474 accepit,
1636 432 1818 474 imperium
1832 432 1875 473 „¹.
1915 434 1999 466 Fra-

141 492 228 519 trem
251 486 436 519 Valentem
461 485 793 528 Constantinopolim
817 485 854 517 in
876 486 1136 518 communionem
1159 485 1268 527 regni
1288 485 1471 527 assumpsit
1481 483 1504 524 ²,
1520 485 1578 527 qui
1596 496 1675 517 cum
1690 485 1759 528 jam
1786 496 1877 519 anno
1895 487 2000 520 tertio

141 539 278 582 imperii
300 539 353 572 sui
377 549 456 572 cum
478 539 627 572 Valente
650 539 757 572 fratre
781 545 911 582 ageret,
936 538 1138 571 Gratianum
1161 538 1278 574 filium,
1303 538 1453 569 necdum
1478 537 1567 570 bene
1592 538 1769 580 puberem,
1793 540 1931 572 hortatu
1946 550 2001 572 so-

97 591 117 625 5
141 602 230 631 crus,
255 598 290 625 et
311 592 431 625 uxoris
454 592 587 625 creauit
609 591 804 635 Augustum
815 590 839 624 ³.
891 593 905 608 “
919 590 1130 633 Procopium
1160 596 1287 629 autem,
1320 591 1379 633 qui
1411 590 1631 634 tyrannidem
1658 591 1844 631 inuaserat,
1868 599 2000 635 postea,

147 645 360 688 “pluresque
383 645 548 678 satellites
571 646 645 689 ejus
667 644 797 677 occidit
811 667 841 683 „.
892 643 988 676 Tunc
1011 647 1098 687 aput
1122 642 1444 686 Constantinopolim
1472 644 1615 686 grando
1642 644 1729 676 mire
1752 646 2002 688 magnitudinis

141 699 305 741 decidens,
330 698 502 731 nonnullos
524 699 692 731 hominum
719 698 871 730 extirmit.
903 699 937 715 ‘⁴‘
951 698 1176 730 Terremotus
1206 707 1270 739 per
1300 702 1410 729 totum
1442 696 1559 728 orbem
1593 697 1718 735 factus,
1750 698 1796 730 ita
1827 698 2001 731 turbatum

146 754 162 770 ‘⁴
176 763 313 796 quoque
336 753 481 796 pelagus
504 753 661 790 excussit,
685 757 722 784 ut
744 762 807 794 per
830 751 963 783 uicinas
987 750 1422 792 terrarum.campestrium
1446 756 1574 792 partes,
1598 751 1718 783 refuso
1741 752 1838 790 mari,
1855 753 2002 794 plurime

147 805 364 839 “insularum
379 805 460 838 urbs
475 806 585 838 aliene
599 807 691 838 circa
707 815 803 837 mare
818 804 998 836 existentes
1014 814 1182 836 concusse
1200 809 1235 836 et
1251 803 1414 845 subrupte
1432 803 1575 845 periisse
1591 805 1788 836 referantur
1801 829 1832 844 „.
1867 806 2002 838 Eodem

79 860 118 892 10
140 870 231 892 anno
248 859 341 902 apud
356 859 544 892 Atrebatus
557 869 642 891 uera
657 859 736 891 lana
752 858 797 891 de
813 857 961 890 nubibus
976 858 1092 900 pluuie
1109 858 1214 890 mixta
1230 857 1374 890 defluxit
1386 857 1409 889 ⁴.
1459 858 1473 873 “
1489 857 1620 889 Valens
1643 864 1758 890 autem
1774 858 1818 891 ab
1841 859 2003 892 Eudoxio

147 913 162 930 “
176 912 343 955 episcopo
365 911 505 944 Arriani
529 911 702 956 dogmatis
726 917 895 943 assertore
912 917 946 943 et
961 910 1165 952 baptizatus,
1183 916 1219 942 et
1233 919 1428 952 persuasus,
1446 909 1480 941 in
1497 910 1711 942 senissimam
1727 911 1875 944 heresim
1892 912 2002 945 decli-

146 967 162 984 “
175 965 286 1003 nauit;
310 971 363 998 set
378 964 566 1008 malignam
582 964 849 997 infectaeionem
866 964 925 996 diu
940 964 1038 1002 texit,
1054 974 1120 996 nec
1137 963 1306 996 uoluntati
1322 969 1526 1005 potestatem
1542 964 1735 996 ammiscuit
1749 964 2003 1008 quo(usque)ad

147 1020 162 1037 ⁸
174 1019 324 1051 uiuentis
346 1018 464 1051 fratris
486 1018 691 1051 auctoritate
715 1027 934 1060 compressus
957 1023 1008 1049 est
1021 1016 1043 1050 ⁵.
1089 1016 1258 1049 Preterea
1273 1016 1491 1049 Thanaricus
1507 1027 1568 1049 rex
1585 1016 1779 1049 Gothorum
1798 1018 2004 1051 christianos

148 1071 212 1103 “in
234 1077 338 1116 gente
360 1082 422 1104 sua
444 1071 682 1104 crudelissime
703 1076 916 1113 persecutus,
940 1071 1105 1113 plurimos
1129 1069 1354 1102 barbarorum
1386 1069 1431 1102 ob
1462 1069 1566 1102 fidem
1593 1070 1801 1103 interfectos
1824 1072 1869 1104 ad
1901 1082 2002 1105 coro-

81 1125 119 1157 15
148 1125 256 1158 “nam
279 1125 423 1158 martirii
446 1124 644 1157 sublimauit
656 1123 677 1157 ⁶.
723 1124 990 1157 Valentinianus
1014 1123 1181 1162 Saxones,
1197 1129 1339 1167 gentem
1354 1123 1390 1155 in
1414 1123 1548 1156 Oceani
1571 1123 1743 1163 litoribus,
1761 1130 1796 1156 et
1818 1126 2002 1167 paludibus

149 1177 276 1210 “inuiis
299 1178 409 1216 sitam,
433 1178 562 1210 uirtute
585 1183 620 1210 et
643 1177 800 1223 agilitate
822 1177 1010 1212 terribilem
1033 1176 1220 1219 oppressit:
1252 1176 1413 1208 similiter
1435 1176 1713 1219 Burgundiones.
1759 1176 1864 1210 Anno
1888 1185 2002 1211 autem

149 1232 165 1249 ⁸
178 1240 217 1263 XI
241 1231 379 1274 imperii
402 1231 465 1269 sui,
490 1231 767 1269 Ualentinianus,
792 1241 871 1262 cum
894 1230 1052 1263 Sarmate
1075 1240 1150 1262 sese
1173 1240 1237 1272 per
1260 1229 1458 1262 Pannonias
1474 1230 1728 1269 diffundissent,
1746 1241 1873 1274 easque
1890 1239 2003 1265 uasta-

146 1284 161 1301 “
176 1290 265 1323 rent,
289 1284 417 1317 bellum
438 1285 476 1316 in
500 1294 561 1316 eos
583 1295 720 1326 parans,
743 1290 827 1326 aput
857 1283 1108 1327 Brigi[tio]nem
1140 1283 1319 1326 oppidum,
1351 1282 1464 1315 subita
1496 1283 1666 1316 effusione
1697 1284 1885 1327 sanguinis,
1909 1287 2003 1328 quod

148 1338 164 1356 ¹⁴
178 1337 292 1371 Grece
315 1336 496 1380 apoplexis
518 1343 673 1376 uocatur,
689 1337 892 1376 suffocatus,
913 1342 948 1369 et
963 1342 1117 1368 mortuus
1134 1342 1185 1369 est
1199 1359 1229 1376 „.
1276 1336 1357 1369 Fuit
1372 1342 1485 1368 autem
1501 1337 1691 1379 imperator
1706 1338 1878 1381 egregius,
1895 1339 2004 1371 solers

77 1391 121 1423 20
145 1390 297 1434 ingenio,
310 1391 424 1423 animo
436 1390 560 1434 grauis,
573 1390 700 1423 nobilis
716 1390 878 1428 moribus,
895 1400 1054 1422 sermone
1072 1389 1372 1428 luculentissimus,
1390 1400 1600 1432 quamquam
1618 1396 1709 1423 esset
1726 1391 1772 1423 ad
1795 1391 2005 1434 loquendum

144 1453 281 1487 parcus,
304 1453 456 1482 seuerus,
486 1444 685 1482 uehemens,
708 1443 855 1476 infestus
879 1443 983 1482 uitiis,
1014 1443 1233 1486 maximeque
1264 1443 1427 1480 auaritie;
1460 1444 1680 1476 seueritatem
1704 1450 1820 1476 tamen
1851 1445 2003 1485 nimiam,

144 1503 180 1530 et
210 1496 424 1540 parcitatem,
457 1496 598 1540 quidam
630 1496 880 1535 crudelitatem,
912 1502 948 1529 et
979 1496 1160 1529 auaritiam
1183 1496 1454 1539 interpretantur
1467 1496 1489 1528 ⁷.
1542 1498 1556 1514 “
1570 1497 1654 1529 Post
1685 1507 1786 1540 quem
1819 1498 2004 1532 Gratianus

149 1551 164 1567 '¹
177 1550 265 1582 filius
288 1549 481 1583 occidentis
504 1549 687 1592 imperium
711 1549 831 1588 tenuit,
863 1549 1013 1582 Valente
1045 1555 1169 1591 patruo
1201 1549 1237 1580 in
1261 1549 1404 1581 orientis
1427 1549 1574 1591 imperio
1599 1549 1797 1583 constituto.
1844 1551 2004 1584 Valenti-

149 1603 316 1636 “nianum
339 1603 443 1636 etiam
466 1603 610 1635 fratrem
633 1614 741 1642 suum,
773 1614 918 1645 paruum
949 1603 1148 1642 admodum,
1179 1602 1312 1635 socium
1343 1603 1476 1634 creauit
1506 1602 1669 1645 imperii„
1686 1601 1709 1636 ⁸.
1762 1600 2005 1646 “Apollinaris

77 1655 119 1689 25
149 1656 398 1690 “Laodicenus
420 1657 606 1699 episcopus
629 1656 831 1688 multimoda
853 1662 972 1689 nostre
995 1656 1176 1699 religionis
1199 1655 1329 1698 scripta
1351 1656 1555 1698 composuit,
1579 1656 1638 1699 qui
1662 1663 1784 1698 postea
1807 1667 1828 1689 a
1851 1658 1919 1691 fide
1943 1659 2005 1691 de-

149 1710 283 1749 “uians,
307 1710 458 1743 heresim
481 1709 532 1742 sui
555 1710 704 1742 nominis
727 1709 884 1742 instituit.
930 1709 1264 1751 Constantinopolim
1288 1709 1521 1751 apostolorum
1538 1709 1715 1741 martirum
1740 1711 1890 1743 ecclesia
1907 1712 2004 1744 dedi-

148 1766 163 1782 “
178 1769 285 1797 catur.
332 1764 415 1797 Post
431 1762 597 1796 Auxentii
613 1772 725 1795 seram
742 1769 897 1801 mortem,
913 1762 1119 1795 Ambrosius
1135 1772 1179 1794 ex
1197 1762 1339 1805 Pagano
1355 1762 1484 1806 judice,
1501 1762 1615 1795 subito
1638 1764 1733 1805 apud
1750 1764 2002 1804 Mediolanum,

149 1817 296 1850 “diuino
319 1823 416 1857 nutu,
440 1817 626 1859 episcopus
648 1827 669 1848 a
692 1817 828 1848 cunctis
851 1815 995 1854 electus,
1019 1825 1170 1858 moxque
1201 1815 1376 1847 catholico
1407 1814 1613 1857 baptismate
1645 1816 1782 1856 tinctus,
1813 1819 1932 1859 presul
1956 1825 2009 1852 est

148 1870 370 1904 “ordinatusz
395 1880 465 1914 quo
489 1870 656 1913 episcopo
680 1870 867 1903 constituto
892 1870 1004 1902 omnis
1027 1869 1072 1901 ad
1095 1869 1199 1902 fidem
1222 1874 1354 1901 rectam
1378 1869 1478 1901 Italia
1501 1869 1775 1910 conuertitur„⁹.

0 814 15 839 ls]

0 845 15 870 ff

0 876 8 894 ἓ,
12 879 14 882 ,

76 1978 120 2010 30
232 1975 337 2009 Anno
361 1975 534 2009 dominice
557 1975 805 2008 incarnationis
827 1975 1075 2009 CCCLXXVI
1098 1980 1133 2007 et
1156 1985 1247 2007 anno
1271 1974 1315 2007 ab
1338 1974 1425 2007 urbe
1443 1976 1583 2008 condita
1598 1976 1838 2011 MCXXVIII.
1870 1979 2001 2012 Valens
2051 1976 2072 2018 Ξζ
2087 1970 2170 2018 ῗ·ἒ,76,

144 2041 223 2064 cum
247 2029 428 2069 Gratiano,
450 2035 484 2062 et
514 2029 773 2067 Valentiniano,
804 2029 1036 2062 Valentiniani
1048 2028 1185 2072 fratris
1207 2028 1263 2060 sui
1272 2029 1374 2072 filius
1387 2038 1516 2061 XXXIX
1539 2030 1610 2062 loco
1632 2030 1673 2062 ab
1697 2031 1869 2074 Augusto,
1895 2033 2004 2075 impe-

142 2083 230 2116 rium
253 2089 402 2126 quatuor
423 2083 534 2116 tenuit
557 2083 656 2115 annis
669 2082 703 2115 ¹⁰.
739 2082 872 2116 Valens
894 2082 999 2124 igitur
1021 2082 1245 2124 impietatem,
1270 2092 1373 2125 quam
1398 2082 1528 2115 dudum
1559 2083 1747 2116 meditatus
1770 2085 1895 2124 fuerat,
1921 2097 2005 2129 ope-

142 2137 236 2170 ribus
258 2137 411 2180 explens,
435 2136 513 2180 lege
537 2137 619 2170 data
632 2135 666 2175 ¹¹,
689 2138 703 2154 ‘⁴
716 2141 754 2168 ut
777 2136 950 2176 monachi,
974 2136 1042 2168 hoc
1067 2141 1119 2169 est
1141 2135 1192 2167 illi
1217 2135 1404 2174 christiani,
1429 2136 1488 2179 qui
1512 2136 1650 2169 dimissa
1665 2138 1873 2171 secularium
1890 2150 2006 2172 rerum

233 2289 256 2307 ι.
275 2281 307 2306 ul
325 2280 384 2315 (sic)
407 2281 431 2306 C
445 2294 457 2301 -
470 2281 630 2314 Joblnlano
653 2281 677 2306 0
693 2295 726 2300 —
749 2287 800 2306 1-2.
820 2280 930 2306 Christi
951 2281 1068 2305 nomine
1085 2281 1130 2309 B,-
1149 2281 1312 2305 ammiserat
1332 2282 1359 2305 Β
1373 2280 1412 2309 C.-
1430 2280 1465 2310 cf.
1492 2283 1552 2305 nota
1571 2288 1583 2305 1
1606 2294 1639 2300 —
1665 2289 1690 2314 3.
1715 2283 2005 2309 communicationem

142 2323 170 2348 B
186 2335 198 2341 ·
214 2323 306 2348 tercio
329 2322 352 2347 C
369 2335 400 2340 —
421 2330 447 2355 4.
466 2322 594 2348 Granum
613 2331 660 2348 con
683 2324 871 2348 abbreviatum
894 2324 925 2347 dn·
941 2324 1036 2355 gratia
1060 2324 1204 2355 registrum
1221 2324 1252 2347 in
1274 2322 1397 2355 Cappeui
1410 2326 1462 2355 per
1480 2323 1503 2347 il
1519 2324 1598 2348 secolo
1615 2323 1648 2348 Χ
1650 2324 1676 2348 V
1690 2339 1722 2343 —-
1744 2332 1767 2358 5.
1787 2324 1944 2350 Preeonum
1968 2327 2005 2355 B,

144 2372 188 2389 ma
205 2364 336 2390 Onosms
347 2364 382 2389 ha
390 2368 461 2397 pure
479 2365 653 2399 Procopium
670 2373 738 2390 come
751 2365 782 2390 in
798 2365 822 2389 G
832 2379 864 2383 -—-
879 2372 903 2398 7.
923 2365 1068 2390 extincxit
1086 2365 1113 2389 B
1125 2379 1157 2382 —
1172 2364 1196 2390 8.
1216 2372 1265 2398 per
1278 2372 1373 2389 manca
1387 2366 1416 2389 in
1434 2366 1461 2389 B
1480 2379 1512 2382 —
1533 2373 1558 2398 9.
1578 2366 1712 2400 subrupte
1730 2367 1757 2390 B
1774 2380 1785 2385 -
1804 2368 1910 2400 perisse
1933 2368 1956 2392 C
1973 2381 2004 2386 ——

147 2413 189 2433 ιο.
206 2406 332 2432 Rahatas
350 2407 393 2435 B,-
411 2406 566 2432 Atrahatas
590 2407 621 2436 C,
639 2408 717 2440 se‘gm
736 2408 763 2431 la
780 2407 877 2432 lenione
902 2408 933 2431 di
949 2407 1028 2431 Paulo
1046 2407 1164 2431 Diacono
1182 2420 1192 2426 -
1213 2407 1311 2431 defluit
1329 2407 1355 2430 B
1373 2421 1406 2424 —
1429 2414 1469 2432 11.
1483 2408 1583 2432 eresim
1595 2408 1622 2431 B
1641 2421 1672 2426 —
1694 2416 1734 2433 12.
1748 2409 1968 2435 infectacionem
1986 2411 2008 2435 C

99 2458 113 2483 5
143 2464 177 2470 —
198 2458 240 2485 15.
259 2452 371 2476 martiri
393 2451 417 2476 C
426 2465 437 2471 -
450 2452 600 2477 Valentini
617 2458 716 2476 omnes
728 2451 755 2475 B
767 2465 800 2469 —-
816 2450 857 2476 16.
870 2452 977 2476 uirtute
990 2453 1026 2480 et,
1040 2459 1133 2475 manca
1145 2453 1174 2476 et
1187 2452 1216 2475 tn
1234 2451 1257 2475 C
1268 2464 1278 2469 -
1292 2451 1462 2476 terribiliter
1477 2452 1507 2482 C,
1520 2459 1563 2476 ma
1576 2452 1691 2481 Paulus,
1703 2452 1758 2482 ΧΙ,
1770 2460 1788 2484 4
1801 2454 1836 2478 Ιια
1847 2455 2005 2479 terribilem

144 2505 155 2511 -
173 2493 238 2526 dopo
256 2494 391 2519 simfliter
410 2495 545 2526 aggiunge
563 2495 591 2518 et
613 2493 637 2518 0
654 2506 686 2511 —
709 2499 750 2526 17.
770 2493 993 2518 Ualentinianus
1017 2493 1040 2517 C
1057 2506 1089 2511 —
1113 2492 1152 2517 18.
1172 2493 1337 2526 Brigionem
1356 2494 1382 2517 B
1395 2493 1418 2517 C
1436 2508 1468 2513 —
1492 2501 1531 2527 19.
1551 2493 1652 2519 sollers
1675 2494 1698 2519 C
1715 2509 1746 2513 —
1769 2502 1811 2520 20.
1830 2496 2006 2522 cultissimus

28 2526 48 2565 ⁷}
144 2542 285 2568 quaquam
301 2536 324 2560 C
341 2551 373 2555 —
394 2542 436 2561 21.
450 2536 535 2561 uiclls
559 2535 582 2560 C
598 2548 608 2554 -
627 2536 752 2561 avaricie
768 2535 792 2560 C
802 2549 834 2553 —
850 2542 892 2561 22.
907 2536 1062 2561 auariciam
1079 2535 1102 2559 C
1118 2549 1128 2553 -
1148 2534 1260 2560 Grai-ius
1279 2543 1292 2559 e
1310 2535 1392 2559 anche
1406 2535 1459 2568 ,pia
1474 2536 1526 2568 gia
1544 2535 1653 2566 Grano,
1671 2538 1734 2561 ved!
1749 2538 1871 2563 variante
1890 2539 1908 2564 l.
1926 2545 1944 2568 4
1970 2552 2003 2558 -

145 2583 186 2610 ²4·
205 2577 397 2613 Appolinaris
420 2578 443 2603 C
460 2592 492 2596 —
513 2577 555 2603 26.
574 2578 772 2612 apostolorum
790 2580 819 2603 et
832 2578 858 2602 B
871 2591 881 2596 -
901 2578 1020 2603 ecclesia
1040 2585 1133 2602 manca
1147 2579 1177 2603 in
1192 2579 1215 2603 C
1234 2592 1266 2596 —-
1287 2584 1328 2611 ²7-
1349 2577 1494 2603 Auxencli
1517 2578 1540 2602 C

36 2670 54 2698 'k
70 2680 74 2692 ⁴
230 2673 239 2691 ¹
258 2682 277 2700 ι
296 2677 418 2701 omette:
439 2674 454 2689 α
464 2675 514 2708 qui
534 2676 634 2708 postea
644 2692 667 2707 η.
1186 2672 1197 2690 ⁷
1215 2673 1249 2699 In
1268 2675 1346 2699 tutto
1365 2676 1466 2707 questo
1488 2675 1587 2705 brano,
1606 2683 1622 2699 a
1648 2677 1823 2701 comineiare
1847 2677 1883 2702 da
1910 2677 1923 2691 “
1934 2677 2002 2703 Fuit

36 2718 62 2745 ζ)
85 2719 117 2738 ¹0
229 2715 242 2733 ²
261 2717 400 2749 Onosius,
419 2718 476 2744 loc.
501 2718 550 2742 cit.
575 2717 653 2742 dlce:
674 2716 688 2731 ‘⁴
698 2717 871 2750 partecipem
896 2717 966 2742 fecit
991 2717 1043 2742 lm·
1098 2717 1112 2731 ‘¹
1122 2718 1217 2742 autem
1230 2716 1388 2749 imperator
1399 2734 1422 2748 ,,,
1435 2723 1454 2740 R
1468 2724 1550 2750 segue
1571 2717 1696 2747 Faunus,
1710 2718 1761 2743 lib.
1774 2718 1822 2749 XI,
1836 2725 1877 2749 vi,
1890 2720 2002 2753 suppri-

42 2759 44 2762 ’
143 2757 157 2773 ”
168 2760 242 2793 peril
254 2776 277 2793 ,,.
1097 2759 1201 2784 mendo
1221 2760 1340 2791 qualche
1359 2759 1433 2784 irase
1453 2759 1487 2784 ed
1506 2760 1699 2793 aggiustando
1719 2761 1839 2792 qualche
1858 2763 1966 2795 parola.
2030 2770 2064 2788 20

229 2800 241 2818 ³
259 2803 305 2828 Da
315 2802 328 2816 “
338 2804 388 2836 qui
401 2810 464 2828 cum
478 2803 535 2828 lam
549 2809 627 2827 anno
640 2803 730 2827 tertio
742 2820 756 2834 „
770 2809 787 2826 a
800 2802 814 2816 ⁸
825 2804 933 2827 creavit
946 2803 1043 2835 Augu·
1186 2799 1198 2818 ⁸
1218 2802 1358 2832 Onosms,
1377 2802 1438 2833 vn,
1458 2808 1501 2835 32,
1524 2809 1564 2835 15,
1584 2803 1641 2827 alla
1661 2803 1770 2829 lettera.

43 2856 61 2863 ν·
143 2843 157 2858 ‘¹
169 2846 267 2877 stum„
286 2843 302 2870 ὲ
320 2853 403 2879 preso
422 2845 459 2870 da
477 2845 603 2874 ΡΔυιυε,
622 2847 661 2876 op.
681 2845 738 2873 cit..
757 2843 812 2869 loc.
832 2845 880 2869 clt.
1186 2843 1197 2860 ⁹
1216 2845 1308 2875 BEDA,
1327 2847 1366 2876 op.
1386 2847 1443 2873 ctt„
1464 2845 1570 2878 pagina
1589 2845 1638 2870 cit.
1653 2853 1699 2870 an.
1713 2852 1816 2879 4327,R
1828 2847 1936 2879 togliee
1949 2847 2001 2872 Hi-

34 2864 59 2912 2
83 2911 87 2915 ,
231 2886 244 2903 ⁴
262 2887 307 2912 Da
320 2888 332 2902 ‘¹
345 2887 451 2913 Eodem
464 2895 542 2913 anno
553 2904 566 2919 ,‚
580 2895 597 2912 a
612 2886 626 2901 “
636 2886 755 2912 defluxit
766 2904 780 2918 „
795 2885 810 2912 ὲ
825 2894 907 2920 preso
921 2887 956 2912 da
968 2886 1044 2912 Pm-
1097 2886 1185 2912 Ιανίω
1201 2888 1334 2919 episcopus
1352 2887 1470 2911 Pictam:
1489 2888 1612 2912 moritur.

29 2925 65 2967 {a}
85 2924 116 2955 1⁵
142 2934 202 2959 Lus,
221 2932 261 2962 op.
280 2931 338 2959 cie„
358 2930 413 2955 loc.
431 2930 480 2955 cit.
1177 2927 1199 2945 ¹⁰
1219 2928 1359 2960 Οιιοειυε,
1379 2929 1441 2960 VH,
1461 2937 1503 2962 33,
1524 2936 1546 2954 1.

52 2967 54 2969 ’
231 2971 243 2988 ⁶
264 2971 404 3004 Onosms,
423 2972 480 2998 loc.
499 2973 548 2997 clt.
1176 2969 1197 2987 ¹¹
1216 2971 1341 3002 Pam-us,
1354 2971 1403 3003 XI,
1417 2979 1504 3004 vni-3
1523 2972 1546 2997 il
1560 2974 1644 3003 resto,
1659 2973 1693 2998 da
1713 2972 1726 2986 “
1739 2974 1872 3000 monachi
1884 2992 1907 3008 „‚
1922 2974 2003 3001 Ono·
2030 2979 2061 3006 25

233 3012 243 3027 ⁰
262 3013 387 3044 Faunus.
405 3017 447 3047 op.
464 3015 523 3044 cn..
542 3022 569 3048 p.
592 3013 648 3039 186.
1100 3019 1171 3044 sius,
1192 3013 1247 3039 loc.
1267 3014 1315 3039 clt.

53 3351 56 3352 ,
32 3070 65 3338 amss'ffmt
43 2997 68 3063 '‘⁵²⁶3''
53 2987 57 2990 *
43 2957 57 2981 ’Ὗ
