2398 3470
197 250 397 275 mamma-⁶⁵
441 234 489 270 62
1028 234 1321 271 ROMUALDI
1348 233 1713 271 SALERNITANI
1821 239 1906 274 [ΔΑ.
1920 241 2124 274 c.191-21⁷;
2142 242 2299 277 mesu]
2356 280 2357 283 Ἴ

435 371 549 399 sextus
572 367 729 399 decimus
752 366 797 400 ab
819 366 989 411 Augusto,
1012 373 1110 400 sexto
1134 378 1262 406 mense,
1286 377 1356 411 quo
1378 377 1528 411 regnare
1553 373 1706 410 ceperat,
1730 366 2008 409 pretorianorum
2030 367 2179 400 militum
2205 367 2299 400 sedi-

435 420 549 459 cione,
572 426 608 453 et
629 420 760 464 Juliani
780 421 969 465 jurisperiti
991 421 1135 461 scelere,
1159 421 1194 453 in
1217 421 1348 464 palatio
1371 420 1507 453 occisus
1537 426 1589 454 est
1602 422 1624 461 ¹,
1649 421 1708 464 qui
1731 420 1779 452 nil
1804 419 1909 453 habet
1931 420 2096 464 hystorie.
2141 420 2301 464 Julianus

434 473 623 507 Pertinace
646 475 848 514 interfecto,
871 475 998 508 inuasit
1028 476 1228 518 imperium3
1253 475 1306 507 uir
1337 474 1581 514 nobilissimus,
1606 480 1640 507 et
1670 475 1745 519 jure
1770 473 2006 517 peritissimus,
2039 475 2099 519 qui
2122 474 2186 508 sub
2217 474 2300 508 diuo

435 526 592 560 Adriano
615 535 821 571 perpetuum
845 529 1039 572 composuit
1062 528 1216 561 edictum
1229 527 1242 545 ²
1266 528 1423 571 Julianus
1446 538 1528 560 mox
1550 538 1571 560 a
1594 528 1727 561 Seuero
1751 527 1846 570 apud
1869 527 2184 561 Pontemmoluium
2208 527 2300 560 bello

437 581 530 614 ciuili
552 582 678 622 uictus,
703 588 738 615 et
760 583 966 616 interfectus
989 589 1043 615 est
1065 582 1210 625 septimo
1234 591 1365 621 mense,
1388 588 1573 625 postquam
1597 588 1742 625 ceperat
1764 582 1947 624 imperare.
1994 581 2047 614 Ita
2069 581 2159 614 inter
2189 580 2300 613 Perti-

434 645 569 675 nacem,
591 642 626 668 et
648 635 823 680 Julianum
846 647 955 669 annus
977 646 1065 669 unus
1089 642 1283 678 assumptus
1306 641 1359 668 est
1371 634 1394 668 ³.
1440 635 1674 669 Theodocion
1698 636 1873 677 interpres
1895 634 2056 668 habetur.

277 685 302 726 ζ’,
315 679 341 726 ξ]
355 684 393 730 {24¹
527 689 633 721 Anno
657 688 702 722 ab
723 689 962 723 incarnatione
985 689 1125 723 Domini
1140 688 1318 727 CLXIIII,
1335 695 1370 722 et
1385 698 1476 722 anno
1493 688 1537 721 ab
1560 688 1647 721 urbe
1673 688 1816 722 condita
1832 687 2126 722 DCCCCXLIIII
2149 688 2302 722 Seuerus

435 752 585 786 generus
606 741 697 776 Afer
719 743 959 786 Tripolitanus
985 742 1030 776 ab
1054 743 1187 786 oppido
1217 742 1334 786 Lepti,
1359 743 1419 786 qui
1441 753 1478 775 se
1510 753 1555 775 ex
1585 742 1723 776 nomine
1755 742 1987 786 imperatoris,
2012 752 2120 785 quemv
2147 742 2302 775 occisum

437 796 528 829 ultus
550 796 677 836 fuerat,
700 797 921 831 Pertinacem
943 797 1053 830 uoluit
1075 796 1257 840 appellari,
1280 797 1450 839 septimus
1481 796 1638 830 decimus
1662 795 1706 829 ab
1728 795 1897 841 Augusto,
1921 796 2122 829 destitutum
2153 794 2301 839 adeptus

435 849 620 891 imperium
643 859 723 883 xvn
746 850 859 883 tenuit
882 851 981 883 annis
991 849 1015 884 ⁴.
1061 850 1131 883 Hic
1161 856 1278 883 autem
1308 850 1405 892 prius
1428 850 1502 882 fisci
1525 850 1728 888 aduocatus,
1759 859 1840 882 mox
1863 849 2021 882 militaris
2050 849 2209 882 tribunus
2237 858 2303 891 per

317 919 337 933 ι.
351 913 400 934 ⁸⁶12
436 903 545 936 multa
568 903 696 936 deinde
721 909 756 936 et
778 904 879 937 uaria
902 904 1025 943 officia,
1041 910 1145 947 atque
1162 904 1323 942 honores,
1340 913 1450 947 usque
1474 903 1519 936 ad
1536 902 1880 936 administra'tionem
1896 902 2091 945 reipublice
2106 901 2266 946 peruenit
2277 900 2301 940 ⁵,

436 956 529 988 solus
551 956 702 989 omnium
725 957 902 997 memoria,
927 963 962 990 et
985 963 1090 990 antea
1112 963 1147 990 et
1170 962 1292 999 postea
1314 967 1358 989 ex
1381 955 1508 990 Africa
1531 956 1719 999 imperator
1743 956 1824 989 fuit.
1870 956 2002 989 Parcus
2025 955 2224 994 admodum,
2239 965 2302 988 na-

436 1016 512 1042 tura
535 1021 636 1043 seuus
647 1008 670 1049 ⁸,
694 1010 809 1043 multis
825 1021 964 1054 semper
979 1010 1080 1044 bellis
1095 1010 1285 1049 lacessitus,
1301 1010 1491 1044 fortissime
1507 1009 1649 1053 quidem
1674 1009 1938 1052 rempublicam,
1955 1010 2018 1043 sed
2035 1008 2302 1043 laboriosissime

435 1063 524 1095 rexit
535 1062 564 1101 ⁷;
589 1063 649 1106 qui
672 1063 778 1096 etiam
802 1070 922 1106 preter
935 1064 1100 1097 bellicam
1123 1064 1280 1108 gloriam,
1296 1064 1401 1097 etiam
1418 1062 1579 1096 ciuilibus
1593 1062 1716 1096 studiis
1733 1062 1846 1096 clarus
1868 1063 1946 1102 fuit,
1963 1069 1999 1096 et
2021 1062 2151 1096 licteris
2166 1062 2302 1101 doetus,

436 1116 678 1159 philosophice
701 1117 847 1150 scientie
871 1118 918 1150 ad
940 1117 1080 1161 plenum
1103 1118 1292 1151 instructus
1304 1116 1326 1154 ⁸.
1344 1116 1576 1150 Pascennium
1599 1116 1758 1160 Nigrum,
1783 1116 1841 1159 qui
1863 1117 1900 1149 in
1924 1117 2065 1160 Egipto,
2088 1122 2122 1149 et
2139 1115 2241 1160 Syria
2255 1115 2302 1149 ad
2326 1128 2329 1132 ·

438 1170 657 1214 tyrannidem
681 1170 904 1213 aspiraueraa
928 1171 1022 1214 apud
1045 1171 1202 1204 Cizicum
1225 1171 1320 1210 uicit,
1338 1176 1373 1203 et
1388 1170 1578 1203 interfecit.
1626 1169 1804 1202 Sarmatas
1825 1169 1997 1203 rebellare
2021 1175 2191 1203 conantes
2206 1169 2302 1202 ferro

437 1223 602 1256 coercuit.
648 1223 798 1256 Parthos
821 1223 917 1264 uicit,
941 1223 1089 1263 Arabas,
1114 1230 1149 1257 et
1172 1223 1370 1257 Aziabenos
1385 1223 1578 1267 superauit:
1596 1233 1638 1255 ac
1663 1223 1772 1255 multa
1795 1223 1831 1255 in
1853 1229 1928 1256 toto
1953 1222 2039 1256 orbe
2062 1224 2224 1256 Romano
2247 1233 2303 1256 re-

435 1277 573 1319 parauit
583 1276 606 1310 ⁹.
657 1278 672 1294 ‘⁴
685 1277 848 1310 Clemens
870 1277 1108 1310 Alexandrine
1133 1277 1283 1310 ecclesie
1305 1276 1491 1320 presbiter,
1516 1282 1552 1309 et
1575 1276 1777 1310 Panthenus
1800 1276 1928 1310 stoicus
1951 1276 2189 1320 philosophus,
2212 1277 2303 1310 Nar-

441 1332 455 1347 “
469 1331 578 1363 cissus
600 1330 921 1374 Hierusolymorum
937 1331 1131 1373 episcopm,
1149 1336 1184 1363 et
1199 1330 1417 1373 Theophilus
1432 1329 1658 1369 Cesariensis,
1681 1329 1888 1373 Policarpus
1910 1340 2061 1374 quoque,
2077 1337 2113 1364 et
2127 1329 2304 1375 Bachylus

442 1382 598 1416 “Asiane
622 1383 806 1426 prouincie
829 1384 988 1427 episcopi
1010 1384 1167 1427 insignes
1189 1383 1364 1417 habentur
1377 1382 1434 1424 „¹0.

996 1503 1011 1519 ‘⁶
1025 1500 1179 1540 Qum’rA
1203 1511 1428 1535 pansacurro
1452 1512 1493 1535 m
1517 1502 1702 1536 Eccnnsm
1719 1526 1747 1543 „.

530 1599 544 1615 ‘⁴
558 1597 708 1630 Seuerus
724 1596 843 1640 quinta
857 1602 937 1639 post
952 1595 1131 1629 Neronem
1147 1596 1393 1638 persecutione
1418 1595 1634 1628 Christianos
1650 1596 1875 1635 excruciauit‚
1901 1602 1936 1629 et
1958 1596 2152 1630 Leonidem
2167 1603 2303 1640 patrem

229 1678 250 1691 a,
266 1671 291 1690 c.
309 1643 399 1694 ,ζέῗξξζ
439 1653 454 1669 “
467 1651 630 1695 Origenis
653 1650 817 1694 martyrio
841 1649 1094 1689 coronauit„¹¹.
1132 1650 1235 1682 Tunc
1251 1649 1379 1682 Victor
1394 1648 1536 1682 natione
1560 1648 1650 1682 Afer
1674 1660 1719 1682 ex
1742 1655 1841 1692 patre
1865 1650 1986 1683 Felice
2010 1650 2132 1684 tertius
2146 1650 2304 1684 decimus
2328 1664 2330 1666 ¹
2359 1648 2364 1651 ”

434 1705 548 1738 Rome
573 1705 770 1747 episcopus,
792 1710 978 1746 postquam
1001 1703 1093 1736 sedit
1116 1703 1215 1736 annis
1239 1703 1375 1742 decem,
1406 1702 1582 1735 mensibus
1605 1702 1751 1743 duobus,
1775 1704 1941 1748 martyrio
1965 1709 2161 1743 coronatur,
2184 1710 2220 1738 et
2249 1714 2303 1737 se-

434 1759 561 1802 pelitur
585 1768 664 1791 cum
687 1757 853 1790 fratribus
876 1757 945 1790 suis
959 1755 994 1790 ¹⁸.
1046 1759 1061 1775 ‘⁶
1074 1756 1140 1790 Hic
1173 1763 1287 1790 autem
1318 1756 1408 1790 datis
1430 1756 1500 1789 late
1525 1755 1650 1789 libellis
1674 1756 1850 1790 constituit
1881 1757 2013 1799 pascha
2036 1757 2095 1790 die
2126 1756 2304 1791 dominico
2326 1759 2354 1805 2-
2386 1783 2388 1785 .

315 1831 336 1846 c.
350 1826 399 1850 8711
440 1815 455 1831 ‘⁴
468 1811 650 1852 celebrari,
672 1811 762 1844 sicut
785 1811 1015 1854 predecessor
1039 1811 1113 1855 ejus
1136 1810 1314 1850 Eleuther,
1339 1821 1358 1842 a
1382 1816 1505 1853 quarta
1533 1810 1672 1843 decima
1695 1809 1785 1842 lu'na
1808 1810 1910 1853 primi
1932 1811 2058 1844 mensis
2071 1809 2105 1851 ¹³,
2128 1821 2238 1855 usque
2267 1811 2303 1844 in
2357 1805 2362 1835 ἶ

439 1866 668 1910 “nigesimam
691 1864 849 1908 primam.
897 1862 1005 1908 Cujus
1028 1863 1184 1897 decretis
1208 1864 1333 1896 fauens
1356 1863 1573 1906 Theophilus
1605 1862 1756 1897 Cesaree
1786 1863 1963 1897 Palestine
1987 1863 2082 1897 urbis
2105 1865 2301 1909 episcopus,
2350 1890 2352 1893 s

442 1919 606 1963 “scripsit
628 1918 794 1951 aduersus
819 1928 889 1957 eos,
913 1917 974 1960 qui
999 1923 1122 1960 quarta
1145 1917 1285 1950 decima
1308 1917 1389 1949 luna
1405 1927 1485 1949 cum
1508 1916 1629 1960 Judeis
1651 1917 1785 1960 pascha
1808 1917 2045 1957 celebrabant,
2070 1927 2150 1951 cum
2165 1919 2303 1958 ceteris,
2327 1937 2330 1940 ·
2354 1950 2356 1953 ,

224 1965 394 2017 ,,Ζ(ξῗ’ζξξῖἒῖξ
438 1975 453 1991 “
466 1973 526 2016 qui
548 1972 584 2005 in
608 1971 732 2005 eodem
748 1970 899 2004 concilio
916 1970 1061 2003 aderant
1077 1970 1253 2013 episcopis
1267 1970 1462 2003 sinodicam
1479 1975 1514 2003 et
1529 1970 1634 2003 ualde
1649 1970 1769 2004 utilem
1786 1971 1968 2014 epistolam
1981 1970 2038 2012 „¹⁴.
2085 1971 2304 2019 Zepherinus
2350 1986 2353 1989 ’

529 2095 552 2114 ι.
569 2094 653 2120 quam
674 2087 697 2112 C
714 2100 747 2104 —
769 2092 824 2111 x-s.
843 2084 986 2111 seditione
1004 2085 1030 2109 B
1052 2099 1082 2103 —
1104 2091 1129 2110 2.
1148 2084 1259 2119 palacio
1281 2085 1306 2111 C
1322 2097 1334 2103 -
1361 2084 1433 2110 nihil
1452 2084 1478 2109 B
1497 2098 1508 2104 ·
1526 2085 1590 2117 dopo
1606 2085 1735 2118 jullanus
1754 2086 1780 2109 B
1804 2086 1957 2118 aggiung'es
1977 2086 2040 2111 Ello
2061 2099 2095 2104 —-
2119 2092 2145 2119 3.
2171 2085 2303 2112 intincto

436 2132 495 2165 (sic)
517 2132 540 2158 C
557 2145 590 2150 —
610 2137 635 2164 7.
649 2131 734 2156 Auno
747 2129 856 2156 domini
872 2130 896 2155 C
907 2142 940 2147 —
959 2137 985 2162 9.
1004 2130 1152 2154 Pertinace
1172 2129 1196 2155 C
1212 2141 1223 2148 ·
1241 2128 1374 2155 ‹ie-titum
1385 2127 1444 2163 (sic)
1464 2130 1489 2155 C
1500 2144 1532 2149 —
1549 2135 1589 2154 ιο.
1608 2130 1639 2154 in
1656 2129 1680 2153 Α
1701 2137 1809 2155 manca.-
1828 2137 1878 2163 per
1896 2143 1930 2148 —
1951 2136 1995 2156 11.
2013 2130 2303 2156 amministrationem

436 2178 497 2203 BC
512 2190 545 2195 —
568 2183 610 2201 η.
630 2176 737 2200 Parvus
755 2174 779 2199 Α
791 2175 816 2198 B
822 2184 834 2202 ,-
852 2180 954 2207 parcus
972 2172 1120 2206 Eutropius
1139 2186 1173 2192 -
1194 2179 1236 2205 ¹3·
1254 2173 1432 2199 Iaborissime
1445 2173 1504 2206 (sic)
1525 2174 1550 2200 C
1567 2185 1599 2192 —
1623 2181 1664 2206 14.
1676 2174 1707 2198 in
1728 2175 1753 2200 C
1768 2181 1878 2199 manca.-
1896 2175 1983 2200 etIam
1999 2188 2027 2192 -
2053 2179 2093 2206 15.
2113 2174 2303 2210 phylosophIe
2354 2191 2355 2195 ,

435 2220 555 2247 sciencie
570 2221 593 2246 C
610 2232 621 2238 -
640 2219 826 2244 Passennium
845 2218 905 2243 BC
922 2231 955 2235 —
979 2222 1019 2248 17.
1038 2218 1204 2243 Adiabenos
1223 2217 1250 2241 B
1267 2230 1278 2236 -
1299 2218 1365 2243 Cdi
1372 2218 1465 2249 prima
1484 2225 1577 2243 mano.-
1595 2217 1627 2242 in
1645 2219 1686 2249 to,
1705 2217 1798 2242 l'altro
1811 2220 1840 2243 to
1852 2217 2072 2250 fissoprmritto
2086 2219 2302 2251 pauet-cmm

388 2272 402 2298 5
435 2279 469 2284 —
491 2266 532 2291 18.
545 2265 690 2290 Pantenus
708 2263 769 2288 BC
786 2276 820 2281 —
843 2270 882 2296 ¹9-
902 2263 966 2294 dopo
985 2261 1150 2296 Policerpus
1173 2262 1196 2286 C
1211 2263 1362 2295 aggiunge:
1381 2262 1521 2294 presbiter
1541 2276 1573 2281 —
1594 2269 1636 2287 πο.
1652 2262 1676 2288 C
1692 2263 1725 2286 dt·
1736 2263 1830 2294 prima
1847 2270 1940 2288 mano.-
1957 2263 2106 2296 episcopus
2123 2262 2249 2296 insignis
2268 2276 2302 2283 —
2348 2277 2351 2281 ι

438 2316 481 2335 22.
500 2307 629 2341 Seuerus]
649 2308 679 2331 in
701 2308 724 2332 C
740 2306 850 2332 lniaz‘ezk
868 2309 963 2331 ornata
988 2319 999 2325 -
1019 2307 1217 2339 persecucione
1237 2307 1261 2332 C
1278 2319 1311 2325 —
1337 2312 1380 2339 ²4·
1405 2308 1571 2332 coronavit.
1601 2307 1681 2331 Tunc
1705 2306 1798 2332 vietor
1822 2308 1940 2332 natione
1965 2306 2028 2332 afer
2052 2314 2087 2333 ex
2110 2309 2195 2341 patra
2217 2307 2303 2334 fonce

435 2354 540 2379 tercius
558 2353 683 2378 decimus
703 2352 794 2376 Rome
814 2350 973 2384 episcopus,
994 2352 1145 2384 postquam
1165 2351 1240 2376 sedit
1258 2351 1343 2376 annis
1361 2357 1390 2381 x,
1405 2350 1550 2376 mensibus
1569 2351 1634 2382 duo,
1648 2351 1777 2376 martirIo
1790 2352 2005 2378 coronatur....
2022 2352 2091 2377 C·—
2104 2351 2147 2378 ²6.
2159 2353 2254 2387 prims.
2265 2353 2301 2382 A.

436 2400 530 2423 accetto
549 2397 575 2421 la
595 2397 691 2421 lesione
709 2397 741 2420 du·
762 2395 785 2419 C
800 2395 846 2419 che
864 2395 877 2418 ἑ
895 2394 1029 2426 conforme
1047 2395 1076 2419 al
1093 2394 1121 2420 L.
1141 2395 1176 2424 P,
1194 2395 1256 2419 ’κατ’
1273 2397 1334 2420 nota
1351 2401 1370 2425 4
1390 2409 1422 2413 -
1443 2402 1486 2428 29.
1506 2394 1666 2420 sidonlcam
1678 2395 1737 2428 (sic)
1759 2396 1784 2421 C
2343 2387 2358 2392 λ’

526 2478 535 2497 ¹
556 2481 697 2509 otiosius,
715 2479 777 2508 VH,
799 2479 840 2508 ιο,
861 2483 875 2509 5
897 2476 936 2510 (ρ.
957 2476 1010 2509 256
1027 2479 1098 2509 cit.).
1395 2479 1453 2507 cit..
1474 2487 1500 2511 p.
1520 2478 1582 2511 389,
1601 2478 1703 2504 lettera
1721 2487 1746 2504 a.

378 2531 411 2549 ιο
526 2520 538 2538 ²
556 2523 735 2553 Eunmrrus,
754 2521 829 2551 VIII,
854 2525 894 2552 17.
1475 2518 1495 2536 ¹¹
1516 2521 1607 2551 Bam,
1626 2521 1681 2546 loc.
1695 2521 1743 2546 cit.
1758 2521 1793 2547 da
1810 2522 2021 2552 Hxanorwmss,
2034 2524 2073 2553 op.
2092 2521 2149 2551 cu..
2161 2529 2224 2554 esp.
2237 2522 2303 2549 LIV

526 2562 538 2580 ³
556 2565 697 2595 Onosms,
718 2564 776 2590 loc.
794 2564 852 2590 cit..
867 2561 920 2596 56.
939 2562 1043 2587 Invece
1056 2562 1084 2587 dl
1095 2562 1343 2591 finemve-omna,
1396 2563 1436 2596 (p.
1456 2562 1514 2596 3⁷)-

437 2607 543 2633 Orosio
562 2614 577 2631 e
597 2606 738 2637 Eutropio
758 2605 878 2631 dicono=
899 2605 1182 2630 “Pontemmulvium
1195 2622 1218 2636 „.
1469 2603 1498 2634 ‚¹¹
1517 2605 1547 2630 L.
1565 2605 1609 2634 P..
1627 2605 1650 2636 1,
1671 2610 1730 2638 137.
1756 2605 1905 2639 “Victor„
1924 2605 2054 2637 sai-ebbe,
2072 2605 2198 2632 secondo
2216 2605 2304 2632 l’enu-

525 2648 536 2666 ⁴
556 2649 699 2681 Aggiuato
717 2649 764 2680 qui
784 2647 888 2678 l'anno,
908 2646 1060 2679 sbsglisto,
1085 2646 1209 2672 secondo
1229 2648 1255 2672 la
1281 2654 1345 2672 cro·
1398 2648 1560 2672 menzione
1579 2647 1651 2672 satta
1673 2647 1709 2672 fin
1735 2648 1783 2681 qul
1802 2648 1838 2673 da
1856 2655 1883 2679 a,
1901 2647 1920 2672 il
1938 2647 2145 2680 qulndIceslmo
2163 2647 2304 2681 pontefic-

437 2693 555 2724 nologia
574 2693 655 2716 usata
675 2691 712 2715 fin
731 2691 779 2723 qui
799 2690 834 2714 dn
853 2696 881 2714 ιι.
1397 2688 1427 2716 di
1446 2690 1548 2715 Roma.
2334 2707 2352 2727 5

381 2741 409 2766 15
527 2733 539 2750 ⁵
559 2735 640 2758 Bana
660 2741 675 2758 e
695 2733 836 2762 oxosms.
858 2731 960 2757 XVIII.
1477 2730 1500 2750 ²³
1517 2731 1548 2758 L.
1567 2732 1610 2762 P..
1632 2732 1688 2758 loc.
1714 2733 1763 2758 eit.
1788 2733 1882 2766 legge:
1909 2732 2012 2759 “nna
2030 2739 2102 2759 xun
2128 2733 2195 2759 luna
2219 2733 2304 2766 primi

525 2773 537 2791 ⁶
555 2775 695 2805 onosws,
715 2774 777 2804 VII,
801 2778 841 2805 17.
863 2781 887 2804 1,
906 2773 1025 2805 copiato
1044 2773 1097 2798 alls
1118 2774 1229 2799 lettera.
1401 2773 1414 2788 ‘⁴
1426 2776 1532 2799 mensis
1551 2781 1638 2806 usque
1657 2775 1692 2800 ad
1711 2782 1763 2800 xxx
1784 2775 1858 2799 diem
1878 2775 2053 2800 dominicum
2064 2792 2087 2807 ,.
2124 2774 2201 2801 Beda
2223 2773 2302 2808 pero,
2328 2768 2331 2771 “

527 2814 539 2832 ⁷
558 2817 738 2844 Eos-Romus,
759 2815 834 2846 VIII,
858 2820 897 2845 17,
918 2820 932 2838 2
953 2814 993 2846 (ρ.
1013 2813 1088 2847 ²57).
1399 2817 1494 2842 donde
1512 2824 1532 2841 a
1551 2817 1645 2849 copis,
1663 2817 1701 2842 ha
1719 2824 1770 2843 xv.
2329 2838 2335 2851 ¹..

528 2856 538 2870 ⁸
557 2857 691 2886 lma-caua,
710 2857 757 2882 lib.
778 2857 810 2886 Χ,
833 2863 865 2881 22
885 2855 925 2889 (p.
946 2856 1020 2889 ²21).
1470 2855 1493 2873 '⁴
1512 2858 1563 2883 Sul
1583 2857 1700 2883 decreto
1719 2865 1771 2890 per
1790 2858 1816 2883 la
1828 2858 1950 2891 Pasquq,
1969 2858 2206 2890 irregolsrmente
2220 2859 2303 2892 ponto
2338 2875 2345 2888 2

527 2899 538 2916 ⁹
558 2901 733 2930 Euraorrus,
753 2899 808 2925 loc.
822 2900 869 2925 cit.
887 2898 917 2923 In
932 2899 1053 2924 M‘scella
1065 2898 1187 2924 l’ordine
1201 2898 1216 2924 ὲ
1230 2899 1345 2924 dlverso
1401 2900 1446 2924 nei
1463 2899 1493 2924 L.
1513 2900 1542 2925 P.
1563 2899 1639 2932 dopo
1658 2899 1686 2924 le
1700 2900 1887 2931 ordinazioni,
1907 2899 1944 2925 cf.
1958 2901 2127 2931 Dominum,
2145 2902 2186 2932 op.
2203 2901 2261 2930 eu„
2280 2900 2303 2932 1,
2343 2919 2344 2922 η

381 2948 415 2967 2ο
440 2949 455 2966 e
474 2945 626 2966 msncante
646 2942 675 2966 ln
696 2941 777 2965 molti
797 2941 880 2973 punti
899 2941 1018 2972 rispetto
1038 2941 1064 2965 sl
1084 2942 1160 2966 testo
1179 2941 1208 2966 di
1226 2948 1254 2966 a.
1403 2941 1493 2967 LXIII
1512 2949 1527 2966 e
1544 2949 1572 2974 p.
1595 2943 1653 2974 138,
1674 2943 1743 2967 nota
1761 2941 1778 2966 6
1805 2941 1862 2968 “de
1881 2942 1990 2967 circuio
2010 2941 2140 2967 Paschae
2151 2959 2175 2974 ,„
2193 2942 2268 2968 dove
2287 2938 2304 2968 δ
2319 2942 2342 2964 ·÷
2383 2943 2385 2959 3

516 2981 539 2998 ¹⁰
559 2991 577 3007 R
596 2985 678 3015 copta
697 2983 733 3007 da
752 2983 837 3011 Beda,
852 2983 903 3007 che
918 2983 1028 3015 attinge
1047 2990 1064 3008 a
1083 2984 1292 3014 Hirr-sommus,
1306 2986 1345 3014 op.
1401 2984 1544 3009 tinemuta
1561 2984 1637 3009 tutta
1657 2984 1684 3009 la
1702 2984 1861 3015 questione.
2344 2998 2350 3001 ·=
2375 2981 2385 3020 ξ

440 3026 497 3054 cit„
517 3032 598 3057 capp.
619 3024 775 3056 xxxvm,
802 3025 931 3055 xxxv1,
955 3024 1056 3056 xnm,
1071 3019 1109 3050 ‘ed
1128 3025 1281 3057 sus-ms,
1306 3028 1345 3057 op.
2325 3026 2343 3053 ,·

2325 3070 2333 3084 1
