2398 3470
149 254 227 279 nm„
242 260 277 276 ce.
292 260 355 280 ⁹2-ae
391 245 439 282 92
973 244 1264 282 ROMUALDI
1292 245 1659 285 SALERNITANI
2042 255 2095 291 [Α.
2113 256 2150 286 c.
2168 255 2243 292 3861

198 910 218 925 c.
233 908 295 928 ιιρα

203 1606 223 1621 c,
239 1600 304 1624 nub

202 2356 222 2373 c.
239 2357 279 2376 11⁴
287 2357 301 2371 a

322 2859 353 2877 10

392 375 406 392 “
418 374 504 407 stilis
519 384 557 407 se
572 374 759 416 prostrauit
775 375 959 408 exercitus.
1006 375 1181 419 Eugenius
1197 380 1319 418 captus
1334 380 1438 419 atque
1453 376 1660 410 interfectus
1676 383 1739 410 est.
1780 377 1995 422 Arbogastes
2010 389 2072 413 sua
2086 390 2123 414 se
2139 392 2243 415 manu

391 430 405 446 “
418 427 578 470 perculit,
603 427 652 460 ita
675 433 710 460 et
734 428 791 460 hic
816 428 962 461 duorum
977 430 1145 473 sanguine
1161 428 1290 462 bellum
1307 429 1409 462 ciuile
1426 422 1628 463 restinctum
1644 436 1706 470 est,
1723 430 1861 474 absque·
1877 432 1945 465 illis
1968 433 2091 466 decem
2106 434 2243 468 milibus

390 483 404 498 “
419 481 620 519 Gothorum,
645 491 731 524 quos
753 481 939 524 promissos
961 493 982 514 a
1004 482 1207 515 Theodosio
1230 481 1446 526 Arbogastes
1469 483 1603 516 delesse
1619 483 1776 516 funditus
1791 484 1913 525 fertur,
1930 495 2016 529 quos
2032 486 2148 530 utique
2164 498 2244 531 per-

390 536 404 552 ‘⁴
418 535 548 567 didisse
571 534 716 573 lucrum,
740 541 776 567 et
798 535 893 567 uinci
923 535 1068 569 uincere
1100 536 1166 568 fuit
1180 537 1224 576 „¹.
1272 535 1330 569 Ad
1355 537 1454 580 cujus
1485 536 1622 571 laudem
1646 537 1692 570 ob
1716 537 1887 581 insignem
1919 539 2110 579 uictoriam,
2133 539 2244 575 Poeta

387 588 528 631 quidam
551 587 704 627 eximius,
728 588 790 621 sed
813 588 962 622 infidelis
984 589 1077 622 inter
1101 595 1216 622 cetera
1239 589 1292 622 his
1313 590 1493 623 uersiculis
1517 590 1686 624 cecinit²:
2288 594 2307 627 5

876 683 907 716 O
928 684 1070 716 nimium
1094 683 1213 716 dilecte
1236 683 1330 716 Deo!
1352 684 1419 717 tibi
1437 685 1567 717 militat
1588 685 1685 718 ether

874 737 927 770 Et
948 738 1124 781 conjura-ti
1144 738 1281 770 veniunt
1302 737 1351 770 ad
1370 738 1511 771 classica
1532 739 1636 771 venti.

477 840 585 874 “Fuit
607 845 722 873 autem
745 839 965 873 Theodosius
987 845 1199 884 propagator
1222 835 1426 883 reipublice,
1449 846 1554 885 atque
1577 841 1743 874 defensor
1765 841 1923 882 eximius,
1938 842 2101 883 moribus,
2118 848 2153 876 et
2168 852 2245 877 cor-

391 896 506 937 “pore
537 894 713 933 eminenti,
736 893 890 937 Trajano
921 893 1051 933 similis,
1079 904 1100 926 a
1131 904 1200 937 quo
1232 900 1266 927 et
1296 894 1463 938 originem
1494 895 1597 927 traxit
1607 893 1639 928 ⁸.'
1686 895 1850 929 Clemens
1880 896 2006 937 animo,
2035 896 2244 937 misericors,

389 948 610 980 “communis
632 947 800 987 omnibus,
823 947 897 980 solo
921 947 1040 987 habitu
1064 947 1201 980 differri
1224 958 1261 980 se
1284 959 1306 980 a
1329 948 1455 980 ceteris
1477 954 1618 991 putans;
1642 949 1680 981 in
1703 959 1824 982 omnes
1845 949 2002 982 homines
2024 949 2243 990 honorificus,
2270 950 2310 984 10

387 1003 536 1034 “uerum
560 1001 691 1034 effusus
713 1001 752 1033 in
774 1001 895 1039 bonos,
919 1000 1091 1044 simplicia
1113 1000 1256 1045 ingenia
1278 1001 1434 1044 diligere,
1459 1001 1595 1034 erudita
1617 1002 1744 1041 mirari,
1767 1002 1831 1034 sed
1853 1002 2006 1042 innoxia,
2029 1003 2150 1047 largiri
2170 1013 2244 1036 ma-

387 1056 483 1098 “gno
509 1065 549 1087 ac
574 1053 762 1098 diligenti⁴
785 1054 901 1087 animo
924 1064 1060 1098 magna,
1084 1065 1200 1086 amare
1224 1054 1329 1093 ciues,
1352 1054 1409 1087 uel
1440 1054 1595 1097 priuatos
1623 1054 1865 1094 contubernio,
1890 1065 2020 1099 eosque
2043 1055 2244 1096 honoribus,

387 1108 577 1150 “pecunia,
600 1107 849 1151 beneficiisque
874 1107 1000 1140 ceteris
1023 1107 1208 1147 munerari,
1231 1108 1414 1150 presertim
1439 1117 1585 1151 quorum
1609 1118 1694 1151 erga
1716 1118 1764 1148 se,
1788 1108 1845 1141 uel
1861 1114 1997 1151 patrem
2014 1118 2138 1152 aspero
2161 1118 2245 1142 casu

387 1161 526 1194 “officia
549 1161 821 1203 comprobasset.
866 1160 1116 1199 Vinolentiam,
1140 1167 1176 1193 et
1203 1160 1429 1203 cupiditatem
1461 1161 1647 1194 detestatus
1671 1167 1722 1194 est
1734 1161 1758 1194 ⁵.
1804 1161 1904 1194 Bella
1931 1172 2002 1195 non
2033 1161 2152 1201 mouit,
2178 1161 2243 1195 sed

385 1217 398 1231 “
412 1214 555 1247 inuenit.
579 1214 775 1247 Ministeria
790 1214 934 1252 lasciua,
951 1213 1176 1257 saltariasque
1193 1214 1463 1247 comessationes
1478 1214 1557 1258 lege
1572 1215 1760 1257 prohibuit,
1777 1214 2071 1248 consobrinarum
2087 1215 2243 1258 nupcias,
2270 1213 2308 1248 15

388 1270 579 1312 “tanquam
602 1268 759 1301 fororum
783 1267 974 1307 interdixit,
999 1267 1106 1300 literis
1129 1268 1353 1300 mediocriter
1377 1268 1511 1307 doctus,
1535 1278 1655 1311 sagax,
1679 1268 1824 1301 multum
1840 1268 1988 1312 diligens
2004 1269 2049 1301 ad
2065 1268 2246 1302 noscenda

388 1322 513 1364 “gesta
535 1320 715 1365 majorum.
763 1319 1013 1358 Execrabatur,
1038 1330 1116 1352 cum
1140 1320 1282 1363 legisset
1304 1325 1403 1364 gesta
1418 1320 1679 1360 dominantium,
1697 1319 1873 1363 superba⁶
1895 1321 2075 1364 precipue,
2091 1321 2244 1364 perfidos

389 1376 450 1407 “et
473 1374 637 1418 ingratos.
683 1373 790 1406 Irasci
814 1383 896 1407 sane
928 1373 1031 1405 rebus
1061 1373 1226 1416 indignis,
1257 1373 1318 1405 sed
1349 1373 1463 1406 subito
1495 1374 1598 1413 flecti,
1630 1374 1722 1407 unde
1755 1384 1893 1418 quoque
1917 1374 2081 1408 dilatione
2105 1374 2244 1408 modica

387 1427 663 1460 “emolliebatur.
710 1426 887 1459 Interdum
911 1437 1034 1459 seuera
1057 1432 1224 1469 precepta
1247 1426 1368 1459 habuit
1392 1437 1413 1459 a
1434 1433 1557 1460 nature
1580 1438 1724 1460 munere
1740 1428 1860 1471 magis,
1878 1438 1980 1471 quam
1998 1439 2018 1461 a
2033 1427 2243 1472 philosophe

382 1481 397 1498 “
413 1481 568 1520 doctore,
592 1480 651 1525 qui
675 1491 755 1514 cum
778 1480 923 1513 uidisset
946 1491 1024 1512 eum
1047 1480 1154 1513 facile
1179 1480 1400 1521 commoneri,
1423 1491 1468 1513 ne
1492 1491 1652 1524 asperum
1676 1481 1808 1524 aliquid
1839 1486 2015 1521 statueret,
2037 1481 2181 1521 monuit,
2204 1486 2244 1514 ut
2266 1481 2309 1514 20

386 1538 400 1553 ‘⁴
413 1546 492 1568 cum
513 1534 618 1567 irasci
642 1534 801 1576 cepisset,
824 1533 948 1577 uiginti
971 1538 1117 1577 quatuor
1141 1534 1273 1567 Grecas
1296 1534 1438 1567 litheras
1460 1534 1660 1567 memoriter
1683 1540 1892 1573 recenseret,
1915 1540 1954 1568 ut
1968 1535 2029 1567 illa
2044 1534 2243 1574 concitatio,

386 1590 481 1633 “que
505 1588 670 1621 momenti
694 1594 755 1627 est,
778 1594 894 1620 mente
919 1586 1002 1620 alio'
1025 1587 1195 1626 traducta,
1219 1588 1318 1630 parui
1342 1588 1511 1630 temporis
1538 1588 1659 1631 spacio
1687 1588 1876 1621 interiecto
1900 1588 2156 1633 languesceret,
2179 1589 2244 1622 mi-

385 1644 399 1660 “
413 1652 487 1676 rum
511 1642 606 1675 haud
630 1641 747 1680 dubie,
772 1647 807 1674 et
830 1640 926 1684 quod
942 1647 994 1673 est
1016 1651 1094 1674 rare
1117 1640 1273 1674 uirtutisl
1298 1647 1377 1684 post
1400 1647 1537 1674 auctam
1558 1640 1628 1684 jam
1644 1641 1747 1674 armis
1762 1642 1956 1685 potentiam
1976 1641 2142 1686 regalem,
2158 1641 2244 1682 auri,

386 1698 400 1713 “
413 1695 618 1740 argentique
640 1695 799 1738 pondera
821 1694 956 1727 sublata
980 1705 999 1727 a
1022 1695 1177 1739 tyrannis
1200 1695 1316 1727 multis
1333 1705 1376 1727 ex
1391 1704 1453 1727 suo
1469 1695 1629 1728 restituit.
1671 1695 1786 1727 Inerat
1801 1695 1835 1727 ei
1851 1705 1935 1728 cura
1950 1695 2090 1738 pietatis
2105 1695 2242 1735 eximie,

384 1752 449 1783 “ut
471 1748 629 1793 quisquis
652 1748 785 1782 coleret
807 1755 979 1791 patruum,
1003 1754 1179 1790 tamquam
1200 1749 1406 1793 genitorem,
1430 1748 1549 1781 fratris
1571 1749 1710 1789 mortui,
1733 1749 1930 1792 sororisque
1949 1748 2091 1782 ·liberos
2112 1748 2244 1782 habere
2266 1748 2308 1782 25

385 1806 399 1822 ‘⁴
412 1814 476 1847 pro
498 1803 578 1842 suis,
602 1808 779 1847 cognatos,
802 1801 930 1841 affines,
952 1808 1185 1845 parentesque
1209 1802 1325 1835 animo
1350 1802 1531 1845 completi:
1557 1808 1592 1835 et
1614 1808 1653 1835 ut
1675 1802 1824 1836 blandus
1845 1809 1957 1845 pater,
1981 1812 2130 1836 concors
2152 1807 2244 1836 esset

383 1859 397 1876 “
410 1857 552 1890 maritus
576 1856 729 1899 elegans,
754 1855 911 1899 letusque
935 1856 1134 1888 conuiuium
1158 1855 1253 1895 dare,
1276 1866 1342 1889 nec
1369 1862 1483 1888 tamen
1506 1855 1608 1888 nimis
1630 1861 1866 1898 sumptuosum
1889 1855 2037 1889 miscere
2053 1861 2152 1900 grata
2167 1855 2240 1888 col·-

386 1913 400 1929 “
414 1910 530 1954 loquia
553 1920 617 1953 pro
640 1909 807 1952 personis,
830 1913 932 1952 atque
955 1908 1189 1952 dignitatibus,
1213 1919 1391 1942 sermones
1415 1920 1494 1942 cum
1516 1909 1688 1953 grauitate
1704 1909 1887 1953 jucundos,
1911 1909 2156 1948 exercebatur;
2178 1918 2241 1942 ne-

382 1966 396 1982 “
414 1974 481 2007 que
506 1964 552 1996 ad
573 1962 789 2002 illecebram,
806 1973 911 2006 neque
935 1963 980 1995 ad
1003 1962 1235 1995 lassitudinem
1258 1963 1503 2004 deambulabat,
1527 1973 1605 1996 cum
1622 1970 1712 1996 esset
1727 1963 1863 1995 animus
1884 1963 2080 2006 reficiendi;
2095 1962 2242 2007 regebat

388 2017 638 2050 “ualitudinem
654 2016 866 2049 continentia
881 2016 1047 2049 uescendi
1062 2015 1085 2056 ⁷,
1102 2021 1135 2048 et
1150 2021 1277 2060 quanta
1292 2017 1328 2048 in
1343 2027 1380 2048 eo
1396 2017 1491 2059 apud
1507 2017 1666 2049 homines
1683 2017 1911 2049 mansuetudo
1920 2015 1943 2056 ⁸,
1957 2016 2131 2060 qualisque
2146 2016 2240 2059 apud.
2262 2016 2306 2049 30
2351 2029 2355 2032 ·

384 2073 399 2090 “
414 2072 517 2104 deum
539 2070 680 2103 deuotio
712 2069 878 2107 extiterit,
908 2070 976 2102 hoc
1007 2076 1219 2103 monstratur
1249 2070 1416 2113 exemplo.
1465 2070 1555 2103 Nam
1579 2080 1658 2102 cum
1682 2070 1775 2113 apud
1798 2070 2039 2103 Mediolanum
2061 2070 2240 2103 missarum

385 2127 399 2143 “
412 2125 579 2158 fruiturus
602 2123 779 2156 solemniis
801 2124 958 2156 volm'sset
979 2123 1109 2156 intrare
1134 2125 1315 2166 ecclesiam,
1339 2124 1470 2156 beatum
1494 2123 1710 2156 Ambrosium
1741 2134 1805 2166 pro
1829 2124 1980 2167 quodam
2004 2123 2164 2157 facinore
2187 2125 2241 2156 in-

385 2180 554 2212 “troitum
576 2178 643 2210 sibi
659 2177 899 2222 prohibentem
922 2177 991 2209 nisi
1010 2177 1145 2221 publice
1167 2178 1346 2222 peniteret,
1369 2177 1546 2210 humiliter
1569 2178 1657 2219 tulit,
1682 2183 1717 2210 et
1740 2177 2013 2210 satisfactionem
2029 2187 2098 2210 non
2115 2176 2240 2211 erube-

386 2234 526 2272 “scens‚
549 2231 731 2263 inductum
754 2229 798 2262 ab
822 2230 988 2272 episcopo
1011 2231 1152 2263 modum
1175 2231 1326 2273 excepit.
1372 2230 1466 2263 Huic
1490 2230 1620 2263 sociata
1643 2231 1679 2262 in
1703 2230 1867 2274 conjugio
1899 2229 2066 2263 Flaccilla
2096 2230 2172 2270 fuit,
2196 2241 2240 2264 ex

386 2288 399 2304 ‘⁴
413 2297 481 2330 qua
504 2284 721 2318 Archadium
745 2289 780 2316 et
802 2283 992 2316 Honorium
1015 2284 1146 2328 genuit.
1193 2283 1275 2322 Qua
1299 2283 1467 2316 defuncta
1498 2283 1634 2316 Gallam
1664 2283 1905 2316 Valentiniani
1933 2293 2072 2327 quoque
2094 2283 2240 2328 junioris
2260 2282 2303 2317 35
2345 2281 2348 2282 ’

383 2342 566 2373 “sororem
589 2338 625 2370 in
658 2336 926 2370 matrimonium'
951 2337 1058 2376 duxit,
1083 2347 1151 2381 que
1182 2338 1214 2369 ei
1245 2337 1438 2370 Placidiam
1467 2337 1596 2381 genuit,
1628 2337 1685 2369 cui
1715 2342 1837 2379 postea
1869 2337 1912 2369 de
1936 2337 2056 2370 matris
2086 2337 2238 2376 nomine,

470 2446 493 2464 1.
512 2445 571 2463 sese
588 2437 611 2462 C
622 2451 654 2454 —
670 2442 693 2462 2.
707 2437 831 2471 percutIt
847 2435 871 2461 C
887 2449 897 2454 -
916 2436 977 2461 illis
996 2443 1089 2461 manca
1107 2437 1138 2461 in
1155 2436 1182 2461 B
1200 2450 1210 2455 -
1230 2436 1359 2461 millibus
1377 2436 1403 2460 B
1417 2450 1448 2454 —
1463 2444 1487 2470 4.
1501 2436 1627 2469 insIgnis
1646 2436 1684 2465 B,
1702 2435 1847 2465 oxomum
1867 2436 1991 2461 eximius
2010 2449 2043 2454 —
2065 2443 2105 2470 14.
2118 2435 2236 2462 vlolen·

378 2484 449 2508 tiam
468 2481 545 2510 AB,-
564 2481 697 2506 Faunus:
716 2478 915 2504 vinolentiam
934 2492 943 2497 -
963 2481 992 2504 et
1013 2479 1037 2504 C
1053 2493 1086 2497 —
1108 2486 1150 2512 15.
1169 2479 1404 2504 commesationes
1422 2478 1447 2503 A
1465 2491 1477 2499 -
1496 2479 1611 2512 phibuIt
1632 2479 1699 2503 0-
1714 2484 1756 2504 21.
1769 2481 1906 2511 quattuor
1919 2479 1944 2504 A
1957 2492 1990 2498 —
2005 2485 2047 2512 23.
2060 2481 2110 2504 aut
2125 2478 2149 2504 C
2164 2492 2175 2498 -
2187 2486 2236 2504 an-

381 2526 426 2551 nis
443 2525 467 2550 0
483 2538 516 2543 —
537 2530 578 2556 25.
592 2526 728 2556 tanquam
747 2522 829 2547 AeB
842 2536 874 2540 —
895 2528 936 2555 27.
956 2524 1120 2555 sumptuose
1138 2520 1197 2547 AB
1209 2536 1242 2540 —
1258 2528 1300 2555 ²9·
1313 2521 1561 2547 deambulantibus
1574 2521 1599 2546 A
1614 2521 1638 2546 C
1654 2534 1666 2540 -
1686 2521 1889 2546 lascitudinem
1901 2519 1926 2546 A
1939 2535 1971 2540 -—-
1986 2528 2027 2555 30.
2042 2521 2237 2548 valetudinem

379 2567 438 2592 AB
456 2580 467 2586 -
486 2566 672 2592 contlnencia
694 2564 719 2590 C
734 2578 767 2583 —
787 2571 830 2597 31.
848 2564 970 2589 devocio
994 2564 1017 2588 C
1033 2579 1065 2584 -
1085 2570 1127 2596 3²·
1147 2564 1316 2598 sollempnis
1339 2562 1363 2588 C
1372 2577 1405 2582 —
1420 2569 1462 2596 33.
1481 2564 1552 2589 satis
1571 2563 1727 2588 factionem
1740 2563 1764 2588 A
1779 2577 1812 2582 --
1826 2571 1869 2597 34.
1888 2563 2018 2589 Facceila
2030 2564 2054 2589 A
2067 2576 2101 2583 ——
2122 2570 2163 2597 35.
2181 2562 2238 2589 Ar-

383 2610 516 2636 chadium
539 2608 562 2633 C
579 2622 611 2626 —-
632 2607 674 2641 36.
693 2608 724 2632 in
744 2607 933 2632 matrimonio
951 2606 1013 2630 AB

471 2680 479 2698 ¹
499 2682 589 2706 Tutto
609 2681 631 2705 il
650 2682 726 2706 testo
753 2679 897 2712 virgolato
916 2676 932 2703 e
951 2679 1068 2712 copiato
1087 2678 1123 2702 da
1142 2677 1280 2708 Onosms,
1337 2677 1469 2711 “scripta
1488 2679 1616 2703 veterum
1634 2679 1663 2703 et
1682 2678 1811 2711 picturae
1832 2677 1936 2703 docent
1947 2694 1971 2710 η.
2269 2684 2299 2712 15
2340 2681 2343 2684 ⁴

382 2724 442 2756 VH.
463 2730 504 2758 35,
528 2730 616 2756 ¹5·19·
1424 2718 1437 2736 ⁴
1456 2727 1476 2745 x
1494 2721 1653 2754 aggiunge:
1670 2728 1701 2745 ac
1720 2721 1853 2753 diligenti.

468 2765 480 2782 ²
499 2765 636 2796 Onosxus,
658 2765 718 2795 VII,
739 2771 781 2798 35,
801 2770 849 2789 21:
877 2762 1031 2796 “quamvis
1055 2770 1109 2796 ego
1127 2763 1182 2788 hoc
1202 2763 1281 2788 testi·
1425 2760 1437 2778 ⁵
1457 2762 1582 2794 Faunus,
1602 2763 1657 2788 loc.
1677 2764 1741 2787 cit.=
1762 2762 1977 2787 “vinolentiam
1997 2761 2108 2787 scincet
2127 2756 2237 2796 cupidi-

382 2810 395 2824 “
405 2810 505 2835 monio
526 2816 583 2834 non
603 2809 740 2838 laborem,
758 2807 872 2840 quando
892 2813 964 2831 unus
977 2813 1012 2830 ex
1027 2807 1108 2839 ipsis,
1121 2808 1205 2839 poeta
1219 2807 1282 2838 qul·
1337 2803 1425 2829 “nem
1443 2805 1651 2838 triumphandi,
1670 2812 1758 2837 usque
1785 2813 1818 2830 eo
1845 2804 2010 2835 detestatus,
2032 2807 2064 2830 ut
2082 2804 2158 2830 bella
2178 2811 2236 2830 non

380 2853 393 2867 ‘¹
406 2853 470 2877 dem
488 2851 612 2876 eximius
631 2851 679 2875 sed
699 2857 826 2884 paganus
846 2848 1102 2882 pervicacissimus,
1114 2847 1281 2873 huiusmodi
1337 2847 1484 2873 “moverit
1503 2848 1551 2872 sed
1572 2848 1717 2873 invenerit
1727 2864 1748 2879 ,μ

383 2896 397 2909 ⁴‘
408 2895 534 2919 versibus
554 2896 581 2919 et
601 2893 662 2918 Deo
681 2895 709 2918 et
728 2892 840 2917 homini
860 2891 1062 2916 testimonium
1080 2891 1158 2920 tulit,
1178 2891 1280 2923 quibus
1424 2887 1437 2905 ⁸
1455 2890 1615 2922 superbiam
1632 2890 1839 2919 dominantium,
1858 2889 1921 2914 dice
1939 2888 2062 2915 Pavum.
2265 2891 2300 2911 ²0
2370 2880 2373 2886 ¹

384 2937 397 2950 ⁸
408 2938 536 2967 ait....„
555 2943 570 2960 e
590 2936 700 2968 riporta
714 2935 725 2959 i
739 2933 822 2959 versi.
842 2932 888 2959 Cf.
903 2940 987 2967 pure:
1001 2932 1201 2964 Paoms,X11,
1214 2938 1279 2962 run
1427 2928 1436 2944 '
1454 2932 1500 2957 Do
1520 2932 1565 2957 fra
1583 2932 1737 2965 virgolette
1763 2932 1792 2957 la
1816 2934 1896 2965 parte
1923 2931 2038 2965 coplata
2057 2930 2093 2957 da
2112 2932 2238 2964 Faunus,
2326 2924 2331 2926 ”

382 2979 453 3005 Hm.
471 2978 562 3007 Mlsc„
580 2981 622 3011 op.
639 2979 696 3006 cit„
715 2984 742 3010 p.
763 2983 822 3010 3⁰3·
1336 2975 1367 2999 in
1387 2975 1502 3000 corsIvo
1522 2975 1548 2999 le
1567 2974 1666 3008 parole
1684 2975 1826 3008 trasposte
1845 2981 1863 3000 o
1883 2974 2020 3008 agglunte
2039 2974 2075 3000 da
2093 2981 2122 3000 a.

472 3020 482 3037 ³
502 3020 627 3052 Pinnos,
646 3019 707 3051 xn,
733 3026 751 3044 v
771 3018 808 3052 (p.
838 3018 912 3052 191);
932 3025 951 3043 a
976 3019 1095 3044 omette:
1120 3017 1281 3050 “quantum
1424 3015 1435 3032 ⁸
1454 3016 1579 3048 Parmos,
1598 3017 1653 3042 loc.
1673 3017 1738 3043 eim
1758 3017 1849 3042 Ebusus
1866 3019 1893 3041 et
1909 3018 1984 3050 apud
1999 3017 2117 3042 menes
2133 3019 2179 3044 uc.
