2398 3470
173 249 242 270 ιω...
266 255 300 270 00.
315 254 378 275 9091
412 238 461 275 90
994 237 1287 274 ROMUALDI
1315 237 1683 276 SALERNITANI
1950 246 2035 281 [ΑΛ.
2053 246 2089 274 c.
2111 248 2264 283 ὅτε-386]

176 1185 275 1205 ,Sira-ms
286 1186 349 1210 papa

178 1245 200 1259 a.
216 1239 243 1259 C·
260 1239 351 1264 384·³99

229 1441 249 1455 a.
265 1435 292 1455 C.
308 1435 347 1459 386

179 1469 201 1483 a.
218 1468 239 1483 u.
257 1468 277 1482 c.
295 1462 347 1485 11³8

346 2379 360 2407 5

325 2636 358 2654 10

324 2849 354 2875 ¹5

403 370 548 403 fecisset
569 369 725 411 imperii;
749 368 932 407 Maximus,
955 368 1008 401 uir
1031 368 1173 411 quidem
1197 374 1355 401 strenuus
1378 375 1413 401 et
1435 369 1577 411 probus,
1593 368 1750 414 Augusto
1766 370 1902 413 dignus,
1919 370 1983 403 nisi
2008 378 2128 404 contra
2147 383 2262 406 sacra-

403 429 598 456 mentorum
612 421 621 439 ¹
651 424 665 440 ‘⁴
679 422 783 454 fidem
806 432 870 464 per
893 421 1114 466 tyrannidem
1138 422 1345 460 emersisset,
1361 422 1397 453 in
1420 422 1599 455 Britannia
1620 423 1748 455 inuitus
1771 424 2020 466 propemodum
2043 424 2088 457 ab
2112 426 2267 459 exercitu

408 477 624 519 “imperator
647 481 784 508 creatus
807 475 843 507 in
867 475 1017 508 Galliam
1041 475 1191 508 transiit:
1216 474 1276 507 ubi
1300 475 1502 508 Gratianum
1526 474 1719 520 Augustum
1743 475 1856 508 subita
1879 476 2076 510 incursione
2099 479 2266 520 perterri-

409 531 423 547 “
436 536 518 568 tum,
543 535 648 572 atque
671 529 707 560 in
731 528 869 561 Italiam
891 529 1037 561 transire
1060 529 1297 567 meditantem,
1322 529 1411 562 dolis
1436 529 1711 562 circumuentum
1733 529 1829 572 apud
1851 529 2061 573 Lugdunum
2075 530 2265 572 interfecit,

407 586 526 616 “anuo
551 582 651 616 etatis
674 581 790 614 xxnt²
814 582 1027 625 fratremque
1053 583 1126 626 ejus
1150 581 1433 615 Valentinianum
1456 581 1650 626 Augustum
1667 582 1768 615 Italia
1783 581 1970 625 expulit„³.
2019 584 2034 600 ⁸
2051 583 2124 623 Qui
2147 590 2265 618 tamen
2311 584 2330 618 5

408 637 622 681 “justissime
647 646 726 668 cum
750 641 859 668 matre
883 646 945 667 sua
966 636 1105 678 Justina
1127 637 1254 677 penam
1280 635 1340 667 luit
1365 635 1470 674 exilii,
1494 645 1562 678 que
1586 642 1621 668 et
1644 636 1756 677 ipsum
1780 634 1932 668 Arriana
1946 636 2071 679 polluit
2093 638 2217 676 heresi,
2234 644 2269 671 et

410 691 425 707 ‘⁴
437 690 741 723 eminentissimam
758 688 840 720 fidei
856 687 1031 720 catholice
1048 698 1165 720 arcem
1181 687 1403 720 Ambrosium
1419 687 1748 730 Archiepiscopum,
1764 688 1897 731 perfida
1913 688 2092 722 obsidione
2107 690 2265 729 uexauit3

408 747 422 762 ‘⁶
436 753 502 776 nec
526 743 727 786 priusquam
750 741 893 784 prolatis
916 741 1096 774 beatorum
1121 741 1281 774 Geruasii
1299 747 1332 774 et
1347 741 1495 774 Protasii
1510 749 1709 785 martyrum,
1734 742 1810 774 Deo
1834 742 2023 782 reuelante,
2039 743 2198 786 reliquiis
2212 743 2266 776 in-

408 797 617 840 “corruptis,
640 796 830 838 nephanda
853 801 980 838 coepta
1004 793 1213 835 deseruit„⁴.
1258 794 1523 828 Valentinianus
1545 796 1582 827 in
1606 795 1785 828 Orientem
1808 795 1997 839 refugiens,
2021 807 2042 829 a
2063 796 2266 830 Theodosio

401 857 548 895 paterna
570 850 702 893 pietate
725 854 914 891 susceptus,
938 858 1019 880 mox
1045 848 1148 881 etiam
1163 848 1200 880 in
1216 848 1363 891 imperio
1379 848 1556 881 restitutus
1573 854 1624 881 est
1636 848 1659 881 ⁵.
1707 847 1787 881 Fuit
1802 855 1917 881 autem
1940 849 2127 882 Gratianus
2142 849 2265 883 litteris
2291 851 2330 883 10

399 905 494 938 haud
517 904 740 937 mediocriter
763 902 950 935 instructus
962 901 984 940 ⁰,
1009 912 1149 934 carmen
1173 902 1305 940 facere,
1330 907 1452 934 ornate
1468 902 1576 945 loqui,
1593 902 1771 944 explicare
1795 903 2053 935 controuersias
2067 902 2265 936 Rhetorum

399 970 508 998 more,
533 958 590 991 die
612 963 789 999 noctuque
813 955 989 988 diuinitati
1014 955 1152 989 deditus
1165 954 1187 994 ⁷,
1210 965 1338 998 parcus
1361 955 1430 988 cibi
1453 956 1645 998 somnique,
1670 966 1712 988 ac
1737 955 1889 988 libidinis
1910 955 2035 995 uictor,
2059 956 2263 1000 cunctisque

400 1018 491 1045 esset
514 1012 639 1054 plenus
662 1010 772 1048 bonis,
796 1010 825 1041 si
849 1009 893 1042 ad
917 1010 1099 1041 utilitatem
1122 1008 1316 1051 reipublice
1348 1008 1507 1052 diligenti
1538 1018 1622 1041 cura
1653 1009 1770 1051 (prout
1792 1019 1965 1053 quemque
1989 1010 2094 1042 decet
2116 1009 2266 1052 probum

403 1065 665 1109 Imperatorem)
687 1064 841 1096 animum
865 1062 1051 1101 intulisset;
1076 1073 1097 1094 a
1120 1073 1188 1105 qua
1210 1072 1321 1105 prope
1354 1062 1486 1095 alienus
1516 1072 1586 1095 non
1609 1063 1714 1096 modo
1738 1062 1927 1102 uoluntate,
1950 1064 2013 1096 sed
2035 1063 2136 1096 etiam
2164 1073 2264 1096 exer-

404 1120 486 1153 citio
510 1119 579 1151 fuit
591 1118 614 1151 ⁸.
2289 1117 2327 1151 15
2381 1128 2385 1132 ·

488 1172 536 1206 At
559 1181 645 1205 uero
669 1172 783 1204 Rome
807 1171 957 1203 Damaso
981 1181 1072 1213 papa
1089 1170 1268 1209 defuncto,
1286 1169 1430 1203 Siricius
1445 1169 1587 1202 natione
1604 1170 1796 1208 Romanus,
1814 1180 1857 1202 ex
1872 1176 1971 1213 patre
1994 1170 2168 1210 Tiburno,
2184 1177 2264 1214 post

400 1229 494 1260 hunc
519 1226 722 1260 cathedram
745 1225 782 1256 in
806 1225 880 1268 ejus
903 1225 985 1256 loco
1009 1223 1163 1266 suscepit
1187 1223 1432 1266 episcopalem,
1448 1224 1608 1266 seditque
1625 1224 1726 1256 annis
1741 1233 1801 1256 xv.
1848 1223 1918 1256 Hic
1942 1224 2123 1257 constituit
2137 1230 2176 1257 ut
2189 1234 2264 1258 mo-

396 1281 502 1314 nachi
524 1280 647 1313 fierent
670 1278 792 1311 clerici
815 1277 975 1310 utilitatis
1000 1287 1114 1316 causa,
1137 1277 1195 1309 uel
1218 1277 1451 1310 necessitatis:
1471 1284 1505 1310 et
1521 1283 1560 1310 ut
1575 1277 1689 1309 nullus
1703 1278 1889 1322 presbyter
1911 1277 2032 1310 missas
2055 1277 2262 1318 celebraret,

396 1335 463 1367 nisi
485 1334 521 1366 in
544 1332 689 1366 sacratis
712 1331 756 1364 ab
780 1331 949 1374 episcopo
973 1330 1070 1363 locis.
1117 1330 1162 1362 Et
1185 1330 1242 1362 hic
1266 1330 1430 1362 dormiuit
1453 1340 1532 1362 cum
1555 1329 1712 1372 partibus
1735 1330 1817 1369 iuis,
1834 1337 1870 1363 et
1886 1330 2039 1373 sepultus
2054 1337 2106 1364 est
2122 1331 2167 1364 ad
2182 1340 2262 1364 san-

400 1394 495 1421 ctum
517 1387 661 1420 Petrum
673 1385 697 1418 ⁹.
2284 1385 2328 1418 20
2377 1415 2379 1424 ,,

486 1440 590 1473 Anno
614 1438 744 1472 domini
769 1437 1053 1471 CCCLXXXVI
1077 1443 1111 1469 et
1135 1436 1178 1469 ab
1202 1436 1288 1469 urbe
1313 1437 1458 1469 condita
1480 1436 1745 1470 MCXXXVIII
1768 1437 1997 1477 Theodosius,
2020 1443 2120 1480 patre
2143 1438 2262 1471 Theo·
2374 1425 2379 1450 2

399 1495 497 1529 dosio
520 1493 670 1539 genitus,
693 1498 802 1524 matre
826 1490 1056 1523 Thermantia
1072 1500 1136 1522 xm
1153 1491 1358 1533 Imperator,
1381 1490 1568 1523 interfecto
1585 1501 1648 1533 per
1664 1491 1856 1523 Maximum
1873 1491 2053 1530 Gratiano,
2075 1491 2261 1534 imperium

395 1548 549 1583 Romani
572 1546 667 1579 orbis
690 1545 783 1578 solus
806 1544 953 1577 obtinuit
975 1544 1170 1587 mansitque
1193 1544 1229 1576 in
1246 1553 1288 1577 eo
1306 1544 1406 1576 annis
1421 1553 1461 1575 X1
1479 1554 1557 1576 cum
1573 1544 1644 1589 jam
1660 1544 1696 1576 in
1713 1544 1867 1577 Orientis
1890 1544 2046 1586 partibus
2068 1554 2130 1577 sex
2151 1544 2262 1583 annis,

398 1602 566 1636 Gratiano
582 1601 736 1639 uiuente,
755 1603 936 1641 regnasset
949 1597 984 1629 ¹⁰.
1031 1597 1153 1640 Itaque
1176 1597 1276 1641 justis
1299 1597 1573 1640 necessariisque
1591 1598 1704 1630 causis
1727 1598 1774 1630 ad
1798 1597 1926 1630 bellum
1950 1597 2055 1630 ciuile
2070 1603 2261 1640 permotus,

397 1667 476 1689 cum
499 1666 519 1687 e
543 1653 678 1686 duobus
701 1651 866 1695 Augustis
890 1650 1064 1690 fratribus,
1080 1650 1182 1682 unius
1195 1650 1375 1683 interiecti
1397 1650 1577 1690 ultionem,
1602 1651 1744 1683 alterius
1766 1651 2020 1684 restitutionem
2042 1657 2258 1693 procuraret,
2278 1650 2324 1685 25
2357 1684 2358 1689 ,

396 1719 471 1742 sese
495 1708 662 1740 aduersus
685 1705 876 1738 Maximum
901 1710 1097 1748 tyrannum,
1120 1703 1193 1736 sola
1217 1704 1287 1737 fide
1313 1703 1432 1747 major,
1457 1714 1536 1736 nam
1553 1703 1657 1747 longe
1673 1703 1785 1736 minor
1807 1704 1962 1736 uniuersi
1986 1709 2171 1747 apparatus
2186 1703 2261 1738 bel·
2397 1695 2398 1698 ¹

393 1763 452 1796 lici
476 1760 748 1804 comparatione,
770 1758 943 1801 proripuit
956 1756 990 1790 ¹¹.
1037 1756 1197 1801 Aquileje
1220 1763 1305 1790 tunc
1327 1756 1502 1790 Maximus
1525 1757 1672 1790 uictorie
1689 1767 1750 1790 sue
1773 1763 1949 1800 spectator
1971 1757 2164 1796 insederat3
2187 1756 2262 1790 An-

394 1814 598 1860 dragathius
621 1823 739 1847 comes
762 1811 835 1858 ejus
858 1822 1027 1844 summam
1051 1810 1136 1843 belli
1158 1809 1434 1849 administrabat,
1451 1810 1510 1854 qui
1526 1821 1605 1843 cum
1621 1811 1822 1854 largissimis
1838 1811 1987 1843 militum
2010 1811 2131 1854 copiis,
2147 1816 2261 1844 astuto

393 1869 550 1908 consilio,
574 1878 696 1901 omnes
719 1866 850 1909 alpium
873 1875 916 1897 ac
940 1864 1118 1898 fluminum
1142 1864 1257 1898 aditus
1281 1864 1538 1904 communisset,
1569 1864 1653 1897 dum
1684 1864 1798 1897 nauali
1830 1864 2056 1907 expeditione
2082 1865 2261 1898 incautum

392 1925 530 1956 hostem
553 1920 738 1964 preuenire
763 1925 798 1952 et
820 1918 967 1952 obruere
998 1924 1108 1961 parat,
1140 1923 1263 1960 sponte
1295 1918 1430 1957 eadem,
1462 1928 1528 1960 que
1560 1918 1790 1956 obstruxerat,
1823 1918 1975 1951 claustra
1998 1918 2162 1951 deseruit.
2207 1918 2260 1951 Ita
2283 1919 2326 1952 30
2352 1914 2354 1917 ’

391 1975 627 2013 Theodosius,
649 1973 789 2006 nemine
813 1972 995 2011 sentiente,
1019 1981 1150 2004 uacuas
1172 1971 1270 2014 alpes
1293 1971 1442 2011 intrauit,
1466 1977 1570 2015 atque
1594 1970 1794 2016 Aquilejam
1818 1971 2024 2014 improuisus
2055 1971 2260 2012 adueniens,

390 2031 524 2063 hostem
548 2028 644 2061 illum
667 2037 816 2064 manum,
841 2036 883 2058 ac
906 2025 1102 2063 maximum,
1126 2031 1259 2057 trucem
1276 2030 1311 2057 et
1326 2024 1370 2057 ab
1387 2024 1639 2057 immanissimis
1655 2035 1794 2068 quoque
1820 2025 2074 2058 Germanorum
2095 2024 2259 2069 gentibus

391 2083 529 2121 tributa,
554 2091 595 2113 ac
619 2079 792 2123 stipendia
814 2079 890 2112 solo
914 2084 1046 2111 terrore
1069 2078 1215 2111 nominis
1239 2078 1447 2121 exigentem,
1472 2077 1546 2110 sine
1570 2077 1810 2110 controuersia
1833 2077 1968 2115 clausit,
1993 2077 2098 2120 cepit,
2113 2077 2257 2111 occidit.

483 2209 505 2226 1.
524 2200 639 2233 quidam
657 2199 680 2223 C
692 2213 723 2218 —
738 2206 763 2231 3.
775 2198 899 2223 transire
918 2197 1059 2222 miliciam
1073 2197 1260 2222 meditantem
1277 2196 1316 2225 C:
1328 2204 1373 2222 ma
1385 2198 1415 2221 iu
1429 2188 1568 2226 OR0811'18‚
1580 2196 1628 2221 clu·
1639 2196 1666 2221 R
1677 2197 1751 2230 copia
1764 2203 1857 2221 manca
1869 2196 2009 2221 milicIam
2023 2210 2056 2215 —
2072 2203 2115 2222 10.
2127 2196 2257 2222 literlsB

392 2258 425 2263 —
446 2252 488 2277 14.
506 2242 680 2268 intendisset
702 2241 735 2269 C.
753 2248 822 2265 come
840 2241 870 2265 in
887 2239 1013 2271 PAULus,
1033 2241 1120 2264 n'nvece
1139 2240 1170 2264 di
1186 2239 1336 2264 intulisset
1349 2253 1382 2259 -
1398 2238 1438 2264 16.
1458 2238 1586 2264 Oiricius
1604 2240 1692 2264 invect
1710 2240 1742 2264 di
1756 2238 1878 2264 siricius
1901 2239 1925 2263 C
1939 2253 1973 2258 —
1995 2245 2036 2272 17.
2048 2239 2159 2272 accepit
2181 2238 2205 2264 C
2221 2252 2255 2258 —

390 2294 433 2312 21.
453 2287 541 2311 Anno
560 2284 673 2310 domini
692 2282 916 2309 CCCLXXXVI
934 2289 1027 2306 manca
1045 2283 1073 2306 in
1086 2282 1126 2310 B,-
1145 2284 1176 2306 in
1192 2282 1316 2313 equesta
1334 2281 1423 2305 datad
1441 2281 1471 2306 ln
1490 2281 1633 2306 incidam
1651 2289 1714 2306 nero
1733 2294 1743 2300 -
1762 2289 1797 2306 ex
1817 2289 1894 2306 anno
1916 2281 1983 2305 C—
1998 2288 2040 2315 ²3·
2060 2282 2211 2315 opptlnuIt
2232 2281 2257 2306 C

389 2343 423 2349 -
443 2335 486 2361 ²5·
505 2329 651 2353 ulcionem
669 2326 817 2351 interfecti
839 2324 863 2349 C
879 2338 913 2343 —
934 2331 976 2357 ²7·
995 2325 1130 2357 prorupit
1147 2324 1174 2347 B
1193 2338 1226 2342 —
1246 2322 1337 2357 27-28.
1356 2324 1556 2356 Andagracius
1568 2323 1595 2347 B
1607 2337 1640 2342 —
1655 2323 1697 2348 28.
1716 2323 1946 2349 amministrabat
1963 2323 1986 2348 C
2003 2338 2035 2342 —
2056 2330 2099 2357 ²9·
2111 2324 2253 2350 comunit-

390 2374 433 2397 set
456 2371 479 2395 C
495 2384 506 2390 -
524 2370 713 2404 expedicione
736 2368 759 2393 C
775 2381 785 2386 -
805 2368 837 2392 in
856 2368 996 2399 quantum
1015 2368 1127 2400 poterat
1145 2366 1172 2390 B
1184 2365 1221 2394 C,-
1240 2373 1318 2398 segue
1342 2365 1372 2391 la
1390 2366 1486 2390 lenione
1504 2366 1536 2390 di
1552 2365 1670 2391 PAULus
1684 2368 1716 2384 '—
1730 2373 1773 2398 31.
1787 2366 1911 2391 seciente
1933 2365 1957 2390 C
1973 2379 1982 2384 -
2001 2366 2171 2400 inprouIsus
2182 2361 2219 2391 'C

479 2454 488 2472 ¹
511 2455 651 2483 Onosws.
672 2454 727 2479 loc.
747 2455 812 2478 cit.:
832 2453 846 2468 ‘¹
858 2452 1028 2477 sacramenti
1047 2451 1131 2476 fidem
1143 2471 1165 2484 η.
1438 2449 1449 2466 ⁹
1467 2450 1498 2477 L,
1518 2451 1561 2480 R,
1579 2451 1600 2481 1,
1620 2459 1646 2484 p.
1667 2450 1734 2476 216:
1755 2451 1971 2484 “....sepultus
1989 2453 2033 2477 est
2051 2451 2082 2476 ln
2102 2451 2254 2486 cymiterlo
2283 2455 2318 2476 ιο
2343 2454 2345 2458 ’

478 2496 489 2514 ²
509 2498 636 2527 PAULus,
655 2497 703 2526 XI,
722 2503 784 2526 xv1,
804 2496 832 2521 al
850 2496 942 2520 brano
962 2494 1108 2519 Orosiano
1134 2495 1294 2527 aggiunge:
1351 2492 1525 2518 “Priscillae
1545 2493 1593 2518 via
1611 2492 1732 2523 Salaria,
1752 2500 1810 2518 vm
1830 2494 1885 2518 kal.
1905 2496 1987 2519 mart.
1996 2511 2019 2526 „.
2331 2491 2341 2496 ”

391 2542 405 2555 ¹¹
417 2542 522 2567 aetatis
543 2547 647 2565 novem
666 2542 694 2564 et
714 2539 825 2572 viginti
843 2545 935 2563 annos
947 2554 968 2569 „.
1250 2528 1262 2545 ‘
1439 2534 1480 2560 La
1499 2535 1567 2561 data
1587 2536 1662 2561 della
1682 2538 1774 2561 morte
1792 2536 1823 2561 di
1842 2536 1971 2566 Sdn'cz'ur,
1993 2536 2118 2562 secondo
2137 2535 2162 2561 u
2179 2543 2254 2561 mar·

477 2581 489 2598 ³
508 2582 563 2606 Fin
583 2582 634 2614 qui
653 2580 793 2611 Οκοειυε,
814 2578 874 2611 VH,
894 2586 936 2611 34,
960 2585 999 2603 10.
1349 2577 1491 2610 tin-elogio
1520 2576 1741 2610 Geronimiano,
1766 2577 1781 2603 'e
1808 2577 1866 2603 “vx
1894 2579 1950 2604 kal.
1979 2578 2135 2604 decembri·
2144 2595 2168 2610 ,.
2204 2577 2252 2603 Du

477 2626 489 2643 ⁴
508 2625 599 2655 BsnA,
618 2624 674 2648 loc.
693 2624 741 2648 cit.
1348 2619 1446 2650 Rossx,
1463 2619 1548 2646 Inscr-
1571 2620 1684 2650 Christ„
1703 2622 1760 2646 vol.
1778 2620 1815 2652 11,
1833 2628 1880 2655 pp.
1904 2627 1963 2651 102,
1983 2620 2042 2654 138,
2061 2628 2097 2646 ne
2115 2618 2151 2646 da
2170 2619 2252 2653 l’epi—

476 2670 487 2687 ⁵
507 2671 553 2695 Da
571 2670 585 2683 ¹‘
597 2669 788 2694 Valentianus
806 2668 837 2692 in
852 2667 1024 2698 Orientem„
1037 2666 1074 2691 fin
1090 2667 1138 2698 qui
1154 2665 1293 2697 Onosms,
1348 2662 1425 2687 taffio
1446 2663 1477 2686 in
1499 2669 1532 2687 ιο
1550 2663 1635 2695 versi,
1655 2663 1685 2688 di
1704 2664 1750 2688 cui
1770 2664 1885 2696 riporto
1903 2664 1946 2697 gli
1965 2663 2063 2689 ultimi
2082 2663 2151 2688 due:
2278 2666 2310 2694 25
2332 2671 2337 2682 κ
2371 2671 2372 2674 ¹

385 2716 441 2740 ¹⁰⁰·
460 2715 511 2738 ω·
901 2735 903 2737 ’
1051 2752 1057 2758 ,
1113 2751 1119 2758 ‚
1419 2725 1433 2739 ¹¹
1445 2726 1498 2750 Ter
1514 2727 1609 2758 quinos
1623 2727 1754 2759 populum
1773 2728 1823 2759 qui
1839 2727 1912 2752 res-tt
1928 2728 1959 2752 in
1977 2734 2060 2752 annos
2076 2733 2166 2752 amm

475 2754 487 2771 ⁶
506 2755 632 2786 Funus,
651 2754 699 2785 XI,
718 2759 801 2779 xvu:
822 2753 835 2767 “
846 2752 1030 2777 mediocriter
1049 2753 1203 2776 institutus
1213 2768 1237 2783 „.
1415 2769 1498 2793 Num,
1516 2769 1636 2800 “quum
1653 2770 1735 2794 sentit
1764 2769 1883 2794 code-ma
1901 2776 1984 2802 ΝΜ
1999 2769 2102 2801 poam

475 2795 486 2812 ⁷
505 2796 600 2821 IDEM:
624 2796 637 2809 ¹‘
651 2795 727 2820 nihil
753 2794 832 2819 aliud
859 2793 905 2818 die
931 2795 1074 2825 noctuque
1098 2800 1180 2825 agere
1205 2799 1290 2824 quam
1736 2787 1746 2798 ¹
2110 2785 2133 2800 ”²

386 2842 531 2875 “spiculis
557 2840 692 2866 meditari
718 2845 898 2870 summaeque
925 2838 1086 2871 voluptatis
1116 2837 1289 2869 divinaeque
1421 2835 1442 2853 ¹⁰
1461 2837 1536 2862 Fino
1556 2845 1573 2862 a
1593 2837 1784 2863 “Termantia
1795 2855 1808 2869 „
1829 2837 1955 2867 anxs,
1973 2837 2035 2867 XII,
2051 2844 2062 2862 ι
2077 2836 2116 2870 (p.
2132 2836 2207 2871 189);
2222 2836 2245 2862 ll

386 2885 480 2909 “artis
500 2883 620 2913 credere,
640 2882 784 2907 destinata
805 2881 898 2911 ferire,
917 2887 1018 2913 parcus
1038 2881 1122 2910 etc.„‚
1345 2883 1420 2907 resto
1441 2881 1581 2913 OR051US,
1600 2882 1661 2914 VH,
1681 2888 1724 2915 35,
1745 2890 1756 2907 1
1777 2890 1792 2907 e
1812 2889 1836 2907 2.

472 2927 484 2944 ⁸
503 2928 590 2959 IDEM,
616 2927 671 2952 loc.
693 2926 741 2951 cit.
770 2925 784 2938 “
795 2927 818 2950 si
845 2925 881 2950 ad
900 2924 1130 2958 cognoscendam
1149 2923 1288 2957 reipubli-
1422 2922 1442 2940 ¹¹
1462 2925 1517 2949 Fin
1532 2925 1582 2957 qui
1596 2924 1734 2954 Onosms,
1748 2924 1809 2954 vn,
1826 2931 1867 2957 35,
1883 2930 1907 2954 2,
1920 2925 1971 2957 poi
1985 2924 2110 2954 PAULvs,
2123 2923 2161 2949 cf.
2174 2925 2244 2949 nota
2272 2933 2321 2961 3⁰*

386 2972 399 2985 ¹⁴
409 2979 457 2996 cae
470 2971 609 3004 gerendae
623 2970 773 2995 scientiam
787 2968 914 2993 animum
928 2967 1109 2998 intendisset,
1123 2973 1139 2991 a
1153 2974 1208 2999 qua
1221 2973 1286 3000 pro·
1343 2969 1484 3000 seguente.

384 3015 443 3048 “pe
461 3015 505 3038 etc
517 3032 539 3046 „-
