2398 3470
185 277 259 301 Mun..
274 284 307 298 cc.
323 283 408 298 τοο-ποι
421 269 494 302 244

243 401 301 425 sept.
322 405 346 425 19

243 455 300 478 sept.
320 458 344 472 ao

244 508 301 531 sept.
321 507 347 526 26

273 562 318 581 oct.

264 667 314 686 1160

236 984 336 1009 ο.235ὸ

269 1039 319 1058 1160

359 1576 389 1595 10

360 1786 389 1812 15

357 1999 388 2017 20

357 2206 389 2233 25

358 2422 392 2447 30

359 2630 390 2655 35

360 2843 395 2868 40

362 3052 394 3078 45

1183 262 1499 299 CHRONICON
2047 269 2100 305 [Α.
2118 268 2151 296 c.
2173 269 2266 304 11⁶0}

420 395 455 423 et
477 388 651 431 episcopis
673 386 805 420 Urbem
829 396 998 429 egressus,
1021 385 1190 428 Nimphas
1212 384 1320 424 uenit,
1345 390 1380 417 et
1401 384 1450 417 ibi
1474 384 1518 417 ab
1548 383 1710 417 Hubaldo
1740 383 1915 418 Hostiensi
1944 385 2112 430 episcopo
2143 392 2179 420 et
2208 396 2261 419 re-

418 442 518 485 liquis
541 440 714 483 episcopis
744 445 780 472 et
802 438 1037 472 cardinalibus
1060 443 1113 470 est
1135 437 1371 480 sollempniter
1401 442 1636 476 consecratus,
1660 442 1695 469 et
1720 442 1842 480 postea
1871 437 2098 472 Terracinam
2129 438 2226 472 venit
2241 438 2261 471 ¹.

420 494 628 528 Octauianus
650 502 734 524 uero
759 492 793 523 in
816 491 912 524 Urbe
935 489 1186 534 aliquantulum
1210 490 1417 529 demoratus,
1442 500 1521 522 cum
1543 490 1580 522 in
1603 499 1645 522 ea
1667 499 1790 532 parum
1811 496 1930 532 posset
1951 491 2134 534 proficere,
2157 492 2260 525 Cam-

419 548 557 590 paniam
582 546 686 583 uenit,
710 550 744 577 et
767 544 860 587 apud
884 544 1049 587 Segniam
1074 543 1199 576 mansit
1210 542 1233 575 ¹.
1279 542 1360 575 Rex
1382 548 1495 575 autem
1517 541 1763 584 W[ilhelmus],
1785 542 1906 576 audita
1927 544 2153 586 promocione
2168 555 2261 588 pape

417 599 619 637 Alexandri,
642 598 788 631 nuncios
812 596 856 630 ad
879 608 957 630 eum
981 596 1082 636 misit,
1107 601 1143 629 et
1168 606 1242 629 eum
1268 596 1304 628 in
1327 602 1461 638 patrem
1486 601 1521 629 et
1544 595 1719 628 dominum
1751 606 1830 629 cum
1860 606 1922 630 suo
1952 607 2062 642 regno
2092 597 2227 641 recepit
2239 597 2262 631 ⁸.

505 652 558 686 Eo
579 658 736 695 tempore
759 651 921 684 Ionathas
944 660 1061 683 eomes
1083 649 1214 683 Consie
1225 649 1248 689 ⁴,
1272 655 1308 682 et
1330 648 1507 682 Gilbertus
1523 659 1639 682 comes
1657 649 1810 683 Grauine
1823 649 1846 690 ¹,
1863 655 1898 682 et
1911 650 2132 684 Boamundus
2147 661 2264 685 comes

415 705 609 748 Monopelli
621 708 646 745 ⁶,
669 710 705 738 et
727 705 902 748 Rogerius
925 714 1051 742 comes,
1075 702 1211 736 Acerre
1224 704 1247 742 ⁷,
1272 708 1307 735 et
1322 701 1507 745 Philippus
1530 713 1647 735 comes
1663 703 1707 735 de
1725 703 1859 747 Sangro
1871 702 1894 742 ⁸,
1910 709 1945 736 et
1959 703 2133 748 Rogerius
2147 715 2265 738 comes

416 757 624 799 Tricarici⁹,
648 764 682 791 et
704 758 803 791 multi
825 757 974 790 barones
997 767 1075 790 cum
1097 755 1335 789 Melfiensibus
1366 762 1401 788 et
1432 755 1674 799 Neapolitanis
1705 762 1740 789 et
1769 756 1975 800 quibusdam
2006 757 2081 791 aliis
2094 759 2120 780 ¹⁰
2143 763 2265 792 contra

418 813 594 846 Maionem
617 812 832 845 ammiratum
855 810 1128 844 coniurationem
1151 810 1325 848 fecerunt,
1347 815 1542 842 asserentes
1566 820 1642 842 eum
1674 809 1769 854 regis
1800 820 1876 843 esse
1906 810 2120 854 proditorem
2151 818 2187 845 et
2216 812 2263 846 ad

418 866 517 911 regni
540 864 729 898 dominium
752 864 915 907 aspirare.
963 861 1071 901 Quod
1094 861 1239 895 audiens
1262 872 1322 894 rex
1345 861 1592 904 W[ilhelmus],
1615 862 1697 906 quia
1718 863 1937 895 ammiratum
1960 868 2081 897 tenere
2097 863 2267 908 diligebat

418 925 453 953 et
477 920 520 952 de
552 928 593 952 eo
623 917 810 960 plurimum
840 915 1051 954 confidebat,
1083 921 1204 948 contra
1234 925 1294 948 eos
1323 915 1549 948 uehementer
1580 921 1632 948 est
1661 915 1873 960 indignatus,
1903 922 1939 949 et
1969 926 2034 959 per
2062 916 2264 961 frequentes

419 972 565 1006 nuncios
587 977 622 1004 et
645 971 776 1004 litteras
798 970 848 1003 eis
870 968 1099 1013 precipiendo
1121 967 1314 1007 mandauit,
1337 973 1376 1001 ut
1405 967 1451 1001 ab
1481 968 1549 1001 hoc
1580 969 1762 1011 proposito
1793 969 2027 1009 desisterent,'
2050 970 2131 1014 quia
2151 969 2265 1014 ipsum

419 1026 633 1059 ammiratum
655 1035 719 1068 pro
742 1023 837 1057 fideli
860 1029 894 1057 et
916 1022 1023 1067 legati
1046 1022 1122 1055 uiro
1146 1021 1310 1055 habebat.
1358 1021 1468 1060 Quod
1489 1021 1556 1065 ipsi
1571 1022 1693 1055 facere
1709 1022 1940 1068 neglexerunt
1954 1023 2126 1063 dicentes,
2142 1033 2181 1056 se
2195 1035 2268 1057 am-

508 1147 531 1165 1.
549 1139 662 1164 Ubaldo
679 1139 703 1163 A
724 1152 757 1156 —
777 1145 801 1163 2.
820 1137 1007 1162 Tarraceuam
1029 1137 1064 1165 C;
1084 1135 1271 1160 Terracenam
1289 1136 1313 1160 A
1331 1143 1346 1160 e
1364 1135 1454 1160 Arndt
1473 1149 1506 1154 —
1525 1143 1551 1168 3.
1569 1144 1667 1169 parum
1687 1143 1741 1169 pro
1759 1143 1843 1169 posse
1867 1136 1999 1170 perficere
2022 1137 2054 1161 dt
2070 1138 2165 1169 prima
2188 1145 2265 1163 nano

417 1182 567 1215 aggfustato
579 1181 649 1205 dallo
661 1183 738 1205 stesso
749 1187 906 1205 amanuense
917 1180 948 1204 in
961 1178 1095 1211 proficere
1117 1177 1141 1202 C
1156 1191 1189 1195 —
1208 1181 1234 1208 5.
1252 1179 1333 1211 patre
1354 1177 1377 1201 C
1394 1191 1427 1196 —
1446 1177 1472 1202 8.
1490 1177 1602 1203 Tricari
1625 1177 1650 1203 0
1665 1191 1699 1197 -
1721 1185 1759 1203 1ο.
1779 1180 1931 1204 amiratum
1953 1179 1977 1204 C
1991 1186 2005 1203 e
2021 1179 2114 1204 Anae
2130 1191 2143 1199 -
2160 1181 2265 1205 temere

417 1225 442 1249 A
459 1237 494 1242 —
514 1231 555 1248 11.
574 1231 608 1248 eo
626 1224 658 1248 di
669 1224 761 1255 prima
779 1230 865 1254 mano,
883 1223 992 1246 correcta
1011 1221 1045 1245 da
1063 1219 1132 1244 altri
1143 1221 1193 1252 poi
1207 1220 1403 1253 coll'agg'lunta
1421 1219 1453 1244 dt
1470 1228 1483 1245 s
1500 1220 1668 1252 suprascrita
1689 1222 1713 1246 C
1731 1235 1763 1240 -—
1785 1227 1824 1246 12.
1844 1222 1905 1255 ipse
1926 1222 1950 1246 C
1964 1229 1979 1246 e
1997 1221 2088 1246 Arndt
2101 1235 2131 1240 -
2149 1228 2190 1255 13.
2204 1223 2265 1256 ipse

418 1267 450 1291 dt
461 1267 554 1299 prima
572 1273 660 1295 mano,
678 1267 788 1291 correuo
806 1265 841 1289 da
858 1264 927 1288 alm
946 1265 970 1289 C

509 1353 516 1370 ¹
536 1356 618 1384 Boso,
636 1354 693 1379 La.
713 1353 812 1385 Pontus.
831 1352 865 1382 11,
887 1361 934 1386 pp.
955 1351 1006 1385 398
1025 1360 1039 1376 e
1061 1359 1127 1385 399:
1152 1350 1259 1377 “Unde
1273 1352 1314 1376 sa-

422 1397 522 1422 “ctum
547 1399 590 1422 est
609 1397 682 1429 quod
701 1396 824 1429 populus
843 1395 988 1420 Romanus
1008 1395 1209 1421 inmanitatem
1235 1395 1315 1419 tante

418 1439 609 1472 “iniquitatis
633 1439 753 1463 ulterius
772 1439 912 1463 sustinere
932 1445 989 1462 non
1009 1438 1116 1466 valenS,
1136 1444 1199 1462 cum
1213 1436 1315 1462 Odone

421 1482 434 1495 “
444 1481 628 1514 Frangepane
640 1482 669 1506 et
681 1481 749 1505 aliis
762 1480 909 1505 nobilibus
921 1479 1062 1504 Romanis
1076 1480 1157 1504 venit
1170 1479 1205 1504 ad
1220 1480 1315 1504 locum

421 1522 432 1535 ‘⁴
444 1523 492 1547 ubi
513 1523 614 1547 [ratres
633 1522 802 1546 tenebantur
822 1521 939 1552 inclusi,
966 1521 1139 1554 compellens
1161 1521 1315 1545 iamdictos

419 1565 586 1589 “senatores
606 1565 636 1589 ut
656 1565 746 1597 ipsius
765 1564 939 1588 munitionis
958 1565 1056 1596 portas
1076 1563 1205 1588 celeriter
1224 1564 1314 1595 aperi·

421 1607 508 1631 “rent
526 1609 554 1632 et
572 1607 686 1632 eosdem
707 1607 808 1631 fratres
827 1614 891 1631 cum
910 1606 1018 1631 domno
1040 1606 1207 1631 Alexandro
1234 1606 1314 1631 abso-

420 1649 433 1662 “
446 1651 523 1675 lutos
541 1651 569 1674 et
587 1650 694 1674 liberos
714 1650 791 1674 abire
810 1650 1011 1682 permitterent
1023 1669 1028 1674 .
1039 1666 1047 1674 .
1058 1668 1063 1674 .
1075 1666 1083 1674 .
1094 1666 1119 1681 n·

508 1692 724 1717 “Transeuntes
753 1694 847 1717 autem
876 1700 926 1725 per
954 1694 1046 1725 ipsam
1072 1692 1169 1717 urbem
1194 1692 1315 1717 honori-

420 1734 556 1759 “fice....
585 1735 790 1760 comitantibus
814 1735 901 1759 etiam
926 1741 975 1759 eos
1002 1734 1100 1759 multis
1118 1733 1314 1759 Romanorum

420 1775 584 1801 “militibus
607 1784 671 1801 cum
697 1777 857 1809 frequentia
882 1777 1021 1809 peditum,
1050 1776 1082 1800 in
1108 1776 1213 1810 vigilia
1238 1776 1313 1801 beati

419 1818 549 1843 “Mathei
570 1826 703 1851 prospere
721 1819 862 1852 Nimphas
881 1825 931 1852 per
949 1818 1005 1843 Dei
1029 1819 1153 1851 gratIam
1179 1825 1315 1852 pervene-

420 1860 434 1873 “
444 1863 519 1887 runt.
554 1862 653 1894 Ibique
671 1862 735 1896 ipsa
754 1862 801 1887 die
814 1862 971 1891 dominica,
984 1862 1168 1895 congregatis
1182 1863 1212 1886 in
1226 1869 1314 1886 unum

420 1903 555 1929 “cunctis
575 1905 719 1934 fratribus,
741 1903 884 1937 Gregorio
909 1904 1046 1929 videncet
1070 1903 1232 1935 Sabinensi,
1257 1904 1313 1928 Hu-

420 1946 432 1958 “
445 1947 530 1972 baldo
549 1947 706 1977 Hostiensi,
724 1947 870 1972 Bernardo
889 1947 1050 1977 Portuensi,
1064 1946 1215 1972 Gualterio
1228 1947 1315 1971 Alba-

421 1989 434 2002 “
445 1991 537 2019 nensi,
550 1989 682 2022 Johanne
701 1989 835 2023 Signino,
854 1991 882 2015 et
900 1989 1025 2014 Berardo
1045 1989 1245 2014 Terracinensi
1259 1990 1315 2022 epi-

420 2030 434 2044 ¹‘
443 2032 547 2063 scopis,
568 2031 781 2056 cardinalibus.
792 2047 832 2056 ...
851 2030 975 2057 domnus
993 2030 1159 2056 Alexander
1178 2034 1252 2064 papa
1265 2038 1315 2064 per

420 2072 558 2097 “manum
586 2073 750 2098 HostIeusis
777 2074 980 2106 episcopi....
1008 2074 1189 2098 consecratus
1214 2074 1258 2098 est
1285 2074 1314 2098 in

419 2114 434 2127 “
445 2123 583 2141 summum
603 2116 768 2148 pontificem
780 2134 786 2140 .
798 2135 803 2140 .
815 2133 823 2141 .
836 2135 841 2141 .
852 2132 878 2148 „-

506 2155 517 2172 ²
535 2157 577 2182 La
602 2160 822 2184 consacrazione
846 2158 1053 2191 dell’antipapa
1078 2158 1193 2183 Vittore
1219 2158 1257 2183 1v
1285 2158 1315 2183 su

418 2200 559 2225 celebrata
577 2207 593 2225 a
613 2200 698 2225 Far-fa
717 2201 745 2226 la
765 2200 916 2226 domenico.
935 2209 952 2233 4
977 2201 1090 2226 ottobre
1118 2207 1193 2233 1159.
1231 2200 1254 2224 Il
1282 2200 1315 2224 28

418 2242 494 2267 dello
514 2244 604 2268 stesso
625 2251 699 2269 mese
718 2244 775 2277 egli
795 2251 844 2269 era
863 2251 878 2269 a
897 2244 994 2276 Segni.

505 2284 516 2301 ³
534 2286 619 2318 soso,
638 2285 719 2311 Liber
736 2285 846 2318 Ρωιεζΐῖ,
864 2286 900 2317 11,
919 2294 945 2319 p.
966 2293 1027 2318 403.

506 2326 518 2343 ⁴
537 2328 561 2352 Il
581 2329 706 2354 contado
719 2330 747 2354 di
763 2328 862 2354 Conza
876 2329 922 2354 uel
935 2329 1104 2362 Principato
1117 2328 1255 2354 ulteriore
1268 2336 1314 2361 ap·

418 2371 555 2402 partenne
573 2372 667 2403 prima
686 2379 702 2395 a
721 2370 830 2402 Guido,
849 2371 921 2396 duca
940 2371 969 2396 di
989 2370 1137 2402 Surrento,
1156 2379 1170 2395 e
1183 2371 1286 2403 quindi
1300 2379 1315 2396 a

419 2411 574 2438 Guaimaro
594 2415 725 2446 principe
743 2414 773 2439 di
793 2413 913 2439 Salerno
932 2413 954 2438 11
973 2414 1017 2438 cui
1036 2413 1117 2446 figlio
1137 2414 1161 2438 si
1182 2414 1240 2438 fece
1259 2421 1316 2438 mo-

419 2462 491 2480 naco
510 2455 540 2480 di
560 2455 651 2485 Cava;
672 2456 708 2481 cf.
726 2455 809 2481 Arde.
829 2456 859 2480 a!
875 2455 965 2480 Baua
983 2455 1014 2479 di
1033 2456 1113 2486 Cava,
1133 2455 1212 2480 Arm.
1232 2463 1255 2480 c.
1281 2462 1315 2488 ²9

418 2495 482 2530 (ott.
505 2496 593 2530 1091),
611 2498 647 2528 D,
669 2505 686 2530 9
710 2498 786 2531 (gen.
812 2497 903 2531 1096).
940 2498 1007 2522 Non
1034 2498 1144 2522 sembra
1169 2496 1237 2530 pero
1264 2499 1315 2523 che

420 2539 441 2563 il
462 2539 597 2569 Gionata,
617 2541 646 2565 di
666 2541 716 2565 che
735 2540 816 2573 parla
834 2540 877 2569 R.,
897 2541 920 2564 si
941 2539 1094 2572 ricolleghi
1117 2539 1263 2565 all'antlca
1278 2541 1315 2565 sa-

420 2582 521 2614 miglia
539 2583 585 2608 dei
605 2583 686 2608 conti
705 2582 813 2608 Conza.
851 2582 880 2607 Si
901 2590 931 2607 sa
951 2582 1000 2607 che
1026 2583 1118 2614 questi
1143 2581 1232 2615 sposo
1257 2590 1316 2608 una

420 2626 494 2649 certa
513 2624 641 2650 Stesania
660 2633 674 2650 e
694 2633 728 2649 ne
746 2626 815 2650 ebbe
829 2625 881 2650 due
894 2625 965 2658 figli,
984 2624 1122 2649 Rlccardo
1135 2632 1149 2649 e
1163 2624 1315 2650 Goffredo:

421 2666 456 2690 cf.
481 2667 625 2697 Uauium,
644 2668 692 2698 VI,
711 2666 838 2700 803-810‚
859 2667 923 2693 doc.
943 2667 989 2692 del
1009 2667 1064 2691 feb.
1087 2666 1163 2691 1161.

510 2708 521 2724 ⁵
540 2710 606 2734 Uoo
624 2710 795 2740 Famam-no,
814 2718 841 2744 p.
862 2717 910 2742 29:
934 2710 947 2723 “
960 2729 967 2736 .
979 2711 1091 2735 ...erat
1110 2717 1203 2735 comes
1222 2709 1314 2735 Gille-

424 2752 437 2766 “
447 2752 542 2776 bertus
551 2754 778 2785 consanguineus
788 2754 894 2786 regine,
909 2753 955 2777 cui
969 2760 1019 2777 rex
1030 2759 1120 2785 nuper
1130 2759 1165 2776 ex
1174 2752 1315 2785 Hispania

424 2794 438 2807 “
447 2795 551 2819 vocato
570 2793 698 2819 Gravine
717 2795 832 2820 dederat
845 2796 1013 2820 comitatum
1026 2812 1050 2827 η,
1064 2795 1093 2818 in
1107 2796 1182 2819 terra
1196 2794 1224 2819 di
1239 2795 1316 2819 Bari.

422 2835 553 2860 Gllberto
573 2836 673 2861 infatti
693 2844 739 2861 era
757 2836 839 2870 figlio
859 2837 887 2861 dl
903 2836 1035 2861 Gilberto
1050 2836 1158 2868 Laigle,
1173 2836 1272 2868 signor
1286 2837 1314 2861 di

421 2876 522 2910 Laigle
542 2879 571 2902 in
592 2879 769 2904 Normandla
781 2886 797 2904 e
811 2879 926 2904 fratello
940 2879 969 2903 di
983 2878 1159 2911 Margherita
1173 2878 1203 2903 di
1215 2878 1316 2911 Lalgle

422 2927 506 2952 sposa
525 2920 555 2945 di
574 2919 678 2945 Garcia
696 2921 736 2945 VI
754 2921 892 2953 Ramtrez,
913 2929 927 2946 e
941 2921 1043 2953 quindi
1058 2921 1159 2953 nipote
1172 2920 1260 2945 anche
1273 2921 1315 2945 lul

421 2961 452 2985 dl
471 2961 580 2986 Felicia
600 2962 705 2995 moglie
725 2962 753 2987 di
773 2961 878 2987 Sancio
897 2962 1041 2993 Ram1rez,
1061 2968 1089 2986 re
1111 2961 1276 2994 d’Aragona
1300 2969 1315 2986 e

422 3003 452 3028 di
471 3004 607 3028 Navarra.
645 3003 690 3029 Cf.
717 3003 842 3036 Gauium,
862 3004 912 3030 Gla*
927 3004 1075 3029 Akramdci
1091 3011 1105 3028 e
1128 3005 1141 3028 ί
1164 3004 1318 3028 Nor-manni

422 3046 451 3069 dn
472 3045 566 3071 Stellio
584 3054 598 3069 e
616 3046 683 3070 nelle
703 3046 809 3079 Pallet.
846 3047 1004 3072 Documenu
1019 3054 1033 3070 e
1050 3045 1175 3077 decretae,
1188 3046 1219 3071 ln
1233 3046 1317 3071 Cen·

1370 1352 1522 1378 tenario
1542 1352 1641 1378 della
1660 1352 1814 1378 Nascita
1833 1352 2051 1378 ᾱ1Μ1011010
2064 1354 2202 1386 Amari,
2214 1353 2267 1379 1²·-

1370 1395 1468 1424 lermo,
1491 1402 1566 1429 1910,
1585 1395 1606 1427 1,
1627 1400 1660 1427 55
1683 1402 1699 1419 e
1725 1403 1781 1428 seg.
1816 1395 1870 1420 Nel
1896 1395 1962 1428 1163
1988 1396 2046 1428 egli
2075 1397 2192 1422 ottenne
2218 1404 2268 1430 per

1368 1439 1417 1462 via
1436 1437 1511 1462 della
1530 1438 1628 1471 regina
1648 1438 1823 1471 Margherita
1842 1439 1872 1463 di
1891 1446 1966 1463 esser
1985 1437 2101 1463 Grande
2114 1437 2267 1465 Contenta-

1367 1481 1425 1505 bile
1444 1481 1473 1505 dl
1493 1479 1596 1512 Puglia
1614 1488 1629 1505 e
1648 1481 1694 1506 del
1713 1481 1880 1514 principato
1899 1482 1928 1506 di
1950 1481 2064 1513 Capua}
2090 1481 2127 1506 cs.
2147 1481 2268 1513 Mean,

1370 1521 1495 1548 Clumul.
1516 1523 1636 1555 Cupers„
1656 1531 1683 1548 n.
1705 1522 1764 1553 106,
1790 1522 1846 1548 dic.
1868 1522 1936 1556 1163
1956 1521 1992 1557 (a.
2013 1531 2084 1548 com.
2106 1522 2185 1556 1162)
2204 1524 2268 1550 ind.

1368 1565 1403 1595 X,
1422 1572 1469 1590 an.
1488 1565 1517 1590 di
1544 1564 1712 1598 Guglielmo
1737 1565 1758 1598 1,
1789 1572 1835 1590 12:
1862 1565 1948 1598 “Ego
1973 1564 2134 1591 Gilibertus
2158 1565 2212 1591 Dei
2238 1568 2267 1592 et

1371 1607 1385 1621 ⁴‘
1395 1609 1474 1640 regia
1492 1609 1587 1641 gratia
1606 1607 1734 1633 Gravine
1753 1615 1845 1633 comes
1865 1610 1894 1633 et
1913 1615 2033 1641 magnus
2046 1606 2266 1635 Comestabulus

1370 1649 1385 1663 ‘¹
1396 1650 1487 1675 totius
1505 1651 1612 1683 Apulie
1625 1652 1654 1676 et
1665 1651 1845 1684 principatus
1859 1649 1957 1684 Capue
1966 1659 1998 1684 ,ς
2011 1650 2136 1676 formula
2148 1651 2200 1676 che
2212 1659 2265 1676 con

1368 1694 1487 1726 qualche
1507 1694 1633 1727 leggiera
1653 1695 1785 1719 variante
1804 1694 1828 1719 si
1848 1695 1959 1719 ritrova
1978 1694 2025 1719 nel
2038 1700 2102 1727 gen.
2118 1693 2195 1724 1166,
2207 1695 2267 1720 iud.

1367 1735 1442 1766 XIV,
1462 1736 1542 1761 nello
1561 1738 1651 1762 stesso
1673 1736 1881 1763 Char-iulaesum
1907 1736 2026 1769 Capera,
2052 1744 2079 1761 n.
2107 1742 2167 1762 110.
2199 1736 2225 1762 n
2252 1744 2266 1762 1

1368 1779 1423 1804 dic.
1443 1778 1522 1803 dello
1541 1779 1632 1804 stesso
1652 1786 1740 1809 anno,
1762 1778 1823 1804 ind.
1847 1778 1909 1808 XV,
1935 1779 1964 1804 lo
1990 1778 2163 1804 ritroviamo
2188 1786 2267 1805 come

1371 1820 1530 1854 “maglster
1555 1820 1732 1855 Capitaneus
1755 1821 1863 1855 Apulle
1887 1823 1916 1846 et
1939 1822 2120 1855 principatus
2144 1819 2265 1855 Capue„

1369 1865 1399 1888 in
1420 1863 1517 1890 ebron.
1539 1864 1720 1893 casaur-tense,
1746 1864 1778 1889 in
1803 1864 1977 1893 Mum-rom,
2001 1863 2060 1889 ΕΚ.
2086 1863 2123 1889 11.
2147 1863 2208 1895 SS.,
2231 1863 2269 1894 11,

1368 1906 1449 1938 parte
1468 1912 1494 1936 2,
1512 1905 1568 1930 col.
1591 1912 1666 1930 1011.

1456 1945 1466 1960 ⁸
1485 1947 1515 1972 Si
1535 1949 1627 1973 tratts.
1645 1948 1674 1973 di
1694 1948 1860 1973 Boemondo
1878 1948 1914 1978 11,
1931 1946 2050 1982 glacche
2062 1947 2232 1974 Boemondo
2244 1948 2265 1980 1,

1369 1992 1454 2016 conte
1472 1990 1501 2015 di
1521 1990 1675 2023 Monopoli
1697 1992 1727 2015 in
1747 1992 1823 2016 terra
1843 1991 1871 2015 di
1892 1990 1966 2022 Bari,
1987 1990 2058 2016 s'era
2071 1990 2206 2016 ribellato
2219 1990 2266 2016 1101

1371 2032 1439 2065 1156
1457 2033 1492 2058 ed
1511 2041 1558 2058 era
1577 2035 1653 2059 stato
1672 2034 1788 2067 privato
1809 2034 1854 2058 del
1875 2033 1976 2058 feudo:
1995 2033 2031 2058 cs.
2053 2033 2154 2059 Chmo.
2168 2033 2266 2060 Cam·

1367 2077 1462 2105 rimae,
1481 2077 1540 2106 cit„
1558 2075 1596 2107 11,
1614 2077 1696 2108 parte
1715 2083 1740 2105 2,
1760 2076 1815 2101 col.
1833 2075 1894 2108 895.

1455 2117 1467 2134 ⁷
1486 2117 1532 2144 Cf.
1557 2117 1706 2144 ΘΑΕ-111110
1735 2118 1905 2148 ΟΑινοωη,
1923 2118 2050 2144 Memno
2073 2118 2267 2151 sturton-arph-

1367 2160 1479 2186 mattcloe
1497 2159 1568 2185 delta
1584 2160 1649 2185 cited
1667 2161 1698 2184 dd
1714 2160 1816 2185 Acerra
1832 2168 1847 2185 a
1864 2160 1910 2184 dei
1925 2161 1998 2185 conti
2013 2159 2059 2186 che
2077 2160 2106 2185 la
2117 2163 2226 2186 unum
2237 2160 2268 2186 ἐκ

1361 2201 1460 2232 feudo,
1476 2202 1612 2228 correaate
1630 2202 1662 2226 dt·
1677 2202 1805 2226 risa-antri
1821 2204 1866 2226 tra
1884 2201 1912 2226 Ia
1929 2203 2012 2227 scoria
2028 2201 2108 2227 eloth
2125 2209 2139 2226 e
2161 2201 2190 2227 la
2199 2201 2268 2234 feu-

1368 2244 1428 2268 dale
1446 2244 1516 2269 della
1539 2244 1712 2270 meridiam
1736 2245 1846 2277 regione
1871 2245 2016 2277 Campana,
2042 2245 2158 2277 Napoll,
2186 2243 2267 2278 1889-

1372 2285 1447 2320 1890,
1467 2295 1494 2320 p.
1515 2292 1564 2319 107
1583 2293 1599 2311 e
1618 2294 1675 2319 seg.
1694 2298 1701 2303 -

1457 2327 1468 2344 ⁸
1481 2329 1547 2354 Non
1561 2336 1686 2354 conosco
1700 2329 1729 2354 di
1744 2329 1785 2354 lui
1800 2329 1884 2354 alcun
1898 2329 2077 2355 documento.
2114 2329 2181 2354 Uoo
2194 2328 2265 2355 Fu.-

1368 2378 1476 2401 omno,
1486 2378 1533 2405 pp.
1547 2377 1587 2404 17,
1610 2378 1668 2403 140,
1683 2378 1730 2404 142
1746 2371 1827 2405 parla
1839 2371 1868 2397 di
1883 2371 1999 2397 Simone
2010 2373 2094 2398 conte
2107 2371 2136 2397 dl
2149 2371 2268 2405 sangro,

1369 2414 1420 2439 che
1438 2415 1587 2448 sappiamo
1605 2413 1686 2447 figlIo
1706 2414 1751 2439 del
1777 2415 1861 2439 conte
1886 2413 2018 2439 Todluo:
2037 2415 2074 2439 cf.
2101 2413 2188 2439 Caeal.
2213 2413 2267 2438 Ba-

1369 2463 1473 2485 ronum,
1493 2464 1519 2488 p.
1539 2455 1604 2489 603.

1456 2498 1467 2515 ⁹
1485 2499 1631 2533 Ruggiero
1651 2501 1734 2524 conte
1760 2499 1790 2524 di
1816 2498 1973 2530 Tricarleo,
2000 2499 2048 2524 1101
2074 2498 2210 2524 disti-etto
2236 2498 2267 2523 dl

1370 2542 1487 2571 Mateta,
1508 2542 1538 2566 fu
1556 2541 1637 2575 figllo
1656 2542 1687 2566 di
1705 2541 1832 2567 Roberto
1852 2542 1886 2567 de
1899 2542 1992 2568 Lauro
2007 2543 2091 2567 conte
2104 2541 2135 2566 dl
2148 2540 2267 2566 Caserta

1369 2583 1419 2608 che
1438 2583 1469 2608 fu
1491 2583 1505 2596 ⁸
1518 2591 1590 2616 mag.
1608 2583 1787 2608 Iustitiarius
1806 2584 1898 2608 totius
1917 2583 2024 2617 Apulie
2049 2585 2078 2608 et
2102 2583 2189 2608 Terre
2212 2581 2266 2607 La-

1371 2624 1474 2650 “boris
1494 2627 1522 2650 et
1541 2632 1659 2658 magnus
1679 2623 1898 2650 comestabulus
1909 2644 1923 2658 „
1945 2627 2023 2650 sotto
2045 2624 2213 2658 Gugllelmo
2231 2623 2267 2650 11.

1368 2666 1523 2700 Sappiamo
1542 2675 1611 2701 pure
1630 2668 1680 2692 che
1700 2668 1728 2693 la
1748 2667 1845 2693 madre
1867 2675 1916 2692 sua
1929 2667 1954 2692 sl
1968 2667 2117 2693 chlamava
2129 2666 2267 2692 Saracena

1368 2710 1402 2734 ed
1421 2710 1491 2734 ebbe
1510 2717 1526 2734 a
1546 2710 1653 2735 fratelli
1674 2709 1816 2735 Riccardo
1836 2718 1850 2735 e
1868 2708 2045 2743 GuglIelmo,
2064 2709 2114 2734 che
2127 2708 2174 2734 1101
2189 2707 2267 2741 1183,

1367 2751 1416 2780 IX,
1439 2753 1500 2776 ind.
1526 2751 1565 2776 VI
1589 2759 1636 2776 era
1657 2751 1811 2777 succeduto
1837 2752 1865 2776 al
1891 2752 1978 2785 padre
2003 2751 2049 2776 nel
2075 2749 2210 2776 Contado
2236 2750 2266 2775 dl

1369 2792 1495 2819 Caserta.
1533 2793 1580 2819 (Σὲ.
1604 2793 1685 2819 ΑνιΙι.
1705 2794 1737 2818 ai
1752 2794 1840 2818 Badia
1858 2794 1890 2818 di
1910 2793 1990 2823 Caua,
2008 2794 2089 2818 Arm.
2107 2793 2130 2824 1,
2144 2799 2191 2822 213
2203 2791 2236 2822 L,
2250 2800 2267 2825 4

1368 2843 1383 2861 e
1402 2843 1451 2868 233
1471 2835 1521 2868 piii
1540 2836 1752 2870 specialmente,
1778 2834 1906 2866 Gutum,
1925 2835 1950 2860 11
1968 2835 2124 2868 Necrologto
2143 2834 2188 2859 del
2209 2833 2267 2860 Bb.

1370 2876 1463 2908 confr.
1477 2885 1503 2910 p.
1518 2877 1567 2911 363
1580 2878 1607 2903 al
1619 2885 1716 2903 nome:
1734 2876 1748 2890 “
1758 2877 1887 2902 Robereus
1900 2878 1932 2901 de
1943 2876 2033 2902 Lauro
2044 2883 2110 2901 com.
2126 2875 2233 2901 censu-ee
2242 2892 2268 2909 ,.

1460 2918 1482 2935 ¹⁰
1501 2919 1567 2946 Uoo
1589 2921 1761 2950 FALcANno,
1779 2920 1830 2945 che
1850 2920 1878 2944 di
1898 2920 1990 2952 questi
2012 2920 2079 2944 fatti
2099 2917 2191 2944 lascio
2209 2925 2267 2943 una

1369 2962 1543 2988 descrizione
1562 2964 1681 2995 minuta,
1702 2970 1749 2996 pp.
1769 2969 1812 2996 29,
1830 2969 1873 2995 30,
1895 2963 1939 2987 fra
1958 2963 1967 2987 1
1988 2962 2151 2995 congiuratl
2165 2962 2267 2986 contro

1370 3004 1487 3029 Maione
1513 3005 1625 3030 ricorda
1651 3012 1721 3038 pure
1752 3004 1895 3030 Riccardo
1919 3003 2064 3037 d’Aqulla‚
2092 3003 2208 3028 Andrea
2236 3003 2265 3028 di

1370 3047 1558 3080 Rupe-:canina
1577 3055 1591 3072 e
1610 3047 1756 3081 Rugglero
1775 3047 1803 3072 dl
1825 3046 1928 3072 Creun.

2292 865 2331 897 10

2295 1529 2327 1556 50

2295 1743 2327 1771 55

2294 1947 2329 1974 60

2293 2162 2326 2195 65

2295 2378 2329 2404 71)

2295 2590 2327 2617 75

2294 3005 2327 3039 8⁵
