2398 3470
186 240 271 278 [ΛΑ.
291 250 331 271 m.
352 239 552 276 swa-³482]
824 218 834 222 ⁸
961 229 1279 270 CHRONICON
2006 228 2056 270 27
2100 242 2175 267 mm„
2187 248 2221 263 ος,
2233 247 2294 267 30-31

282 368 297 384 ¹‘
311 365 490 399 Cambises
514 365 588 399 Ciri
611 365 702 397 filius
725 365 825 398 annis
848 374 927 396 vm.
974 363 1043 396 Hic
1067 363 1207 396 deuicta
1230 362 1382 406 Egypto‚
1408 367 1572 394 cunctam
1597 363 1672 406 ejus
1695 362 1902 406 religionem
1928 362 2059 396 abomi-

193 421 319 453 “natus
343 419 559 453 ceremonias
582 420 667 464 ejus,
692 424 727 451 et
750 418 881 461 templa
905 417 1069 461 deposuit
1083 416 1102 456 ¹,
1126 415 1345 461 Babylonem
1368 415 1405 447 in
1427 415 1570 459 Egypto
1595 416 1784 449 edificauit.
1831 416 1937 449 Hunc
1961 417 2058 460 ajunt

191 475 206 492 ‘⁶
218 474 262 506 ab
285 473 434 506 Hebreis
457 471 648 506 secundum
671 471 1001 505 Nabuchodonosor
1016 470 1137 503 uocari
1154 494 1168 510 „
1183 481 1190 502 :
1215 469 1278 502 sub
1295 479 1364 512 quo
1383 474 1418 501 et
1432 469 1617 512 Tarquinii
1635 470 1852 512 temporibus
1869 470 2060 503 castissima

187 526 285 570 Judit
308 527 513 560 Olofernem
537 525 696 569 peremit.
742 525 807 557 His
829 524 1043 567 temporibus
1066 523 1251 567 Pitagoras
1273 521 1501 565 philosophus
1526 522 1662 563 claruit,
1687 523 1745 566 qui
1763 524 1868 557 Samo
1893 524 2058 557 oriundus

142 579 161 613 5
187 579 340 614 Crotone
364 579 493 625 deguit,
517 580 703 612 nouissime
725 577 970 620 Metapontum
993 577 1117 620 addiit‚
1142 576 1263 619 ibique
1285 576 1442 618 sepultus
1465 581 1518 608 est
1540 568 1881 610 H—ICCCCLXVIH.

281 633 436 665 “Darius
459 632 607 676 Istaspis
617 632 717 675 filius
741 631 840 664 annis
864 640 992 663 xxxvt.
1038 630 1135 663 Inter
1165 628 1310 662 Darium
1344 634 1381 661 et
1403 628 1593 662 Cambisen
1623 639 1788 673 regnasse
1813 630 1901 662 duos
1932 630 2058 664 fratres
2095 647 2116 662 a.
2133 647 2162 662 m.
2179 643 2232 667 34⁶8

193 687 208 705 “
220 697 340 731 magos
363 687 398 719 in
423 686 521 720 libris
537 685 796 720 Chronicorum
811 684 954 717 Eusebii
969 684 1188 727 repperimus
1203 694 1326 716 uerum
1343 683 1576 727 Hieronymus
1592 683 1628 716 in
1644 683 1860 726 expositione
1878 684 2060 717 Danihelis

193 742 208 759 ‘⁴
221 740 341 774 scribit
353 740 397 781 „²,
413 741 508 784 quod
524 740 711 772 interfecto
735 737 830 781 apud
845 738 1061 782 Messegetas
1077 737 1182 781 Cyro,
1200 737 1260 781 qui
1284 746 1361 769 xxx
1376 736 1477 769 annis
1493 737 1654 781 regnauit
1677 737 1713 770 in
1735 736 1861 778 Persis,
1878 738 2059 771 Cambises

186 794 356 828 successit
377 794 416 828 in
437 804 601 838 regnum:
626 792 686 836 qui
709 792 856 835 expletis
881 797 962 825 octo
986 791 1087 824 annis
1111 791 1198 823 duos
1222 790 1349 834 Magos
1371 790 1500 824 fratres
1522 790 1643 824 habuit
1666 801 1896 831 successores,
1913 802 2060 834 quorum

71 862 73 864 >
126 849 164 881 10
188 848 329 892 quidem
351 858 440 881 unus
465 847 629 880 Sinerdes
653 844 781 889 Magus
808 845 1030 888 Panthapten
1053 844 1159 877 filiam
1191 843 1361 877 Cambisis
1393 844 1491 877 duxit
1519 855 1674 878 uxorem.
1722 844 1858 878 Occisis
1884 845 2015 888 quippe
2040 856 2060 878 a

185 902 316 946 populo
339 901 459 946 magis,
484 900 543 945 qui
565 906 699 943 septem
723 899 944 933 solummodo
968 904 1158 943 regnarant
1181 897 1366 937 mensibus,
1397 898 1519 931 “idem
1541 898 1667 931 Darius
1690 898 1843 942 suscepit
1857 898 2056 942 imperium:

192 957 207 973 ‘⁴
220 955 343 988 eadem
365 964 451 988 uero
475 954 697 997 Panthapten
712 953 831 997 nupsit
845 954 965 993 Dario,
990 953 1049 996 qui
1065 963 1108 985 ex
1125 962 1168 985 ea
1182 953 1321 986 Xersen
1345 952 1450 985 filium
1465 953 1587 996 genuit
1600 978 1614 994 „
1629 965 1636 986 z
1654 952 1758 986 Anno
1775 958 1888 986 autem
1903 953 2060 986 secundo

6 818 10 853 ῐ

7 855 11 885 Ι

5 911 10 1070 ξ
185 1009 283 1042 Darii
307 1009 409 1052 regis
421 1009 498 1053 filii
517 1009 675 1052 Istaspis‚
700 1007 827 1041 'factus
851 1013 903 1040 est
925 1007 1039 1040 fermo
1070 1006 1211 1039 Domini
1235 1005 1280 1039 ad
1310 1005 1473 1051 Aggeum
1497 1006 1709 1050 Prophetam
1737 1007 1842 1051 prius,
1867 1013 1902 1040 et
1932 1007 2057 1040 eodem
2095 1003 2179 1050 {diff
2190 1030 2215 1050 ³1

5 1205 10 1248 Ι

5 1271 10 1310 l

186 1073 277 1096 anno
300 1068 423 1105 postea
447 1062 492 1095 ad
514 1061 719 1094 Zachariam
743 1061 851 1093 filium
874 1060 1047 1093 Barachie
1079 1059 1186 1092 filium
1216 1058 1334 1093 Addo.
1382 1060 1452 1092 Iste
1477 1066 1528 1092 est
1549 1059 1668 1099 Addo,
1693 1060 1754 1105 qui
1776 1061 1871 1105 justa
1901 1060 2060 1103 Paralip-

124 1116 161 1150 15
186 1126 361 1160 pomenon
383 1115 507 1148 missus
530 1121 582 1148 est
597 1115 643 1147 ad
658 1113 848 1158 Jeroboam
870 1113 976 1147 filium
993 1113 1146 1152 Nabath,
1163 1113 1227 1146 sub
1251 1123 1320 1156 quo
1339 1113 1447 1146 altare
1465 1113 1640 1157 diruptum
1664 1120 1727 1154 est,
1752 1121 1788 1147 et
1811 1125 1933 1147 manus
1948 1114 2059 1158 Regis

186 1170 284 1210 aruit,
307 1178 511 1212 rursumque
535 1167 580 1201 ad
603 1178 728 1211 preces
750 1167 841 1200 illius
864 1166 1021 1200 restituta
1043 1172 1105 1200 est.
1142 1163 1263 1211 'Igitur
1287 1177 1306 1199 a
1330 1166 1443 1210 primo
1468 1176 1558 1199 anno
1584 1165 1669 1211 Cyri
1692 1167 1793 1211 regis,
1817 1177 1928 1212 usque
1945 1167 1990 1200 ad
2005 1178 2059 1200 se-

188 1223 342 1257 cundum
365 1233 493 1256 annum
515 1222 614 1254 Darii
636 1221 695 1254 filii
727 1220 869 1263 Istaspis
892 1226 1123 1264 supputantur
1154 1220 1236 1253 anni
1259 1230 1319 1254 XL.
1365 1220 1455 1253 Item
1480 1220 1724 1264 Hieronymus.
1771 1221 1936 1255 Secundo
1969 1232 2060 1254 anno

185 1277 283 1310 Darii
306 1275 596 1321 septuagesimum
621 1285 749 1308 annum
774 1274 1001 1308 desolationis
1017 1285 1091 1308 esse
1109 1274 1323 1318 completum
1346 1274 1542 1307 Hieremias
1564 1274 1775 1308 uaticinatus
1790 1281 1851 1315 est,
1868 1275 2061 1308 Zacharias

7 1368 9 1378 y
187 1341 326 1375 quoque
350 1330 532 1373 propheta,
558 1339 637 1361 cum
661 1328 803 1362 uisionis
823 1338 884 1361 sue
908 1327 1044 1361 titulum
1067 1327 1105 1360 in
1129 1328 1287 1360 secundo
1312 1337 1403 1360 anno
1428 1328 1585 1371 ejusdem
1608 1328 1700 1372 regis
1723 1329 1914 1362 undecimo
1941 1339 2060 1362 mense

5 1385 10 1401 “
122 1385 165 1417 20
187 1383 320 1417 Sabath
343 1382 513 1416 uicesima
537 1388 660 1425 quarta
691 1381 748 1415 die
771 1381 1019 1424 preposuisset,
1044 1380 1176 1424 adjecit
1207 1381 1346 1414 dicens:
1378 1381 1528 1414 Domine
1550 1383 1769 1426 exercituum,
1793 1394 1962 1427 usquequo
1993 1394 2060 1415 non

187 1435 398 1469 misereberis
421 1434 654 1475 Hierusalem,
680 1437 714 1466 et
735 1433 870 1466 urbium
893 1431 1002 1476 Juda,
1035 1433 1154 1476 quibus
1177 1434 1288 1465 iratus
1319 1438 1369 1465 est
1380 1431 1402 1465 ³.
1449 1433 1518 1466 Iste
1549 1434 1825 1478 septuagesimus
1856 1445 1967 1468 annus
1998 1442 2059 1469 est.

193 1491 208 1507 ⁴⁴
221 1489 307 1522 Item
331 1493 453 1533 quarto
477 1487 575 1520 Darii
598 1487 692 1531 regis
715 1497 807 1520 anno
833 1486 919 1520 dicit
941 1487 1036 1520 idem
1059 1487 1245 1529 propheta:
1273 1486 1357 1519 Cum
1369 1487 1590 1531 jejunaretis,
1616 1492 1651 1520 et
1668 1489 1890 1533 plangeretis
1910 1493 1980 1534 per
2002 1490 2062 1522 hos

7 1537 10 1558 ³
194 1543 446 1587 “septuaginta
469 1553 573 1574 annos
594 1541 762 1584 numquid
779 1541 955 1584 jejunium
967 1541 1158 1584 jejunastis
1189 1541 1365 1581 michi?„.
1413 1541 1486 1574 Sed
1517 1547 1553 1574 et
1583 1542 1713 1576 Esdras
1745 1549 1902 1577 extructo
1926 1550 2058 1577 tantum

6 1564 10 1620 Ι
187 1596 301 1635 altari,
326 1601 362 1628 et
384 1595 487 1641 jactis
510 1594 743 1628 fundamentis
766 1594 887 1637 templi
910 1594 956 1627 ad
973 1593 1103 1626 litteras
1119 1594 1212 1638 regis
1236 1594 1357 1627 Xersis
1379 1594 1592 1637 prohibitum
1616 1605 1705 1638 opus
1719 1597 1838 1630 refert.
1885 1598 1988 1630 Tunc
2005 1598 2059 1631 in-

123 1648 165 1682 25
190 1650 382 1682 termissum
406 1654 459 1681 est
482 1658 569 1691 opus
584 1648 652 1680 Dei
667 1648 704 1680 in
720 1647 921 1690 Jerusalem,
939 1653 974 1680 et
989 1658 1060 1680 non
1077 1647 1183 1680 fiebat
1197 1658 1307 1691 usque
1325 1648 1372 1680 ad
1387 1648 1579 1680 secundum
1597 1659 1726 1682 annum
1749 1650 1846 1683 Darii
1861 1650 2058 1685 Persarum.

188 1701 492 1746 Prophetauerunt
515 1707 628 1734 autem
651 1700 797 1744 Aggeus
827 1700 1020 1743 propheta‚'
1045 1706 1081 1734 et
1103 1701 1291 1733 Zacharias
1318 1701 1408 1734 filius
1431 1701 1539 1734 Addo
1563 1703 1815 1745 prophetantes
1838 1704 1884 1737 ad
1914 1705 2057 1748 Judeos‚
2095 1722 2115 1738 c.
2129 1717 2176 1743 452⁵

5 1772 10 1811 ε
190 1756 250 1799 qui
274 1761 373 1788 erant
395 1754 431 1787 in
451 1752 576 1798 Judea,
601 1759 635 1786 et
650 1753 866 1786 Hierusalem
881 1753 918 1785 in
933 1753 1075 1786 nomine
1092 1753 1232 1786 Domini
1257 1753 1323 1786 Dei
1339 1754 1456 1787 Israel.
1502 1754 1606 1787 Tunc
1623 1763 1848 1790 surrexerunt
1862 1757 2060 1793 Zorobabel

188 1808 278 1841 filius
301 1808 479 1847 Salathiel,
504 1814 538 1841 et
561 1808 666 1851 Josue
690 1807 778 1840 filius
793 1807 984 1851 Josedech‚
1001 1813 1036 1840 et
1052 1813 1222 1850 ceperunt
1246 1807 1410 1841 edificare
1433 1808 1600 1851 templum
1624 1809 1693 1841 Dei
1715 1811 1752 1842 in
1776 1811 2008 1854 Hierusalem,
2026 1821 2060 1847 et

0 1859 10 1889 ll
189 1871 268 1894 cum
292 1861 343 1894 eis
365 1861 537 1904 prophete
561 1860 630 1894 Dei
653 1861 862 1905 adjuuantes
884 1870 957 1898 eos3
981 1859 1125 1905 Aggeus
1150 1867 1266 1894 autem
1288 1862 1473 1904 propheta,
1503 1868 1539 1895 et
1561 1863 1762 1904 Zacharias,
1787 1871 1822 1897 et
1852 1866 2059 1907 Malachias,

122 1915 165 1949 30
188 1915 338 1955 Nahum,
363 1920 399 1947 et
420 1914 593 1948 Abacuch
617 1915 816 1948 claruerunt
843 1914 907 1947 sub
938 1914 1134 1947 Zorobabel
1165 1915 1326 1958 principe
1357 1916 1482 1959 gentis,
1506 1922 1541 1949 et
1563 1917 1647 1960 Jesu
1678 1928 1806 1962 magno
1837 1922 2023 1954 sacerdote
2035 1922 2059 1956 ⁴.

186 1967 398 2011 Jeronimus.
427 1968 562 2002 “Sexto
585 1968 683 2001 Darii
706 1978 798 2001 anno
820 1968 943 2011 templi
975 1968 1151 2001 edificatio
1183 1969 1380 2011 completur
1412 1969 1469 2002 die
1502 1970 1604 2003 tertia
1626 1972 1756 2005 mensis
1787 1971 1897 2014 Adar,
1921 1976 1981 2018 qui
2006 1983 2059 2010 est

193 2022 507 2067 “quadragesimus
531 2028 648 2055 sextus
670 2033 780 2055 annus
804 2021 861 2064 [ex
884 2022 966 2065 quo]
990 2021 1054 2054 sub
1071 2022 1153 2055 Ciro
1169 2022 1398 2056 fundamenta
1421 2029 1501 2056 sunt
1521 2023 1627 2067 jacta.
1674 2025 1779 2059 Unde
1802 2027 1837 2059 in
1863 2028 2058 2071 Euangelio

193 2078 207 2094 “
221 2076 340 2109 dicunt
355 2076 475 2120 Judei3
492 2077 733 2120 quadraginta
748 2080 783 2108 et
796 2087 855 2108 sex
869 2076 968 2108 annis
983 2076 1175 2120 edificatum
1192 2081 1242 2108 est
1257 2076 1421 2121 templum
1437 2077 1510 2110 hoc.
1556 2078 1737 2121 ceperunt
1761 2087 1877 2113 autem
1895 2083 2060 2116 edificare

193 2131 312 2163 “anno
335 2130 490 2163 secundo
514 2129 612 2162 Darii
635 2139 755 2162 mense
779 2136 877 2163 sexto
902 2130 960 2163 die
984 2129 1154 2163 uicesima
1177 2136 1311 2173 quarta,
1337 2136 1372 2164 et
1395 2141 1487 2164 anno
1511 2138 1620 2171 sexto,
1644 2139 1682 2166 ut
1705 2133 1838 2167 dictum
1862 2141 1925 2176 est,
1942 2147 2060 2170 mense

123 2182 164 2217 35
193 2184 430 2217 “duodecimo
455 2183 512 2217 die
536 2183 639 2217 tertio
664 2183 942 2227 compleuerunt:
967 2194 1011 2217 ex
1035 2194 1104 2228 quo
1136 2190 1293 2227 apparet,
1325 2195 1413 2227 opus
1443 2186 1564 2228 templi
1589 2192 1623 2219 et
1645 2193 1749 2220 antea
1780 2199 1850 2221 non
1874 2200 1985 2232 parua
2015 2201 2059 2224 ex

192 2239 316 2281 “parte
339 2243 518 2281 peractum
526 2250 536 2277 3
561 2247 672 2270 annos
695 2243 809 2270 autem
833 2238 1055 2281 septuaginta
1078 2248 1099 2270 a
1122 2237 1361 2272 destructione
1384 2238 1489 2279 illius,
1513 2250 1622 2283 usque
1646 2241 1692 2274 ad
1714 2242 1909 2284 perfectam
1926 2250 2058 2278 restau-

279 2381 332 2400 Μ.
351 2375 550 2400 abhomInatus
568 2375 605 2404 Α,
625 2374 652 2399 la
670 2374 767 2400 lenione
785 2378 911 2400 accettata
929 2375 943 2399 ἐ
961 2374 1094 2407 conforme
1112 2376 1150 2400 ad
1167 2376 1305 2408 Onosms,
1318 2377 1359 2406 Il,
1373 2377 1389 2402 8
1408 2378 1472 2403 edis.
1487 2379 1544 2407 cit„
1558 2381 1588 2411 p.
1601 2378 1659 2412 44).
1680 2393 1713 2398 --
1727 2379 1754 2406 6.
1774 2380 1907 2408 Cambise
1925 2391 2058 2417 regnasce

189 2416 246 2450 (sic)
269 2417 292 2441 C
306 2431 340 2436 —
359 2423 384 2450 7.
403 2418 587 2450 exposicione
610 2418 676 2443 C—
689 2425 717 2451 9.
729 2417 832 2443 fratres
852 2425 949 2451 magos
973 2418 996 2442 C
1013 2433 1045 2437 —
1067 2426 1110 2445 Π.
1128 2420 1279 2445 summodo
1298 2420 1321 2444 C
1338 2434 1371 2438 —-
1394 2428 1434 2446 12.
1455 2429 1626 2447 exarxersen
1645 2422 1668 2446 C
1684 2436 1718 2440 -—
1741 2430 1782 2456 13.
1801 2425 1927 2458 Eggeum
1945 2427 2006 2451 BC
2023 2441 2056 2446 —

190 2465 280 2493 14-15.
297 2460 537 2493 Paralipomenon
555 2461 583 2485 B
597 2475 627 2479 -—
646 2466 686 2493 ις.
698 2461 861 2494 dir-ruptum
885 2461 952 2485 0-
969 2468 1009 2492 13.
1023 2462 1159 2487 Ieremias
1176 2463 1203 2486 B
1217 2462 1240 2486 C
1252 2476 1284 2481 —
1299 2470 1341 2488 21.
1360 2462 1426 2489 Indi
1445 2464 1476 2492 C,
1490 2465 1621 2496 diprima
1639 2473 1715 2490 mano
1729 2480 1762 2484 —
1777 2474 1820 2493 22.
1839 2469 1869 2492 in
1887 2469 1952 2494 Cdi
1964 2472 2058 2502 prima

187 2509 277 2527 mano:
296 2503 459 2533 ieunaretis,
474 2503 522 2535 poi
531 2502 574 2534 fu
590 2504 761 2536 svprascritta
774 2503 800 2527 la
820 2504 831 2529 1
850 2517 884 2521 —
905 2510 946 2536 24.
960 2504 1075 2529 Exersis
1093 2505 1118 2528 A
1137 2518 1171 2522 —
1191 2510 1234 2537 27.
1254 2506 1326 2531 udea
1349 2506 1372 2530 C
1389 2519 1401 2525 -
1418 2505 1568 2531 Ierusalem
1586 2507 1612 2531 B
1626 2508 1648 2531 C
1664 2521 1676 2526 -
1694 2499 1750 2534 Del
1769 2517 1818 2534 om.
1837 2510 1860 2534 C
1872 2525 1905 2528 —
1926 2511 1968 2538 28.
1981 2513 2058 2538 Ieru-

142 2550 156 2577 5
186 2545 275 2570 nalem
293 2545 319 2569 B
333 2545 355 2569 C
371 2558 406 2563 —
425 2551 469 2577 30.
487 2547 518 2570 in
535 2545 560 2570 A
579 2546 611 2570 di
623 2546 715 2578 prima
734 2554 829 2571 mano.-
849 2547 955 2571 Natum
970 2560 1003 2564 —
1023 2552 1068 2578 32.
1087 2547 1148 2572 eius
1167 2546 1225 2579 (sic)
1245 2548 1280 2576 Α,
1299 2548 1329 2572 in
1343 2548 1369 2572 B
1381 2556 1474 2573 manca
1487 2550 1498 2574 i
1511 2557 1634 2582 correggo
1652 2552 1759 2576 secondo
1777 2552 1805 2576 la
1815 2551 1896 2583 fonte
1914 2555 2028 2579 bediana
2046 2568 2058 2574 —

186 2587 260 2614 lecta
282 2587 305 2612 C
321 2600 355 2605 —
375 2593 418 2620 33.
437 2587 586 2614 hedificare
609 2588 632 2612 C
648 2601 682 2606 —
702 2593 744 2620 35.
763 2588 915 2614 undecimo
938 2589 962 2613 C
978 2602 990 2608 -
1007 2589 1099 2615 tercio
1117 2589 1144 2613 B
1158 2589 1181 2613 C

273 2681 283 2699 ¹
300 2683 341 2708 Le
360 2683 455 2718 parole
475 2683 613 2717 virgolate
631 2691 704 2710 sono
724 2683 753 2709 dl
772 2683 912 2715 OnosmS,
930 2684 967 2717 11,
981 2684 1007 2717 8,
1024 2689 1084 2719 1-53
1141 2687 1212 2711 nota
1231 2686 1351 2719 bedana,
1371 2687 1422 2714 che
1442 2689 1473 2713 in
1492 2689 1592 2721 questo
1606 2696 1672 2715 caso
1692 2690 1748 2715 cita
1763 2690 1906 2725 piuttosto
1920 2692 2052 2726 Euseblo,

185 2724 261 2758 (ediz.
280 2726 338 2757 eit„
357 2734 383 2760 p.
404 2724 459 2759 44).
1141 2729 1262 2754 sebbene
1287 2731 1378 2763 questi
1405 2732 1518 2764 attinga
1544 2739 1560 2756 a
1586 2731 1743 2758 Girolamo.
1781 2734 1858 2759 Beda
1880 2734 1956 2760 dice:
1983 2735 1998 2750 “
2011 2744 2053 2761 se-

272 2766 284 2784 ²
303 2768 513 2800 Hnmosmus,
543 2769 640 2794 Comm.
665 2769 695 2793 in
721 2769 862 2794 Danielem
886 2770 953 2802 cit.3
973 2769 1086 2801 Mmun,
1142 2772 1155 2786 ‘⁴
1167 2773 1262 2798 eundo
1281 2780 1358 2798 anno
1377 2774 1460 2799 Darii
1479 2775 1702 2807 septuagesimus
1721 2777 1901 2810 captiuitatis
1921 2779 2054 2804 Hierusa-

126 2813 159 2832 10
184 2810 271 2842 XXV,
292 2815 344 2842 520
362 2819 437 2844 sgg.;
457 2812 587 2842 Eusebio,
612 2810 627 2836 ὲ
653 2811 741 2837 anche
765 2812 814 2844 qul
839 2812 929 2838 citato
949 2813 986 2838 da
1010 2812 1087 2838 Beda
1143 2813 1221 2839 “lem
1239 2816 1324 2840 annis
1343 2816 1486 2848 impletur,
1506 2819 1539 2841 ut
1551 2817 1614 2841 vult
1632 2818 1780 2849 Eusebius,
1800 2819 1901 2844 testem
1915 2821 2054 2846 adhibens

185 2851 230 2878 dal
249 2859 332 2886 passo
351 2853 380 2878 di
400 2861 451 2879 san
465 2853 623 2879 Girolamo.
660 2853 733 2879 Pero
753 2854 802 2886 qui
815 2861 834 2879 R
852 2853 1023 2880 s’allontana
1036 2861 1087 2889 pa·
1144 2856 1157 2870 “
1170 2857 1338 2882 Zachariam
1358 2859 1538 2891 prophetam,
1552 2860 1627 2892 apud
1640 2867 1722 2893 quem
1742 2861 1866 2886 secundo
1880 2863 1961 2897 Darij
1975 2870 2054 2888 anno
2083 2874 2117 2892 20

185 2895 296 2920 recchio
315 2895 352 2920 da.
370 2896 446 2920 Beda
464 2902 516 2929 per
533 2896 645 2928 seguire
663 2903 714 2920 san
735 2895 892 2922 Giroiamo.
1143 2897 1156 2911 “
1169 2898 1298 2932 loquitur
1309 2900 1450 2932 Angelus:
1471 2901 1595 2926 Domine
1608 2903 1784 2928 exercituum
1798 2911 1885 2936 usque
1898 2911 1953 2937 quo
1967 2906 2020 2931 etc.
2030 2923 2054 2937 „-

271 2935 282 2954 ³
300 2938 446 2965 Eusssxus
459 2939 671 2970 Rumon-rmus,
689 2938 786 2963 Comm.
800 2939 830 2963 in
844 2938 1013 2969 Zachariam,
1032 2940 1090 2966 loc.
1233 2939 1246 2957 ⁴
1264 2942 1370 2973 Esmm,
1392 2943 1440 2973 VI,
1464 2950 1503 2974 14,
1523 2943 1561 2969 cf.
1586 2951 1654 2977 pure
1681 2945 1812 2971 FLAvms
1834 2946 1988 2979 Iosspnus,
2014 2951 2054 2980 op.

183 2979 248 3012 cit-3
266 2979 304 3005 cf.
324 2981 488 3011 ZACHARn,
507 2981 530 3012 I,
552 2987 593 3012 12,
612 2979 705 3005 donde
725 2978 739 3006 ὲ
752 2980 895 3014 ripen-tato
915 2983 935 3007 11
954 2984 1087 3008 versetto.
1143 2985 1201 3012 cit..
1219 2984 1240 3015 β.
1259 2984 1398 3019 ἑνδεκάτη,
1419 2985 1449 3018 ἓξ
1469 2985 1553 3018 84-86
1573 2986 1653 3019 (ediz.
1667 2987 1727 3017 cit„
1748 2988 1802 3013 vol.
1814 2988 1863 3019 ΙΙΙ,
1876 2997 1924 3023 pp.
1942 2989 1982 3021 16,
1999 2991 2054 3024 17),

127 3018 158 3046 ¹5
184 3029 203 3047 κ
221 3021 289 3057 pero
307 3022 345 3048 ha
363 3024 452 3049 tratto
471 3024 497 3048 la
511 3023 604 3057 prima
617 3023 798 3049 indicazIone
812 3023 857 3049 del
870 3026 992 3050 versetto
1014 3025 1090 3051 dalla
1144 3033 1161 3051 a
1179 3027 1226 3052 cui
1245 3028 1351 3052 attinse
1370 3027 1528 3061 GIrolamo,
1546 3028 1596 3054 che
1616 3029 1664 3062 qui
1685 3029 1712 3054 R
1729 3031 1812 3064 copia
1832 3031 2042 3059 direttarnente.
