2398 3470
141 199 194 233 [A.
214 197 246 225 c.
266 198 458 231 1080-10811
733 189 1023 226 ROMUALDI
1050 187 1414 225 SALERNITANI
1923 185 1993 222 193

151 266 252 276 ..u-...-
253 262 1961 275 ..........................................................................................................................................................................................
1962 262 1989 270 ..-

141 319 400 357 ριὀρατααετεῑ,
423 324 581 347 reuersus
605 318 656 346 est
679 313 816 346 dicens:
846 313 861 330 ‘⁴
874 313 1066 355 Imperator
1088 321 1151 354 pro
1176 321 1217 343 eo
1242 311 1335 354 quod
1358 316 1474 344 uestra
1495 310 1561 343 sibi
1584 310 1752 344 donatiua
1774 309 1869 353 petii,
1893 308 1999 342 mina-

146 369 228 399 ‘tus
251 372 304 400 est
326 376 382 398 me
406 366 484 409 capi
507 372 542 398 et
564 366 655 398 male
678 366 829 399 tractari.
877 366 922 398 Et
946 365 1026 408 quia
1049 364 1133 397 mihi
1150 363 1346 397 credidistis
1369 362 1450 397 ideo
1472 373 1633 396 reuersus
1644 374 1729 402 sum,
1745 362 1845 396 uobis
1860 362 2000 396 omnino

147 420 162 437 ‘⁴
175 419 403 458 consulturus,
427 419 474 451 ita
497 425 534 452 ut
556 419 584 452 si
607 425 724 452 uestra
747 419 907 452 uoluntas
930 418 1015 450 mihi
1039 427 1108 450 non
1131 417 1293 457 defuerit,
1318 416 1496 450 beneficiis
1519 422 1553 449 et
1576 417 1767 450 honoribus
1789 427 1852 450 vos
1882 425 2002 449 omnes

40 507 41 510 ,
147 471 292 505 “ditabo
306 495 336 512 „.
352 471 362 489 ¹
407 472 565 511 Quorum
589 473 740 505 omnium
764 472 959 505 uoluntates
982 471 1063 503 dum
1086 481 1146 502 sue
1170 470 1341 503 uoluntati
1363 469 1451 503 uidit
1461 470 1667 509 concordes,
1683 469 1798 503 statim
1814 480 1894 503 cum
1909 469 2003 503 omni

48 535 49 539 ¹
78 525 97 557 5
143 524 301 558 exercitu
325 531 454 558 armato
478 534 582 568 super
604 524 938 568 Constantinopolim
962 523 1123 566 perrexit.
1169 523 1360 566 Imperator
1382 523 1511 566 quippe
1534 533 1639 566 supra
1655 533 1758 566 quam
1776 522 1874 556 credi
1888 527 2004 566 potest

143 578 370 620 stupefactus,
393 588 430 611 se
454 584 491 611 et
513 578 700 617 ciuitatem,
723 583 827 621 prout
848 577 963 621 potuit
986 576 1143 609 muniuit.
1188 575 1333 608 Alexius
1355 582 1469 609 autem
1492 576 1664 620 quendam
1689 576 1887 620 magistrum
1911 575 2002 608 mili-

142 637 226 670 tum,
249 631 468 674 imperatoris
490 630 692 664 Amonem'
716 631 866 669 nomine,
890 641 934 663 ex
956 639 1086 673 genere
1109 628 1392 668 Alamannorum,
1418 629 1701 672 promissionibus
1715 630 1850 674 magnis
1865 629 2003 663 seduxit

142 690 181 716 ut
202 683 267 717 sibi
292 684 468 717 ciuitatem
491 684 664 727 proderet.
714 683 786 723 Qui
809 683 898 716 dolis
920 682 1147 726 acquiescens
1169 692 1233 724 per
1254 688 1395 715 noctem
1417 682 1555 725 aperuit
1577 682 1645 715 sibi
1667 689 1814 725 portam,
1831 692 1900 726 que
1914 682 2003 715 Uul-

141 746 304 780 garorum
317 736 329 754 ³
352 737 490 770 dicitur.
537 736 678 769 Alexius
699 737 805 780 igitur
828 746 907 768 cum
930 736 1025 768 omni
1048 734 1314 768 christianorum
1339 741 1374 767 et
1395 745 1612 779 paganorum
1636 735 1793 770 exercitu
1822 735 2000 768 ciuitatem

81 790 121 822 10
143 789 316 834 ingressus
339 796 443 823 nocte
466 790 523 824 die
546 790 648 828 Iouis,
672 800 740 833 que
763 799 852 822 cena
873 788 1014 821 Domini
1037 787 1186 822 dicitur⁴
1208 794 1316 822 totam
1341 788 1511 821 exercitui
1534 799 1596 821 suo
1619 789 1764 831 predam
1779 790 1931 822 ciuitatis
1942 789 2004 822 tri-

43 841 53 844 ’
144 843 224 882 duo,
248 853 351 886 quem
375 843 561 876 admodum
583 843 828 886 spoponderat,
854 843 947 875 dono
970 841 1103 875 tribuit.
1151 839 1224 879 Qui
1248 840 1334 874 nulli
1356 841 1573 884 indulgendo
1596 842 1766 876 hostiliter
1789 853 1928 887 queque
1951 842 2005 875 in-

142 895 264 928 uenire
288 902 447 939 poterant
469 901 653 934 asstantes,
685 895 869 938 depredati
900 901 988 928 sunt.
1020 894 1101 928 Nou
1124 894 1236 927 solum
1266 900 1393 934 autem,
1426 905 1546 927 uerum
1583 896 1687 928 etiam
1710 895 1879 928 ecclesias
1901 895 2005 928 rebus

143 948 302 981 omnibus
323 949 530 991 spoliabant.
575 947 802 982 Sacerdotes'
826 958 964 992 quoque
988 947 1108 980 diuina
1130 947 1282 980 misteria
1305 946 1522 980 celebrantes
1538 947 1652 990 capite
1667 948 1888 988 truncabant,
1904 948 2004 991 pedi-

141 1001 275 1045 busque
299 1002 470 1035 sacrificia
494 1001 747 1035 conculcabant
769 1001 944 1045 plerisque
975 999 1296 1034 sanctimonialibus
1330 1011 1371 1033 ac
1406 1000 1482 1033 Deo
1517 1001 1643 1034 dicatis
1677 1001 1722 1034 ab
1754 1003 1803 1035 eis
1833 1001 2006 1046 stupratis.

43 1092 45 1094 ,
81 1053 118 1087 15
141 1054 334 1097 Imperator
356 1061 478 1088 autem
494 1055 693 1093 Butanioth‚
717 1060 753 1086 ut
777 1054 954 1087 ciuitatem
977 1054 1151 1096 proditam
1176 1053 1275 1092 uidit,
1298 1053 1413 1086 statim
1437 1064 1457 1087 e
1480 1053 1610 1097 palatio
1634 1054 1738 1098 fugiit
1760 1060 1796 1087 et
1821 1055 1859 1087 in
1889 1053 2006 1087 eccle-

40 1108 41 1111 ’
140 1108 196 1140 sia
218 1113 338 1140 sancte
362 1107 517 1151 Sophie⁵
539 1107 748 1140 monachum
771 1116 809 1140 se
833 1107 905 1140 fieri
928 1107 1035 1140 iussit.
1082 1106 1228 1140 Alexius
1251 1107 1367 1150 itaque
1383 1106 1549 1150 palatium
1562 1107 1749 1151 ingressus,
1765 1107 2008 1141 Constantino-

143 1160 335 1204 politanum
358 1161 539 1203 imperium
565 1161 720 1203 arripuit.
766 1160 814 1193 Ut
838 1166 950 1193 autem
972 1160 1155 1194 Dominice
1179 1160 1446 1193 resurrectionis
1462 1159 1519 1193 die
1534 1166 1722 1194 coronatus
1737 1166 1799 1200 est,
1813 1161 2003 1195 exercitum

143 1225 165 1247 a
186 1214 297 1257 preda
319 1220 355 1247 et
377 1214 508 1257 rapinis
529 1214 691 1247 reuocari
714 1214 824 1248 iussit.
848 1213 920 1253 Qui
943 1220 980 1247 ut
1003 1224 1041 1247 se
1065 1224 1136 1248 non
1159 1214 1257 1257 quasi
1282 1213 1449 1257 cupidum
1475 1214 1615 1257 imperii
1640 1214 1861 1258 magnatibus
1892 1219 2009 1247 osten-

147 1267 258 1306 deret,
281 1267 458 1300 constituit
479 1277 596 1300 secum
621 1268 657 1300 in
678 1267 824 1310 imperio
848 1268 1059 1301 Michaelem
1083 1268 1192 1300 filium
1216 1267 1368 1310 predicti
1399 1267 1588 1300 Michaelis
1617 1267 1848 1310 imperatoris,
1880 1268 2003 1300 dicens

82 1321 125 1352 20
149 1320 326 1353 omnibus:
349 1320 432 1354 Non
451 1324 603 1364 propter
625 1332 678 1353 me
699 1322 760 1354 sed
778 1324 929 1365 propter
952 1321 1039 1354 hunc
1061 1321 1124 1364 qui
1136 1321 1212 1353 iure
1227 1321 1264 1353 in
1278 1321 1360 1353 solio
1386 1321 1537 1354 residere
1560 1321 1657 1354 debet
1679 1321 1741 1353 hoc
1763 1322 1854 1364 quod
1865 1319 2005 1364 factum

145 1378 196 1406 cst
213 1374 353 1418 peregi.
399 1374 586 1417 Postquam
609 1374 763 1413 Alexius,
787 1376 846 1418 qui
870 1381 906 1407 et
928 1374 1131 1407 Commiano
1144 1374 1156 1391 ⁶
1180 1374 1294 1408 dictus
1317 1381 1379 1413 est,
1403 1374 1600 1417 imperialia
1622 1373 1689 1407 sibi
1703 1374 1778 1406 iura
1803 1375 2006 1417 composuit,

144 1426 259 1460 statim
283 1436 362 1459 cum
386 1426 521 1470 ingenti
545 1428 648 1470 copia
672 1428 846 1460 exercitus
868 1427 1022 1471 undique
1047 1427 1198 1460 collecta
1220 1438 1290 1460 una
1321 1437 1399 1460 cum
1428 1428 1639 1470 imperatore
1675 1437 1779 1470 quem
1810 1427 1875 1460 sibi
1907 1427 2007 1470 quasi

144 1480 277 1514 socium
299 1486 476 1519 statuerat,
499 1487 623 1514 contra
645 1481 771 1514 ducem
794 1481 1011 1514 Robbertum
1034 1482 1246 1524 properauit.
1294 1481 1475 1515 Ordinatis
1498 1481 1616 1524 itaque
1647 1491 1717 1514 non
1747 1481 1853 1525 longe
1884 1492 1904 1513 a
1928 1480 2006 1513 Dir-

146 1533 268 1566 rachio
293 1533 363 1566 suis
387 1534 433 1567 ad
455 1534 701 1573 dimicandum,
726 1535 801 1578 ipse
823 1535 1014 1577 imperator
1037 1540 1111 1567 tuto
1135 1535 1170 1566 in
1194 1534 1273 1567 loco
1297 1534 1428 1578 positus
1450 1535 1609 1577 premisit
1632 1533 1670 1567 in
1692 1534 1804 1578 prima
1827 1535 1902 1568 acie
1926 1545 2005 1567 eum

37 1631 39 1633 ι
81 1587 122 1619 25
146 1596 248 1630 quem
271 1597 388 1620 secum
412 1587 655 1629 imperatorem
679 1588 825 1627 fecerat,
850 1595 887 1620 ut
910 1588 945 1620 in
968 1587 1061 1621 bello
1084 1588 1250 1627 interiret,
1274 1598 1354 1620 nam
1376 1588 1437 1621 diu
1460 1588 1592 1621 socium
1615 1597 1691 1621 eum
1710 1588 1839 1621 habere
1854 1588 2006 1627 nolebat,

145 1639 238 1672 solus
260 1640 355 1673 enim
375 1641 548 1683 imperare
572 1641 735 1683 cupiebat
747 1641 770 1674 ⁷.
817 1640 916 1680 Quid
938 1640 1072 1674 multa?
1097 1640 1288 1674 Commisso
1311 1642 1423 1683 prelio
1457 1641 1527 1674 dux
1558 1640 1763 1674 Robbertus
1794 1641 2008 1675 Guiscardus

146 1693 389 1736 imperatorem
414 1694 549 1738 fugauit
572 1705 614 1727 ac
639 1696 780 1728 deuicit.
827 1694 955 1728 Filius'
988 1701 1101 1727 autem
1136 1694 1322 1727 Michaelis
1346 1695 1578 1737 imperatoris,
1613 1705 1683 1727 non
1718 1695 1776 1728 diu
1807 1695 2006 1738 imperator,

145 1746 258 1780 statim
281 1746 319 1779 in
342 1747 454 1789 primo
478 1748 642 1781 conflictu
665 1748 794 1782 interiit
807 1747 829 1781 ⁸.
875 1748 915 1780 In
939 1749 1014 1791 ipsa
1037 1758 1187 1791 namque
1210 1757 1327 1792 pugna
1349 1747 1539 1790 imperator
1561 1747 1628 1782 LX
1644 1748 1740 1781 milia
1763 1747 1891 1781 milites
1913 1754 1950 1781 et
1971 1748 2007 1781 X

239 1908 261 1926 1.
280 1901 353 1933 pecii
375 1902 399 1927 C
417 1915 444 1920 —
469 1908 492 1926 2.
513 1902 596 1927 nobis
616 1902 749 1927 omnibus
769 1901 951 1927 consulturus
972 1901 1051 1927 Sasso
1070 1914 1103 1919 —
1123 1907 1148 1933 3.
1168 1902 1191 1925 si
1212 1903 1306 1927 uestra
1326 1902 1396 1927 mihi
1418 1901 1553 1927 uoluntas
1572 1909 1629 1926 non
1650 1902 1774 1927 defuerit
1795 1903 1821 1927 B
1840 1911 1854 1927 e
1873 1903 1953 1928 Sasso
1975 1916 2006 1920 —

149 1948 174 1975 7.
193 1943 333 1974 quendam
354 1945 534 1976 imperatoris
552 1945 721 1978 magistrum
742 1945 868 1969 militum
891 1943 938 1968 σε
952 1944 1045 1969 Arndt
1057 1957 1090 1961 —
1106 1950 1147 1968 11.
1166 1944 1411 1975 quemammodum
1431 1945 1456 1969 Α
1478 1957 1510 1962 -
1534 1950 1572 1969 12.
1593 1944 1659 1969 Non
1681 1945 1773 1970 solum
1793 1946 1887 1970 autem
1906 1945 1961 1970 hoc
1982 1946 2009 1970 B

149 1993 163 2009 e
181 1985 261 2010 Sasso
281 1999 314 2003 —
335 1992 375 2018 19.
395 1988 437 2012 set
456 1989 573 2020 propter
595 1986 619 2011 C
635 1996 648 2011 e
667 1987 760 2011 Arndt
790 2001 811 2006 -
833 1993 873 2012 22.
895 1987 1005 2018 peregit
1026 1987 1050 2011 C
1068 1999 1076 2003 -
1097 1984 1240 2011 Comiano
1260 1987 1285 2011 A
1306 2000 1337 2005 -
1359 1993 1444 2019 23—24.
1465 1986 1603 2012 Dirachio
1622 1987 1650 2011 A
1670 2001 1701 2006 —
1723 1992 1767 2019 25.
1785 1989 1817 2012 ut
1836 1987 1913 2012 bello
1937 1987 2008 2013 inte-

151 2027 220 2053 riret
233 2028 259 2053 A
279 2041 312 2046 —
331 2027 373 2053 28.
392 2029 424 2053 ln
443 2030 537 2061 primo
557 2029 652 2055 aflictu
671 2030 696 2054 A

88 2326 120 2344 10

4 2519 118 2564 ..15

38 2749 122 2791 ,³⁰

0 2967 51 3001 tf
87 2962 119 2989 25

237 2109 245 2126 ¹
268 2112 330 2137 Chr.
349 2112 556 2146 Amatfitanum:
581 2112 595 2126 ‘¹
607 2114 666 2147 Qui
686 2114 714 2138 in
734 2114 784 2138 illa
798 2114 962 2146 infelicitate
975 2122 1046 2138 num-

149 2152 252 2186 “quam
273 2154 364 2185 potuit
385 2163 440 2180 csse
459 2164 575 2180 securus.
613 2156 723 2180 Alem‘us
746 2164 811 2180 vero
836 2156 892 2188 ι’ῥεε
906 2159 1046 2188 postquam

149 2194 164 2208 ⁸
172 2196 249 2220 venit
257 2197 296 2221 ad
303 2197 505 2228 imperatorem3
525 2201 659 2230 tamquam
673 2197 771 2223 fidelix
784 2198 843 2223 dux
856 2199 891 2223 ad
906 2199 1044 2229 dominum,

149 2237 163 2251 ‘⁴
175 2241 204 2262 ut
217 2246 273 2263 eum
287 2239 376 2272 magis
388 2248 507 2265 securum
533 2241 664 2272 redderet,
685 2241 846 2272 simpliciter
865 2244 905 2266 est
917 2242 1045 2272 loquutus.

149 2279 162 2293 ‘¹
175 2280 232 2306 Sed
245 2282 324 2313 quasi
340 2282 373 2306 de
391 2290 419 2307 se
439 2282 540 2311 timens,
559 2287 635 2308 noctu
654 2292 668 2308 e
683 2284 913 2315 Constantinopoli
923 2283 1009 2316 fugit
1021 2287 1047 2308 et

150 2322 211 2348 “ad
228 2324 370 2348 exercitum
382 2325 556 2356 properavit,
572 2328 599 2349 et
611 2333 737 2350 reversus
751 2328 791 2350 est
803 2326 905 2350 dicens:
927 2326 1045 2356 Impera-

149 2365 162 2378 “
173 2368 216 2390 tor
229 2369 377 2397 propterea
395 2367 465 2398 quod
481 2370 575 2391 vestra
593 2368 728 2399 suspendia
747 2368 883 2402 efflagito,
905 2367 970 2392 mihi
987 2369 1047 2393 vult

148 2407 162 2420 ⁶¹
173 2411 283 2433 mortem
302 2409 387 2434 dare.
398 2428 404 2433 .
415 2426 422 2434 .
434 2425 459 2442 η.
493 2409 518 2434 11
538 2410 675 2443 capitolo,
699 2417 780 2435 come
798 2409 813 2435 ὲ
834 2412 913 2442 noto,
929 2410 975 2435 nel
989 2409 1043 2435 Co-

147 2449 208 2475 dice
227 2450 332 2476 rlmase
344 2451 519 2484 lncompleto
532 2459 547 2476 e
560 2452 644 2477 molti
659 2454 778 2486 capitoli
795 2459 943 2479 mancano.
955 2453 984 2476 di
999 2453 1046 2477 cui

147 2492 223 2518 forse
241 2492 272 2517 in
290 2499 319 2518 ιι.
338 2494 507 2526 potrebbero
527 2494 679 2519 ritrovarsi
699 2495 781 2519 molti
802 2495 894 2520 tratti.

235 2533 247 2551 Ι
266 2534 401 2565 errm.
420 2539 462 2567 op.
481 2536 534 2567 cit..
555 2544 584 2570 p.
603 2542 647 2570 9²·

235 2577 247 2595 ³
275 2577 316 2602 La
343 2579 427 2611 porta
455 2578 498 2603 dei
529 2579 654 2611 Bulgari.
683 2580 811 2611 Vulgari.
840 2578 855 2604 ὲ
879 2580 974 2612 quella
996 2581 1046 2605 che

146 2619 240 2644 Arum
259 2618 427 2651 Coranum,
448 2624 488 2651 op.
502 2621 555 2650 cit„
568 2621 603 2650 Π,
620 2628 651 2646 ιο
664 2620 702 2654 (p.
718 2628 769 2653 1²4
781 2622 825 2647 ed.
845 2622 907 2654 cit.)
919 2622 1044 2648 chiama:

145 2658 281 2693 χαρίσως.
299 2661 494 2693 CHALANDON,
523 2663 607 2688 Essas’
630 2671 676 2688 sur
694 2665 720 2688 le
746 2664 831 2696 regne
850 2665 877 2689 d'
897 2665 988 2690 Alexis
1006 2665 1046 2689 1²¹·

148 2706 204 2734 etc„
223 2704 281 2732 cit„
300 2710 327 2736 p.
345 2703 380 2736 48
406 2712 432 2728 n.
456 2711 477 2733 1,
498 2704 641 2730 identiflca
660 2707 759 2737 questa
778 2708 861 2740 porta
879 2714 933 2731 con
952 2707 1047 2739 quella

146 2744 380 2779 d’Adrianopon.

235 2785 245 2803 ⁴
264 2787 364 2813 Anche
388 2788 475 2813 Anna
500 2787 657 2814 Commeno
683 2789 729 2823 (11,
752 2797 784 2815 10
801 2798 828 2824 p.
856 2790 1047 2826 123)r1porta

147 2831 244 2862 questa
263 2829 344 2855 dats:
361 2828 381 2863 ἡ
401 2828 440 2856 6&-
451 2828 545 2864 ἡμέρα
564 2830 669 2865 πέμπτε
688 2830 725 2864 ἦν
742 2830 761 2865 ἡ
790 2830 912 2867 μεγάλης
941 2832 1046 2867 καὸ”ἥν

145 2870 179 2898 τὸ
198 2870 332 2905 μυστικὸν
349 2871 444 2906 πάσχα
462 2871 574 2907 θύωμεν
591 2871 651 2908 ἅμα
670 2873 718 2901 καὶ
737 2872 894 2909 §erasmum
918 2874 1046 2911 ἐπινεμή-

146 2920 218 2946 σεως
235 2911 370 2947 τετάρτης
387 2912 475 2946 ἔτους,
488 2914 574 2948 ζφπθ’
587 2915 676 2949 μηνὸς
690 2915 863 2950 Ἀπριλλίου.
900 2919 953 2944 Nel
970 2918 1046 2950 1081,

147 2964 224 2984 anno
244 2965 296 2982 con
318 2958 417 2982 lettera
437 2959 613 2984 domenicale
632 2959 664 2988 C,
684 2960 711 2985 la
738 2960 847 2993 Pasqua
867 2962 954 2988 cadde
977 2963 999 2988 11
1022 2971 1047 2996 4,

280 3045 314 3071 T.
334 3045 396 3078 VII,
415 3055 442 3080 p.
464 3054 476 3073 1
496 3060 530 3067 —
551 3055 592 3082 ¹³·

1103 2111 1124 2136 il
1143 2110 1261 2145 giovedi
1281 2114 1365 2137 santo
1386 2113 1407 2137 il
1430 2119 1443 2138 ι
1465 2113 1565 2146 aprile.

1189 2152 1200 2169 ⁵
1211 2154 1346 2179 Nicesoro
1357 2155 1518 2187 Bataniate,
1535 2162 1584 2188 per
1598 2155 1784 2181 mutel-vento
1798 2155 1844 2181 del
1857 2155 2003 2181 Patrlarca

1101 2196 1204 2228 depose
1224 2197 1253 2221 lo
1272 2198 1378 2222 scettro
1391 2197 1540 2230 Imperiale
1552 2205 1567 2222 e
1580 2198 1604 2222 si
1619 2196 1728 2230 ritugio
1742 2206 1758 2223 a
1772 2198 1860 2223 Santa
1872 2197 1956 2229 Sosia,
1970 2198 2005 2222 da

1101 2238 1174 2263 dove
1187 2246 1259 2271 poco
1270 2239 1347 2272 dopo
1359 2240 1388 2264 su
1398 2240 1547 2265 trasserito
1560 2241 1587 2265 al
1602 2242 1764 2266 monastero
1779 2240 1808 2266 di
1819 2240 2005 2273 Perlblepton

1101 2287 1150 2312 per
1163 2281 1231 2306 farsi
1253 2289 1381 2307 monaco.
1396 2281 1457 2307 cfr.
1477 2282 1571 2307 Arma
1590 2282 1759 2312 Commeno,
1779 2286 1819 2315 op.
1834 2284 1888 2312 cit.,
1908 2282 1943 2312 11,
1965 2288 2005 2312 12,

1102 2330 1147 2356 pp.
1170 2330 1217 2356 131
1239 2330 1255 2348 a
1276 2330 1335 2357 13⁴-

1190 2364 1202 2381 ⁰
1220 2367 1365 2392 Axmams
1382 2367 1613 2398 anawanum,
1632 2375 1678 2393 an.
1703 2367 1784 2393 1082:
1807 2368 1942 2394 “Electus
1962 2370 2005 2393 est

1105 2407 1118 2421 “
1128 2408 1286 2441 imperator
1304 2409 1425 2434 Alexius
1445 2409 1707 2443 Constantinopoli
1719 2429 1743 2442 „.

1190 2450 1202 2468 ⁷
1221 2452 1315 2478 Arum
1332 2451 1501 2484 Commeno,
1520 2454 1569 2479 cit.
1587 2453 1637 2479 1v.
1657 2453 1683 2483 6,
1703 2461 1729 2487 p.
1746 2453 1808 2480 208.

1189 2493 1290 2520 Lupus
1307 2494 1583 2526 Pnorosnrmus,
1603 2495 1699 2521 nll’nn.
1722 2495 1804 2525 1082;
1825 2495 2002 2522 Gaurnmus

1100 2534 1295 2567 Manu-am,
1313 2537 1363 2566 ΙΙΙ,
1384 2543 1424 2570 27.
1446 2535 1460 2550 '¹
1472 2545 1567 2563 mense
1586 2538 1714 2563 octubrIs
1726 2546 1757 2571 „5
1780 2538 1927 2571 Anonymus
1947 2539 2003 2563 Ba-

1100 2578 1195 2608 rensz's,
1213 2578 1387 2608 Munus-om,
1406 2583 1447 2611 op.
1466 2580 1520 2610 cit„
1540 2580 1574 2609 V,
1594 2587 1620 2613 p.
1644 2587 1702 2612 154,
1726 2581 1822 2606 indica
1847 2581 1870 2606 11
1896 2582 2001 2613 giorno

1101 2619 1129 2644 di
1150 2626 1199 2645 san
1219 2619 1305 2652 Luca,
1325 2620 1387 2646 cioe
1413 2622 1433 2646 il
1457 2621 1488 2646 18
1511 2622 1631 2647 ottobre.

1189 2659 1201 2678 ⁸
1219 2669 1246 2688 a.
1266 2671 1324 2688 non
1343 2663 1358 2689 ὸ
1378 2665 1447 2689 bene
1471 2664 1637 2695 informato,
1666 2672 1745 2691 come
1773 2673 1898 2699 neppure
1924 2666 1953 2691 lo
1974 2667 2004 2691 su

1100 2703 1273 2732 Guillelmus
1290 2707 1469 2740 Apuliensis,
1488 2706 1611 2731 laddove
1629 2708 1692 2733 dice
1711 2706 1771 2742 (IV,
1789 2707 1933 2743 369-370):
1953 2707 2005 2734 Oc·

1103 2748 1200 2774 “cldlt
1212 2748 1266 2774 hoc
1278 2749 1365 2778 bello,
1375 2750 1456 2782 regni
1475 2749 1617 2782 spollator
1635 2750 1746 2775 honore
1763 2750 1766 2783 Ι
1783 2750 2004 2781 Constantinus,

1103 2790 1171 2816 “est
1189 2791 1360 2816 sublimatus
1379 2792 1490 2817 honore
1508 2793 1622 2818 decenti
1631 2810 1655 2825 ,-

1190 2832 1396 2863 Constantium
1417 2836 1510 2860 morto
1530 2835 1560 2860 in
1575 2835 1670 2867 quella
1688 2835 1838 2868 battaglia,
1853 2835 1885 2860 su
1903 2836 1926 2860 il
1938 2836 2005 2861 Por-

1101 2874 1262 2908 firogenlto,
1281 2875 1364 2909 figlio
1384 2876 1412 2901 dl
1433 2875 1629 2902 Constantlno
1654 2877 1762 2902 Ducas:
1793 2879 1902 2902 mentre
1928 2876 2002 2903 Con·

1102 2918 1242 2947 stantiuo,
1260 2917 1341 2949 figllo
1360 2918 1389 2943 dl
1410 2918 1532 2943 Michele
1551 2918 1735 2952 Parapinace,
1756 2917 1829 2945 morl
1849 2920 1878 2945 dl
1902 2919 2002 2945 malat-

1101 2959 1152 2989 tla.
1189 2957 1234 2984 Cf.
1255 2959 1347 2985 Arum
1367 2959 1534 2990 Commo.
1554 2960 1601 2991 IV.
1621 2960 1638 2985 6
1657 2960 1695 2994 (p.
1717 2961 1779 2993 21²)
1799 2970 1813 2987 e
1838 2961 1885 2991 V1,
1906 2969 1936 2994 3:
1964 2962 2004 2987 Dr

2024 197 2094 220 Mun.
2107 203 2141 218 cc.
2153 202 2236 222 ¹7³·17⁴

2054 804 2103 824 apr.
2121 804 2130 818 ι

2054 963 2074 979 ε.
2089 963 2130 982 ²⁰9
2143 958 2165 978 B

2031 1105 2132 1126 Alexius
2143 1111 2163 1126 1.
2179 1105 2243 1125 Con..

2045 1138 2123 1152 menn:
2151 1132 2229 1157 imper.

2031 1164 2080 1184 apr.
2097 1165 2109 1183 4
2130 1159 2177 1179 1081

2056 1547 2101 1565 oct.
2122 1547 2146 1565 18

2055 1711 2075 1726 c.
2092 1711 2131 1726 ηο
2145 1707 2165 1727 Α

2034 2296 2068 2322 30

2034 2511 2066 2536 35

2033 2725 2067 2750 4⁰

2032 2939 2064 2966 45
