2398 3470
131 271 214 308 ιΑΑ.
233 272 267 300 c.
289 272 484 308 noo-1107]
715 267 1007 303 ROMUALDI
1035 267 1399 305 SALERNITANI
1908 267 2067 303 255Μυκ.,
2134 282 2220 303 ,oms

130 390 237 424 multa
259 390 421 433 capitula,
452 399 520 433 que
551 388 838 428 interueniebant,
868 389 1062 423 indiscusso
1095 397 1267 424 manente.
1315 391 1395 424 Rex
1426 396 1541 424 autem
1573 390 1808 434 W[ilhelmus]
1839 397 1984 434 propter

131 442 239 476 multa
261 442 445 481 beneficia,
469 453 536 486 que
557 443 634 486 ipse
657 447 691 474 et
713 441 835 486 regina
857 452 921 475 suo
944 443 1076 485 populo
1101 443 1332 482 contulerunt,
1356 444 1500 477 multum
1524 444 1619 487 cepit
1642 455 1662 477 a
1684 444 1755 477 suis
1784 443 1982 477 hominibus

131 495 228 540 diligi
251 502 286 528 et
306 506 451 539 regnum
474 507 572 528 suum
593 496 630 528 in
651 505 740 538 pace
764 499 799 527 et
822 494 1074 538 tranquillitate
1098 502 1229 529 tenere.
1276 498 1329 530 Eo
1351 503 1509 540 tempore
1533 497 1708 530 Henrieus
1723 497 1890 530 naturalis
1905 498 1976 530 fra-

131 555 186 582 ter
205 549 326 592 regine
349 549 387 581 in
409 549 530 582 Sicilia
551 549 597 581 ad
618 558 734 592 regem
756 547 866 586 uenit,
889 548 946 581 cui
970 558 1036 581 rex
1059 550 1260 582 comitatum
1284 549 1414 583 Montis
1437 550 1587 583 Caueosi
1609 556 1643 583 et
1669 562 1772 583 unam
1791 551 1834 583 de
1850 550 1984 584 filiabus

89 602 107 634 5
131 602 225 646 regis
246 601 396 646 Rogerii
418 603 455 634 in
478 612 621 635 uxorem
645 601 818 635 concessit
833 601 854 633 ⁴.
901 601 963 634 His
987 602 1090 635 etiam
1114 602 1236 636 diebus
1261 603 1455 646 Stephanus
1486 604 1575 637 filius
1605 605 1742 637 comitis
1773 605 1817 637 de
1848 604 1984 644 Pereia,

132 655 282 689 clericus
305 661 340 688 et
364 656 640 700 consanguineus
661 655 791 699 regine,
813 654 850 687 in
874 654 993 688 Sicilia
1016 655 1062 689 ad
1084 665 1202 700 regem
1225 657 1334 695 uenit,
1359 668 1460 700 quem
1485 669 1547 690 rex
1570 664 1605 691 et
1627 658 1749 701 regina
1771 658 1884 701 primo
1903 668 1985 690 can—

131 709 323 748 cellarium,
345 716 424 753 post
446 710 513 742 hec
535 709 571 742 in
594 708 840 742 panormitana
863 709 1015 742 ecclesia
1039 709 1122 753 eligi
1145 710 1309 743 fecerunt
1323 710 1346 743 ².
1393 711 1466 750 Qui
1490 712 1526 743 in
1548 712 1649 744 breui
1680 712 1792 755 spatio
1818 712 1985 755 temporis

131 768 262 796 tantam
286 763 376 807 regis
400 768 435 796 et
456 762 577 807 regine
600 762 744 806 gratiam
768 767 803 795 et
824 761 1100 795 familiaritatem
1124 763 1282 806 optinuit,
1307 765 1401 806 quod
1425 770 1532 797 totum
1555 775 1700 809 regnum
1724 776 1787 807 pro
1811 776 1873 798 suo
1892 764 1982 798 arbi-

131 816 198 849 trio
222 816 440 859 disponebat.

221 870 298 903 Hoc
320 876 434 909 autem
459 877 612 913 tempore
637 870 844 903 Fredericus
866 870 1055 913 imperator
1077 870 1356 904 Teutonicorum
1379 871 1504 904 iterum
1530 871 1663 904 Italiam
1688 873 1841 911 intrauit,
1865 879 1899 905 et
1922 883 1986 915 per

130 929 247 966 partes
268 923 436 956 Marchie'
459 934 568 967 usque
590 923 773 957 Anconam
795 923 891 956 uenit
912 929 948 957 et
969 933 1046 956 eam
1071 922 1208 956 obsedit
1220 923 1244 957 ⁸.
1290 924 1386 956 Misit
1419 925 1523 956 etiam
1553 925 1775 968 Raynaldum
1808 926 1984 958 cancella-

131 976 218 1008 rium
241 982 276 1009 et
298 975 476 1010 Andream
500 977 544 1009 de
568 977 816 1019 Rupe-canina
839 986 918 1009 cum
942 977 1092 1020 quadam
1115 983 1215 1019 parte
1238 978 1291 1010 sui
1321 977 1498 1010 exercitus
1528 989 1637 1021 usque
1665 978 1912 1019 Tusculanum,
1945 986 1983 1012 ut

130 1040 222 1073 pape
244 1029 446 1063 Alexandro
469 1036 504 1063 et
526 1030 694 1063 Romanis
716 1040 877 1074 guerram
893 1030 1066 1063 inferrent
1079 1030 1102 1063 ⁴.
1148 1031 1302 1064 Romani
1317 1041 1402 1063 uero
1418 1031 1559 1074 superbi
1576 1037 1612 1064 et
1626 1032 1720 1071 elati,
1735 1033 1813 1074 plus
1828 1032 1918 1065 iusto
1935 1034 1979 1066 de

130 1083 200 1116 suis
222 1083 356 1116 uiribus
377 1089 627 1126 presumentes,
649 1083 906 1116 inconsiderate
928 1089 964 1117 et
987 1083 1185 1117 inordinate
1209 1094 1314 1127 super
1336 1084 1553 1117 Teutonicos
1569 1084 1752 1118 irruerunt.
1798 1086 1985 1120 Teutonici

69 1136 106 1169 15
130 1146 216 1169 uero
239 1136 365 1179 positis
386 1136 522 1169 insidiis
543 1147 588 1169 ex
610 1137 770 1175 aduerso,
793 1136 973 1169 Romanos
996 1143 1294 1182 expugnauerunt,
1318 1143 1353 1170 et
1375 1138 1474 1171 multi
1497 1149 1542 1170 ex
1566 1138 1616 1170 eis
1640 1138 1732 1180 capti
1757 1146 1835 1172 sunt
1861 1146 1895 1172 et
1926 1150 1985 1172 oc-

132 1189 205 1222 cisi.
253 1189 394 1233 Reliqui
407 1199 492 1222 uero
506 1189 681 1233 fugientes
697 1189 757 1221 uix
778 1189 814 1222 in
830 1189 961 1222 Urbem
977 1200 1014 1223 se
1029 1190 1191 1234 recipere
1206 1197 1393 1233 potuerunt
1404 1189 1426 1224 ⁵.
1474 1189 1581 1229 Quod
1596 1191 1729 1224 factum
1745 1190 1983 1225 Alexandrum

130 1253 258 1286 papam
281 1248 316 1275 et
340 1252 461 1275 omnes
485 1242 580 1275 ciues
602 1243 782 1275 Romanos
804 1243 990 1286 plurimum
1013 1242 1240 1286 perturbauit‚
1263 1250 1298 1278 et
1321 1244 1373 1277 eis
1395 1244 1556 1277 timorem
1580 1245 1806 1278 uehementer
1829 1245 1981 1279 incussit.

131 1295 372 1330 cancellarius
395 1301 507 1328 autem
531 1296 670 1329 nuntios
693 1295 738 1328 ad
761 1296 1004 1339 imperatorem
1027 1296 1130 1335 misit,
1152 1298 1321 1331 mandans
1343 1303 1379 1330 ut
1402 1297 1472 1331 cito
1496 1298 1542 1331 ad
1565 1297 1698 1331 Urbem
1721 1298 1868 1337 ueniret,
1899 1299 1983 1342 quid

131 1359 208 1382 eam
233 1356 350 1392 posset
372 1359 437 1391 pro
460 1359 522 1381 sua
545 1349 724 1382 uoluntate
748 1349 944 1392 disponere.
992 1348 1064 1388 Qui
1086 1350 1171 1383 licet
1192 1349 1375 1383 Anconam
1397 1350 1465 1383 iam
1491 1358 1734 1395 expugnasset,
1757 1358 1792 1385 et
1813 1352 1849 1384 in
1874 1362 1915 1385 eo
1932 1363 1985 1385 es-

66 1404 108 1436 20
130 1409 194 1443 set,
217 1409 255 1435 ut
277 1408 406 1435 terram
428 1402 635 1444 W[ilhelmi]
658 1402 754 1446 regis
776 1403 966 1442 inuaderet,
989 1404 1135 1437 festinus
1158 1410 1273 1437 tamen
1303 1405 1341 1438 in
1371 1404 1530 1450 Augusto
1560 1406 1606 1438 ad
1636 1405 1767 1439 Urbem
1799 1406 1914 1445 rediit,
1946 1414 1981 1440 et
2066 1419 2103 1439 iul.
2122 1425 2144 1443 24

128 1455 219 1489 iusta
242 1455 428 1488 ecclesiam
452 1455 548 1488 beati
572 1455 669 1489 Petri
692 1466 754 1488 sua
777 1462 889 1489 castra
913 1456 1042 1489 locauit
1053 1455 1076 1489 ⁸.
1123 1457 1276 1490 Romani
1299 1467 1384 1491 uero
1407 1463 1478 1491 tum
1502 1469 1567 1501 pro
1583 1465 1693 1491 morte
1709 1465 1891 1501 parentum
1907 1470 1984 1492 suo-

130 1519 218 1549 rum,
241 1514 314 1542 tum
337 1509 421 1552 quia
443 1508 543 1541 multi
566 1519 609 1541 ex
633 1509 683 1541 eis
705 1508 749 1542 ab
780 1509 987 1552 imperatore
1020 1510 1112 1553 capti
1143 1510 1397 1550 detinebantur,
1427 1511 1460 1544 ei
1490 1511 1653 1545 resistere
1683 1523 1753 1545 non
1783 1518 1983 1555 potuerunt.

2072 514 2091 527 c.
2110 510 2158 532 1167

70 871 108 903 10

2055 885 2104 903 1166
2119 890 2171 904 nov.

2059 944 2079 959 c,
2096 938 2156 962 ujb

2055 993 2103 1016 ¹1⁶7
2119 997 2167 1016 apr.

225 1647 248 1665 1.
268 1639 440 1664 Guilielmus
461 1641 488 1664 B
506 1648 519 1663 e
539 1640 618 1665 Sam
639 1654 670 1659 —-
691 1647 716 1673 3.
734 1640 855 1666 Enricus
876 1641 900 1665 A
921 1654 931 1659 -
950 1642 1048 1675 spacio
1069 1642 1093 1667 C
1109 1650 1123 1666 e
1139 1642 1229 1667 Arndt
1247 1656 1279 1661 ——
1301 1649 1343 1668 11.
1362 1642 1538 1669 Rainaldum
1558 1644 1583 1670 C
1600 1653 1613 1668 e
1632 1644 1726 1670 Arndt
1742 1657 1774 1662 —
1798 1651 1838 1676 13.
1864 1652 1937 1678 papa
1965 1645 1988 1670 C

73 2087 105 2105 10

134 1693 159 1700 —
190 1688 230 1714 14.
251 1681 420 1707 Teutonici:
442 1682 466 1707 C
483 1695 516 1700 -
538 1681 579 1707 18.
598 1684 720 1707 nuncios
741 1683 766 1708 C
780 1692 795 1707 a
813 1683 908 1709 Arndt
924 1697 956 1702 —
977 1689 1019 1709 υ.
1038 1684 1136 1709 multis
1157 1685 1181 1710 C

220 1777 229 1795 ¹
249 1779 315 1805 Uoo
334 1779 505 1809 Faenum,
525 1787 552 1812 p.
568 1786 631 1811 107:
648 1780 661 1794 “
673 1797 680 1805 .
692 1799 698 1806 .
711 1800 716 1805 .
728 1797 735 1805 .
746 1781 821 1806 hunc
835 1788 903 1814 ergo
917 1783 1025 1814 regina,

132 1821 146 1835 '²'
157 1830 220 1847 cum
233 1825 317 1848 antea
329 1822 489 1848 Roderlcus
502 1823 653 1848 diceretur.
665 1843 670 1848 .
682 1843 688 1849 .
699 1840 707 1848 .
717 1824 872 1849 Heancum
886 1825 1025 1858 appellari

132 1864 146 1878 a
155 1865 292 1898 precepit,
312 1867 341 1890 et
353 1866 378 1890 ei
399 1865 511 1890 Montis
524 1865 647 1891 Caveosl
667 1867 836 1892 comitatum
855 1867 968 1900 integre
981 1867 1026 1892 de-

131 1905 199 1931 “dit
218 1906 380 1940 oppidaque
398 1906 500 1931 sicilie
518 1914 571 1939 que
591 1914 654 1931 cum
674 1907 772 1932 eodem
791 1909 931 1933 comitatu
951 1907 1029 1933 Gau-

132 1947 250 1973 “fridus
274 1956 368 1974 comes
393 1949 465 1974 olim
493 1951 667 1981 tenuerunt
696 1950 733 1975 cf.
762 1949 890 1982 Gutum,
917 1952 936 1975 I
959 1951 1031 1976 conti

130 1991 162 2016 di
178 1991 272 2016 Monte
292 1991 440 2025 Scagln'oso,
461 1993 520 2023 cit.,
538 2000 565 2026 p.
586 1998 618 2024 55
639 2001 653 2018 e
673 2000 738 2026 seg.,
757 1993 888 2018 deil’estr.

219 2032 231 2050 ¹
249 2034 316 2059 Uoo
334 2033 504 2063 Fntcmmo.
523 2042 570 2068 pp.
594 2041 710 2066 109-110
729 2043 743 2059 e
763 2043 790 2060 n.
813 2042 836 2066 1,
856 2035 891 2060 da
910 2036 1030 2069 ragione

131 2075 208 2101 della
227 2078 411 2102 controversa
429 2077 599 2109 genealogia
619 2077 649 2102 di
668 2078 786 2102 codesto
805 2076 934 2107 Stefano,
953 2078 1030 2111 inge-

130 2121 315 2152 gnosamente
333 2120 502 2144 ricostruita
521 2119 568 2144 dal
588 2119 632 2144 LA
652 2119 766 2149 Luxu,
787 2120 879 2145 Storia
893 2121 967 2145 della
987 2121 1030 2146 Si-

131 2161 196 2186 cilia
214 2165 282 2187 sotto
304 2162 460 2195 Guglielmo
482 2163 518 2186 Il
531 2163 555 2187 il
572 2163 672 2191 Buono,
692 2162 820 2193 Ftrenze,
842 2161 917 2195 1867,
938 2163 959 2194 1,
979 2162 1030 2196 264

133 2210 162 2230 n.
182 2210 193 2228 1
214 2211 230 2229 e
247 2202 300 2228 268
318 2211 345 2229 n.
368 2211 391 2230 1.
432 2204 631 2235 Cnanmou,
649 2209 690 2236 op.
704 2205 757 2236 cit„
772 2204 806 2233 11.
820 2211 873 2237 3²0
886 2211 914 2229 n.
927 2213 951 2237 4,
967 2213 1030 2237 pro—

1079 1782 1093 1797 ‘¹
1102 1782 1321 1816 suffragantibus
1340 1784 1416 1808 beati
1443 1784 1592 1809 Ambrosii
1609 1786 1720 1810 meritis
1734 1785 1893 1810 studiosius
1907 1793 1984 1818 repa-

1082 1823 1096 1838 ¹‘
1106 1826 1181 1849 raret
1191 1843 1216 1859 ,.
1253 1824 1299 1850 Cf.
1318 1833 1387 1858 pure
1400 1825 1527 1851 Ora-oss
1540 1827 1677 1859 Monstra,
1690 1827 1822 1860 Anonymi
1835 1828 1984 1852 Laudensis

1080 1868 1186 1898 cautim,
1206 1869 1246 1892 M.
1270 1868 1303 1893 G.
1326 1869 1363 1893 H.
1387 1867 1447 1898 SS.‚
1467 1867 1569 1898 XVIII,
1588 1867 1649 1901 646.
1687 1869 1721 1894 H.
1747 1869 1855 1901 Pnurz,
1883 1870 1984 1894 Kaiser

1082 1911 1224 1936 Friedrich
1254 1911 1277 1942 l,
1303 1911 1436 1945 Dantzig,
1469 1912 1544 1944 1873,
1574 1911 1608 1941 11,
1636 1919 1722 1946 14-17‚
1751 1920 1766 1937 e
1790 1913 1825 1938 H.
1851 1913 1983 1943 Rau-run,

1088 1953 1238 1978 Gescleichte
1256 1954 1412 1979 Alexander
1430 1955 1477 1979 des
1495 1955 1612 1980 dritten:
1630 1956 1686 1979 und
1702 1956 1752 1980 der
1770 1956 1871 1980 Kircne
1896 1956 1984 1980 seinaer

1085 1996 1155 2027 Zeit,
1174 1995 1301 2029 Leiszg,
1321 1995 1398 2029 1863,
1416 1997 1452 2026 11,
1473 1996 1599 2030 237-238,
1618 1998 1787 2029 credettero,
1807 1998 1946 2023 mutando
1972 1999 1983 2023 1

1083 2038 1161 2067 fatti,
1175 2039 1225 2064 che
1243 2039 1270 2064 le
1288 2037 1359 2065 citt&
1377 2040 1423 2065 dei
1442 2040 1523 2065 Nord
1542 2041 1766 2072 apprendessero
1785 2041 1936 2073 dapprima
1956 2041 1983 2065 la

1084 2082 1190 2105 venuta
1208 2081 1237 2105 di
1256 2080 1394 2106 Federico
1414 2089 1493 2106 come
1512 2081 1534 2107 11
1558 2082 1704 2115 principio
1731 2082 1805 2107 delia
1830 2082 1885 2106 fine
1909 2081 1983 2106 delle

1084 2123 1148 2148 loro
1162 2122 1320 2148 sofferenze.
1356 2123 1398 2149 La
1411 2124 1474 2157 lega
1487 2125 1516 2149 di
1532 2125 1693 2154 resistenm,
1706 2125 1791 2149 dicon
1807 2124 1878 2154 loro,
1892 2132 1982 2149 venne

1084 2171 1160 2197 dopo
1180 2165 1207 2190 la
1226 2165 1303 2191 dieta
1315 2166 1344 2190 di
1365 2164 1448 2191 Lodi.
1486 2166 1513 2190 A
1531 2166 1762 2198 quest'opinione
1782 2167 1924 2191 accedette
1936 2174 1983 2191 an-

1083 2207 1133 2231 che
1146 2207 1176 2232 lo
1195 2207 1391 2239 CHALANDON',
1412 2211 1453 2239 op.
1473 2209 1526 2239 cit„
1545 2208 1581 2238 ΙΙ,
1600 2207 1660 2241 356,
1689 2217 1732 2233 ma
1751 2207 1765 2233 ὲ
1778 2216 1904 2234 erronea.
1943 2209 1982 2233 La

2012 1830 2044 1857 3⁵

2012 2045 2045 2070 40

131 2245 306 2278 penderebbe
325 2247 424 2271 lnvece
437 2253 487 2279 per
500 2246 527 2271 la
540 2248 594 2271 tesi
608 2246 654 2271 del
669 2245 838 2279 Brequigny.
852 2247 1030 2272 combanuta
1084 2257 1179 2274 nuova
1204 2250 1369 2282 spedizione
1388 2251 1432 2275 del
1451 2251 1623 2276 Barbarossa
1643 2258 1731 2276 aveva
1754 2252 1774 2276 il
1794 2251 1848 2275 fine
1868 2251 1896 2275 di
1922 2259 1982 2275 cac.-
2010 2260 2042 2284 45

75 2294 103 2321 ις
131 2287 179 2313 dai
198 2288 239 2313 La
259 2289 376 2320 Lum1a3
395 2288 516 2320 farebbe,
536 2288 607 2320 cioe,
625 2288 745 2314 stefano
764 2289 845 2322 figlio
860 2289 890 2314 di
903 2288 1030 2314 Roberto
1083 2292 1142 2316 einr
1156 2292 1202 2317 via
1216 2293 1227 2318 1
1240 2292 1389 2318 Bizantini
1402 2293 1438 2317 da
1451 2293 1583 2325 Ancona,
1598 2294 1738 2318 condurre
1751 2301 1766 2318 a
1780 2293 1872 2318 Roma
1886 2293 1981 2318 l'anti-

133 2330 248 2356 srttello
273 2331 303 2356 dl
328 2330 414 2364 Luigi
444 2331 504 2361 VII,
532 2331 582 2356 che
604 2330 691 2365 spos&
719 2332 839 2356 Haroise
865 2331 974 2357 vedova
999 2331 1030 2356 dl
1083 2342 1156 2367 papa
1174 2334 1312 2367 Pasquale
1333 2343 1348 2360 e
1367 2337 1549 2367 conquistare
1564 2336 1650 2360 infine
1663 2336 1768 2360 l’Itaiia
1782 2335 1981 2360 Meridionale.

131 2370 244 2398 Rotrou
264 2373 292 2398 11
316 2374 411 2398 morto
437 2373 481 2398 nel
511 2380 586 2406 1143.
623 2373 663 2398 La
690 2381 759 2399 voce
786 2374 946 2404 adolescens,
972 2374 1028 2406 egli
1170 2375 1181 2393 ⁴
1199 2376 1324 2402 Onon-13
1350 2377 1490 2406 Monmn,
1510 2378 1565 2403 loc.
1586 2379 1644 2406 cit„
1664 2386 1678 2403 e
1691 2378 1733 2410 gli
1747 2378 1868 2403 Annales
1884 2379 1980 2403 σεσω-

130 2414 200 2444 dIce.
219 2416 301 2440 mata
314 2414 361 2440 dal
374 2415 521 2441 Falcando
534 2423 584 2449 per
593 2417 709 2441 codesto
722 2416 841 2441 Stefana
856 2423 914 2440 non
928 2416 1029 2441 s’adat-
1084 2427 1172 2445 nenses
1185 2421 1215 2444 in
1229 2420 1271 2445 ΔΙ.
1285 2420 1320 2446 G,
1336 2421 1372 2445 H.
1387 2420 1447 2449 SS.‚
1460 2420 1535 2449 XIX,
1551 2421 1611 2452 285,
1625 2421 1778 2445 ricordano
1797 2421 1826 2445 in
1837 2421 1981 2452 quest‘im-

130 2457 243 2482 terebbe
257 2457 284 2482 al
302 2456 383 2490 figito
402 2458 431 2483 di
445 2457 559 2483 Rotrou
570 2458 606 2490 11,
620 2459 669 2483 che
684 2459 728 2483 nel
747 2458 812 2491 1167
826 2458 940 2483 sarebbe
952 2460 1030 2484 stato
1082 2468 1162 2494 presa
1180 2460 1325 2486 Ralnaldo
1345 2462 1375 2486 di
1394 2462 1503 2493 Dassel,
1523 2462 1546 2487 11
1566 2460 1753 2491 Cancefflere,
1778 2460 1929 2487 Cristiano
1949 2461 1979 2486 di
2010 2468 2044 2493 50

69 2716 102 2743 ²⁵

68 2931 104 2958 30

130 2498 182 2532 pii:
201 2500 251 2524 che
271 2499 519 2533 ventielnquenne.
556 2501 604 2525 Ma
623 2501 650 2525 la
672 2501 789 2525 nomina
810 2501 838 2525 di
865 2501 904 2525 lui
927 2508 942 2525 a
955 2499 1030 2526 Can-

131 2541 246 2567 celliere
259 2541 303 2567 del
324 2550 418 2575 regno,
439 2550 494 2568 con
513 2545 588 2568 tutte
608 2544 634 2568 ie
654 2544 780 2569 sfarzose
799 2544 831 2569 ed
852 2544 974 2569 insolite
988 2551 1031 2569 so-

131 2581 242 2609 lenuiti
260 2584 310 2609 che
330 2584 628 2618 l'sccompagnarono,
653 2587 786 2619 spiacque
806 2594 821 2610 a
847 2587 916 2611 tutti
937 2586 947 2611 i
967 2593 1029 2619 par-

130 2626 179 2651 titi
199 2626 250 2651 che
268 2626 439 2659 aspiravsno
458 2627 485 2651 ai
505 2629 612 2660 potere,
630 2635 645 2652 e
672 2628 773 2660 quindi
799 2628 888 2652 anche
914 2628 941 2653 al
967 2627 1031 2653 Fal-

131 2668 222 2693 cando
242 2668 292 2693 che
311 2670 415 2701 poteva
434 2669 630 2694 consideratio
649 2677 728 2694 come
748 2677 785 2695 un
798 2671 967 2703 giovanetto
981 2677 1031 2703 per

130 2709 334 2743 l’importanza
353 2710 523 2737 deli’ufficio.
560 2712 583 2736 E
606 2712 682 2736 della
696 2713 812 2737 nomina
826 2712 851 2737 si
864 2712 1029 2746 displacque

131 2751 220 2776 anche
237 2751 280 2781 R„
299 2752 349 2777 che
369 2759 428 2777 non
453 2753 528 2778 volle
554 2761 679 2787 neppure
706 2754 748 2778 far
775 2761 872 2787 sapere
898 2754 1030 2787 eom'egli

130 2793 247 2820 i’svesse
260 2795 396 2820 ordinato
409 2795 602 2825 suddiaconm
619 2795 730 2821 notizia
743 2796 794 2821 che
807 2797 956 2830 sappiamo
966 2796 1029 2822 solo

131 2837 177 2861 dal
197 2837 366 2867 mmmm,
384 2845 413 2871 p.
440 2845 498 2864 ιιι.

218 2878 229 2896 ³
247 2879 333 2912 noso,
354 2881 414 2907 Lib.
434 2882 548 2915 Pontg’fi,
566 2882 602 2913 11,
621 2889 688 2914 4¹4²
706 2883 787 2907 “....
799 2882 830 2907 In
845 2882 945 2907 diebus
960 2883 1028 2913 illis,

131 2922 219 2947 “cum
239 2923 330 2948 adhue
349 2923 379 2948 F.
402 2925 558 2957 Imperator
572 2924 714 2950 obsideret
728 2925 887 2955 Anconam,
907 2927 1029 2951 societas

129 2966 144 2981 ¹
154 2964 379 2991 Lombardorum
396 2966 428 2992 in
447 2967 592 2992 libertatis
611 2975 659 2992 sue
679 2967 826 2993 soliditate
854 2968 958 2993 fortius
982 2976 1030 2994 ro·

133 3007 266 3038 “bor-ta,
284 3007 402 3042 dignum
423 3009 505 3035 duxit
530 3012 562 3035 ut
581 3009 810 3035 Mediolanenses
831 3011 859 3034 in
880 3011 1027 3036 civitatem

75 3067 79 3073 .
130 3048 146 3086 „¹¹
158 3056 235 3075 susm
254 3050 381 3076 Domino
403 3052 563 3077 auxiliante
589 3052 741 3081 reduceret,
762 3054 792 3077 ut
819 3053 913 3078 diruta
933 3054 1027 3078 menia

1082 2504 1228 2538 Magonza,
1247 2505 1373 2530 Roberto
1387 2505 1418 2530 di
1436 2504 1594 2535 Loretello,
1614 2506 1729 2530 Andrea
1742 2505 1772 2529 di
1793 2505 1980 2537 Rupecanina

1083 2553 1097 2570 e
1116 2545 1256 2571 Riceardo
1277 2546 1305 2571 di
1327 2546 1432 2572 Fondi.

1169 2587 1180 2604 ⁵
1200 2588 1310 2614 Anum·
1328 2590 1452 2614 annota:
1482 2589 1508 2614 V.
1529 2589 1670 2621 Raynaldi
1688 2589 1828 2619 epistolam
1848 2589 1886 2612 ad
1905 2589 1980 2614 Colo—

1082 2631 1192 2662 nienses,
1208 2632 1271 2656 edit.
1286 2640 1302 2656 a
1327 2631 1355 2655 V.
1377 2631 1405 2656 C.
1427 2631 1591 2663 Sudendorf,
1612 2631 1773 2663 Regn’strum
1793 2632 1845 2655 etc.
1865 2630 1899 2659 11,
1922 2630 1979 2663 146,

1083 2681 1111 2699 n.
1129 2672 1172 2698 62.
1210 2673 1256 2699 Cf.
1277 2674 1362 2705 Boso,
1382 2674 1466 2698 Liber
1484 2673 1598 2706 Pontifi,
1626 2673 1660 2704 ΙΙ,
1682 2680 1708 2705 p.
1734 2672 1801 2705 416:
1828 2672 1840 2685 ‘¹
1909 2673 1981 2697 ,Hec

1082 2713 1199 2749 “igitur
1217 2717 1246 2740 at
1266 2715 1322 2740 alia
1344 2716 1517 2740 inminentia
1536 2715 1611 2740 mala
1636 2723 1699 2739 cum
1724 2715 1822 2739 beatus
1847 2715 1981 2747 pontifex

1085 2757 1340 2783 “consideratione
1364 2758 1491 2782 sollicita
1520 2758 1689 2789 previderet,
1715 2759 1781 2790 post
1806 2757 1881 2781 illud
1907 2759 1981 2782 exci-

1084 2799 1186 2825 “dium
1211 2800 1384 2834 popuii....
1409 2799 1528 2824 dimisso
1556 2799 1743 2824 Laternnensi
1772 2799 1892 2831 palatio,
1918 2807 1980 2823 cum

1083 2842 1243 2868 “fratribus
1269 2842 1328 2868 suis
1346 2844 1375 2867 et
1393 2850 1489 2867 eorum
1511 2842 1632 2867 familiis
1651 2841 1687 2866 ad
1707 2842 1783 2866 tutas
1798 2842 1897 2866 domos
1918 2841 1982 2865 Fra-

1082 2883 1247 2918 “gapanum
1261 2884 1416 2915 descendit,
1437 2886 1465 2909 et
1484 2884 1559 2917 apud
1580 2885 1706 2908 sanctam
1727 2884 1847 2908 Mariam
1869 2884 1979 2908 Novam

1083 2926 1135 2952 “et
1153 2926 1347 2952 Cartulariam
1367 2928 1450 2958 atque
1471 2925 1623 2950 Coloseum
1649 2933 1677 2950 se
1702 2933 1765 2950 cum
1790 2927 1832 2950 eis
1860 2927 1889 2951 ln
1916 2926 1980 2950 tuto

1085 2969 1098 2982 ¹¹
1108 2970 1223 3002 recepit.
1235 2986 1241 2993 .
1252 2985 1260 2993 .
1270 2987 1275 2994 .
1287 2986 1308 3000 ,.

1169 3010 1180 3026 ⁸
1201 3012 1328 3036 ΟττοΝκ
1348 3011 1487 3041 Mennim,
1512 3015 1553 3042 op.
1573 3011 1626 3039 cit..
1648 3019 1674 3043 p.
1693 3010 1754 3043 653.

2010 2680 2041 2706 55
