2398 3470
0 1388 12 1419 :a
0 1363 10 1380 ‚v
0 1225 9 1353 &ww-‚m
0 1178 5 1215 ,
0 1136 4 1147 ..
2 1126 5 1127 ,
0 1107 6 1118 ,.
0 1079 2 1098 μ

54 1638 96 1671 25

699 249 992 286 ROMUALDI
1019 247 1383 286 SALERNITANI

398 319 1007 329 ..nnn-omnm·n.nn..unnonnnunnun...nn-...n-.....
1011 316 1966 326 ..uu-...-...unu-u·-„nnn-..-----n---n---n---n...-n--n-u--a--nn--n--n--n—-u—

121 257 173 292 [Α.
192 257 228 286 c.
245 258 396 291 sss-³⁷³]

118 375 254 413 tempus
276 369 446 411 defuncto
469 367 589 402 Leone
622 377 767 401 romano
789 366 953 410 pontifice
967 368 989 406 ¹,
1012 365 1224 399 Benedictus
1245 364 1407 408 papalem
1430 365 1633 399 cathedram
1656 364 1747 398 sedit
1771 365 1869 398 annis
1899 363 1933 397 11
1946 363 1968 397 ².

209 421 291 461 Quo
313 421 483 457 defuncto
505 420 672 454 Nicolaus
693 419 886 463 pontificali
907 419 1077 452 cathedra
1099 418 1300 452 sublimatus
1316 423 1379 457 est,
1394 417 1552 462 seditque
1570 418 1669 451 annis
1683 418 1737 451 IX
1747 416 1771 450 ³.
1816 418 1885 451 Iste
1902 417 1971 450 Mi-

117 474 275 508 chaelem
296 473 611 508 excommunicauit
632 472 1059 515 constantinopolitanum
1082 472 1326 514 imperatorem
1349 476 1494 514 propter
1517 470 1645 514 Ignatii
1671 471 1869 514 patriarche
1884 470 1974 503 iniu-

118 533 204 561 stam
227 525 514 571 depositionem⁴3
538 524 921 567 excommunicauitque
943 524 1145 558 Lotharium
1158 533 1277 567 regern
1293 529 1439 567 propter
1451 523 1674 557 Gualderade
1686 523 1823 566 pellicis
1845 533 1906 556 sue
1917 534 1974 557 so-

53 580 71 612 5
118 579 281 614 cietatem
293 579 317 613 ⁵.
362 579 445 613 Non
467 579 575 612 multo
599 584 678 621 post
699 577 794 611 idern
818 576 1006 610 Lotharius
1029 587 1092 610 rex
1114 588 1178 620 per
1200 575 1334 610 Italiam
1356 576 1499 608 ueniens
1522 576 1683 616 Romam,
1706 582 1854 619 accepta
1876 577 1977 619 peni-

118 633 235 672 tentia,
251 639 406 667 mortuus
421 638 474 666 est
486 631 508 665 ⁸.
556 631 623 666 Cui
644 630 846 664 Ludouicus
869 641 981 673 nepos
1003 631 1087 670 eius,
1103 630 1240 674 genitus
1253 639 1338 662 uero
1354 629 1474 662 Caroli
1488 630 1723 672 imperatoris,
1736 631 1773 663 in
1789 629 1975 672 imperium

119 685 219 719 Italie
242 685 477 724 substituitur3
500 686 537 718 in
561 684 677 724 Gallia
699 689 815 717 autem
839 683 994 717 eiusdem
1015 683 1151 717 Lotarii
1172 693 1317 727 regnum
1341 682 1487 716 Carolus
1510 688 1544 715 et
1566 682 1770 716 Ludouicus
1786 683 1974 716 Germanie

117 749 180 772 rex
201 738 292 771 inter
314 749 351 772 se
374 738 538 773 diuidunt
549 737 572 772 ⁷.

205 790 310 825 Anno
334 791 509 825 dominice
530 790 780 824 incarnationis
801 789 1010 824 DCCCLVI
1032 790 1179 823 Basilius
1195 795 1427 833 cognomento
1443 789 1767 824 Paracemomenus.
1783 800 1886 833 quem
1903 788 1972 822 Mi-

57 846 95 878 10
118 844 220 878 chael
244 845 436 878 Grecorum
457 844 648 887 imperator
670 843 706 876 in
730 843 940 876 consortium
964 843 1098 886 imperii
1121 842 1494 885 Constantinopolitani
1517 843 1696 881 ascirerat,
1724 843 1882 875 eumdem
1905 843 1975 876 Mi-

118 898 275 932 chaelem
298 897 382 934 dolo
404 897 584 931 interfecit
606 902 643 930 et
661 896 846 939 imperium
869 896 933 930 sibi
958 895 1116 939 arripuit.
1161 895 1296 929 Eodem
1320 901 1478 938 tempore
1502 895 1774 929 Sarracenorum
1797 896 1974 930 exercitus

117 951 164 984 ad
186 951 371 984 ecclesiam
393 950 508 984 sancti
529 949 717 984 Michaelis
738 949 775 982 in
798 955 915 982 monte
939 949 1103 994 Gargano
1133 955 1362 992 perrexerunt
1394 954 1430 982 et
1459 949 1585 982 multos
1616 950 1675 992 qui
1710 950 1756 982 ad
1782 950 1973 982 orationem

117 1009 354 1039 conuenerant
377 1003 610 1047 depredantes
631 1001 815 1035 redierunt
827 1001 850 1035 ⁸.
896 1002 1034 1036 Interea
1056 1002 1170 1036 Rome
1193 1002 1362 1036 Nicolaus
1377 1012 1470 1053 papa
1484 1002 1691 1046 defungitur
1706 1008 1742 1035 et
1757 1003 1924 1036 successit
1940 1003 1974 1035 ei

119 1056 318 1091 Hadrianus
342 1056 403 1100 qui
425 1056 517 1090 sedit
538 1056 638 1089 annis
663 1054 732 1089 V’.

57 1110 94 1143 15
208 1108 313 1143 Auno
336 1109 512 1144 dominice
535 1109 784 1143 incarnationis
806 1107 1053 1143 DCCCLXXI
1080 1109 1225 1143 Carolus
1254 1109 1441 1152 imperator
1471 1108 1610 1142 Uienna
1639 1110 1677 1142 in
1707 1119 1770 1142 sua
1803 1114 1975 1152 potestate

118 1168 277 1206 accepta,
301 1161 556 1196 Nordman'nos
571 1162 770 1206 perdomuit
792 1162 970 1205 accipiens
986 1161 1124 1196 obsides
1140 1162 1258 1206 quales
1274 1162 1423 1205 quesiuit
1437 1162 1471 1211 }⁰.
1518 1162 1719 1195 Ludouicus
1734 1167 1849 1196 autem
1865 1162 1975 1195 frater

119 1215 193 1251 eius
216 1215 404 1256 Germanic
426 1226 490 1249 rex
512 1215 633 1249 habuit
655 1215 745 1248 filios
766 1215 985 1248 Ludouicum
1008 1221 1045 1249 et
1066 1214 1229 1249 Carolum
1252 1221 1287 1248 et
1309 1214 1579 1248 Carlomannum
1593 1215 1628 1248 ¹¹.
1673 1215 1876 1248 Ludouicus
1891 1226 1975 1248 uero

119 1268 220 1302 Italic
242 1268 430 1312 imperator
453 1268 510 1302 die
532 1274 753 1312 pentecostes
774 1268 889 1302 Rome
913 1269 1007 1311 apud
1029 1268 1264 1302 Lateranense
1288 1268 1456 1311 palatium
1479 1268 1523 1301 ab
1546 1267 1728 1302 Hadriano
1751 1279 1843 1312 papa
1875 1278 1974 1302 coro-

119 1327 220 1355 natus
241 1321 341 1355 est¹².
375 1320 456 1354 =Hic
479 1322 579 1355 hoste
603 1321 754 1355 collecta
777 1320 933 1365 Capuam
956 1322 1062 1359 uenit,
1086 1328 1123 1355 et
1145 1331 1208 1365 per
1234 1321 1474 1354 Beneuentum
1496 1322 1533 1354 in
1559 1321 1722 1364 Apuliam
1753 1327 1881 1355 cuncta
1911 1322 1977 1355 sibi

56 1375 99 1416 20
122 1383 355 1419 componens3
378 1374 439 1418 qui
461 1384 531 1407 non
554 1373 662 1407 multo
684 1380 764 1418 post
786 1380 941 1407 mortuus
963 1379 1015 1407 est
1029 1372 1063 1407 ¹⁸.
1087 1373 1222 1407 Eodem
1246 1383 1338 1407 anno
1360 1374 1564 1408 Ludouicus
1588 1374 1775 1407 Germanic
1791 1386 1854 1408 rex
1868 1375 1974 1408 filium

119 1437 216 1460 suum
240 1427 403 1461 Carolum
424 1427 462 1460 in
485 1427 620 1460 Italiam
642 1426 736 1461 misit
757 1427 817 1470 qui
840 1438 916 1460 eam
940 1427 1088 1470 optinuit
1101 1427 1136 1460 ¹⁴.
1184 1425 1265 1465 Quo
1289 1433 1446 1469 tempore
1469 1427 1615 1460 Basilius
1630 1434 1731 1470 pater
1746 1427 1977 1467 Constantini,

120 1486 154 1513 et
175 1479 306 1513 Leonis
327 1479 749 1523 Constantinopolitanum
773 1480 944 1524 regebunt
967 1480 1160 1523 imperium.

207 1533 348 1575 Interea
370 1533 566 1567 Hadrianus
588 1543 681 1576 papa
701 1539 857 1567 mortuus
879 1539 930 1567 est
953 1538 988 1566 et
1012 1533 1182 1566 Iohannes
1204 1543 1345 1567 romane
1358 1534 1510 1567 ecclesie
1526 1534 1797 1568 archidiaconus
1812 1534 1849 1567 in
1867 1534 1980 1568 locum

121 1586 194 1619 eius
216 1585 434 1620 substituitur
446 1584 480 1618 ¹⁶.

208 1639 313 1673 Anno
336 1639 509 1672 dominice
525 1638 775 1672 incarnationis
789 1639 1064 1680 DCCCLXXV,
1079 1640 1270 1673 indictione
1282 1640 1378 1674 V111.
1424 1641 1568 1674 Carolus
1585 1641 1776 1684 imperator
1792 1652 1812 1674 a
1827 1641 1982 1675 Iohanne

120 1702 213 1736 papa
233 1692 400 1726 inuitatus
422 1692 572 1726 Romam
595 1692 701 1732 uenit,
725 1703 745 1725 a
768 1703 838 1736 quo
862 1699 1047 1726 coronatus
1069 1699 1104 1726 et
1126 1693 1364 1727 Romanorum
1392 1694 1583 1737 imperator
1598 1695 1792 1738 appellatus
1808 1701 1862 1728 est
1869 1707 1879 1734 3
1903 1695 1977 1739 qui-

210 1830 236 1856 3.
255 1825 487 1850 excomunicsuit
506 1825 531 1850 C
547 1838 580 1843 —
599 1834 626 1858 4.
644 1815 745 1858 pelicis
765 1827 789 1851 C
806 1840 838 1845 --
859 1832 883 1858 5.
901 1832 951 1851 rex
970 1825 1083 1850 Italiam
1096 1826 1214 1851 ueniens
1235 1827 1258 1851 C
1274 1840 1308 1846 —
1328 1826 1352 1852 6.
1371 1827 1535 1852 Lodouicus
1556 1829 1579 1853 C
1597 1841 1629 1846 --
1653 1835 1693 1854 10.
1712 1828 1810 1853 eodem
1824 1835 1902 1854 anno
1915 1829 1939 1853 Α
1954 1830 1979 1853 Β

123 1881 156 1887 -
179 1875 220 1894 11.
238 1870 424 1901 perrexerunt
446 1870 469 1894 C
486 1883 520 1888 —
540 1876 582 1896 12.
600 1872 740 1896 uenerant
762 1870 785 1895 C
801 1884 834 1888 —
858 1877 899 1903 13.
917 1870 1064 1896 Adrianus
1085 1871 1108 1895 C
1125 1884 1158 1889 —-
1180 1877 1220 1904 14.
1239 1871 1327 1896 Anno
1346 1872 1456 1897 domini
1478 1873 1503 1899 c
1520 1886 1553 1890 ——
1575 1880 1615 1906 ¹5·
1628 1873 1813 1899 Non-mannos
1833 1874 1885 1898 Be
1898 1874 1979 1898 Sasso

125 1925 158 1931 —
173 1911 214 1938 18.
233 1912 365 1939 Adriano
388 1914 412 1939 C
427 1928 461 1933 —
481 1920 523 1939 21.
541 1914 632 1940 filium
652 1914 790 1941 Carolum
809 1916 835 1940 Α
855 1916 882 1940 Β
899 1928 910 1934 -
929 1915 1059 1940 obtinuit
1078 1916 1105 1940 B
1122 1924 1136 1940 e
1156 1916 1236 1941 Sasso
1255 1930 1287 1935 —
1308 1923 1349 1949 23·
1369 1916 1491 1942 Ioannes
1512 1918 1592 1943 Sasso
1612 1931 1645 1936 —
1666 1924 1708 1950 25.
1727 1918 1816 1943 Anno
1835 1919 1870 1944 ab
1886 1920 1978 1943 incar-

125 1958 243 1984 natione
262 1957 383 1984 Domini
403 1959 438 1989 C;
458 1959 620 1984 indictione
638 1959 706 1985 VIII
723 1960 750 1985 A
769 1961 795 1985 B
814 1968 907 1985 manca
927 1973 936 1978 -
956 1959 1062 1985 Ioanne
1089 1960 1168 1985 Sasso

58 2032 72 2059 5
208 2026 217 2044 ¹
235 2027 310 2053 H1nc
330 2028 445 2063 collige,
462 2029 617 2056 Romuaidi
637 2038 708 2056 aevo
722 2030 848 2055 nondum
859 2033 1020 2056 enarratam

114 2070 262 2102 johannae
288 2072 427 2104 papissae,
451 2071 500 2097 hic
527 2073 711 2105 postmodum
736 2073 857 2104 locatae,
886 2073 1020 2103 fabulam,

120 2119 202 2144 quam
216 2112 250 2141 is.
269 2115 430 2139 commenta
444 2114 502 2140 alia
516 2115 646 2140 credulae
658 2115 845 2147 antiquitasss
856 2115 1019 2140 fidelissime

1073 2034 1113 2062 op.
1133 2032 1188 2061 cit„
1206 2030 1242 2061 H,
1261 2039 1290 2064 p.
1308 2031 1369 2065 364.

1074 2114 1088 2128 “
1100 2117 1242 2140 revertens
1262 2117 1293 2141 ln
1312 2116 1462 2143 Placentia
1480 2118 1557 2144 obiit
1564 2135 1587 2150 „.
1608 2118 1654 2144 Cf.
1673 2126 1742 2152 pure
1760 2119 1889 2144 Annua.»-
1904 2119 1975 2144 Ban-

2062 257 2128 278 Μυι.
2140 263 2160 277 c.
2173 262 2210 281 159

2019 363 2095 383 Leone
2109 362 2163 383 IIII
2170 364 2195 387 p.

2018 390 2031 415 †
2047 395 2071 414 ¹⁷
2085 395 2139 420 atys·
2155 391 2195 415 85⁵

2020 416 2159 437 Benedictus
2173 416 2212 436 III

2026 444 2090 468 papa
2105 444 2193 468 855-858

2023 470 2135 490 Noeomus
2150 470 2211 494 papa

2081 497 2158 521 858-67

2029 575 2156 595 Lotharius
2172 575 2201 595 II

2046 607 2094 621 rex
2107 602 2119 626 †
2133 603 2173 626 869

2024 1001 2136 1022 Nicotaus
2151 1003 2213 1026 papa

2024 1029 2037 1053 †
2052 1034 2076 1053 ¹³
2090 1034 2144 1049 nov.
2160 1029 2198 1053 867

2022 1054 2161 1075 Hadrianus
2176 1055 2204 1075 ΙΙ

2030 1083 2092 1106 papa
2106 1083 2195 1107 867-872

2025 1178 2044 1193 c.
2060 1179 2099 1196 19⁴
2114 1180 2127 1192 η

2031 1534 2169 1554 Hadrianus
2183 1535 2209 1554 ΙΙ

2054 1562 2080 1586 p.
2095 1561 2108 1586 †
2123 1562 2162 1586 872

2026 1587 2141 1607 Iohannes
2158 1588 2216 1608 VIII

2023 1615 2085 1639 papa
2095 1614 2108 1639 †
2117 1615 2206 1639 872-882

2034 1640 2130 1661 Carolus
2156 1641 2207 1662 Cal-

2040 1673 2082 1687 vus
2096 1668 2148 1692 imp.
2164 1674 2190 1693 25

2059 1694 2108 1714 dec.
2125 1696 2164 1719 875

1161 2070 1173 2088 ⁶
1192 2074 1311 2099 Annales
1330 2075 1543 2106 Einsidlensens‚
1563 2084 1608 2101 an.
1633 2075 1700 2110 869:
1723 2076 1903 2102 “Lotharius
1928 2085 1977 2102 rex
2004 2085 2039 2111 30

121 2161 266 2186 enarrans,
292 2155 412 2180 minime
439 2156 643 2189 praeteriisset,
675 2158 699 2182 si
732 2157 848 2182 eandem
873 2156 1020 2182 Marianus

121 2196 232 2229 scotus,
243 2197 293 2222 aut
305 2198 446 2224 vetustior
455 2197 562 2231 aliquis
573 2200 696 2233 scriptor
706 2200 800 2224 literis
813 2200 1019 2233 consignasset.

62 2246 94 2265 ιο
122 2237 198 2263 Nota
216 2237 309 2264 Sasso.

209 2277 223 2296 ⁸
242 2280 274 2305 L.
294 2281 337 2312 P„
355 2280 391 2310 Π,
412 2287 463 2314 140
481 2290 496 2307 e
516 2290 588 2315 seg.:
610 2282 710 2308 “sedit
735 2290 801 2308 ann.
824 2282 851 2307 11
876 2290 962 2308 mens.
981 2282 1021 2307 VI

125 2321 138 2335 u
150 2321 211 2347 dies
233 2321 260 2347 X
269 2338 295 2355 „-

208 2361 220 2380 ³
237 2363 322 2394 Inna,
341 2364 376 2396 11,
399 2371 447 2398 151
468 2373 483 2390 e
502 2373 574 2399 seg.:
594 2365 673 2392 “....

123 2404 172 2430 “11
190 2405 251 2431 dies
270 2405 324 2431 XX
333 2423 358 2437 ,.

693 2366 767 2392 sedit
785 2373 853 2392 ann.
876 2366 915 2392 IX
934 2374 1020 2392 mens.

26 2456 27 2459 ¹
63 2457 94 2485 15
211 2445 223 2463 ⁴
242 2447 329 2478 Inna,
341 2447 377 2478 11,
399 2447 450 2481 158
467 2457 482 2474 e
502 2457 558 2482 seg.
572 2463 604 2467 —
626 2450 685 2475 Vita
698 2450 818 2482 Ναὶ-αἰαῖ,
832 2450 861 2482 §§
874 2450 1021 2477 XXXVIII

121 2496 138 2515 a
157 2488 242 2515 XLII.
261 2489 363 2519 Questi
383 2491 579 2516 avvenimenti
599 2493 625 2517 si
644 2492 817 2519 riferiscono
837 2491 948 2518 211’866.
975 2492 1022 2519 Cf.

117 2529 218 2564 Jamffit,
238 2532 312 2565 Reg.
332 2533 410 2558 Rom.
428 2532 504 2558 Post.
526 2541 554 2559 n.
573 2532 651 2559 2821.

211 2571 222 2590 ὓ
239 2572 327 2604 Imm
344 2573 381 2606 11,
400 2574 454 2604 loc,
474 2575 522 2600 cit.
541 2575 570 2607 ἐξ
588 2575 679 2601 XLIV
697 2583 712 2601 e
730 2576 825 2601 XLVn
853 2577 929 2603 '‘....
948 2577 1023 2602 Wal-

126 2616 139 2630 “
150 2616 237 2641 drada
251 2616 410 2642 concubina
422 2617 454 2642 In
468 2618 682 2643 matrimonium
697 2620 840 2651 sumpta..
849 2638 855 2645 .
865 2637 872 2645 .
884 2636 908 2651 „.
945 2619 1021 2645 'rnn-

1 2650 32 2695 ι”χν
62 2666 98 2686 20
122 2660 154 2684 to
172 2660 273 2691 questo
292 2658 343 2684 che
361 2659 383 2684 ii
403 2659 570 2692 precedente
588 2659 623 2686 R.
641 2660 733 2694 ripete
759 2661 842 2693 quasi
869 2661 942 2687 coiie
968 2668 1022 2686 me-

124 2695 229 2726 desime¹
249 2701 348 2734 parole
366 2700 412 2726 del
432 2700 518 2728 Card.
536 2702 650 2727 Bosone
664 2703 740 2728 neila
754 2702 821 2729 Vita
832 2704 863 2729 dl
876 2703 1021 2738 Gregorio

124 2741 190 2767 vn:
210 2741 223 2756 ¹
234 2742 377 2775 Nycolaus
395 2751 506 2776 quoque
524 2743 671 2770 Romanus
689 2745 821 2778 pontifex
842 2746 915 2772 duos
934 2747 1020 2779 impe-

127 2782 140 2798 ¹
152 2786 260 2809 ratores
284 2791 342 2809 uno
361 2785 515 2818 eodemque
533 2787 660 2819 tempore
677 2788 946 2818 excommunicavit,
966 2789 1020 2814 Mi-

127 2826 141 2841 ⁹
151 2826 275 2851 chaelem
294 2826 431 2852 videlicet
450 2828 629 2860 orientalem,
648 2831 765 2862 propter
782 2829 926 2863 Ignatium
946 2830 1022 2857 Con-

5 2895 10 2899 „
39 2902 41 2904 η
64 2877 97 2905 ²5
128 2868 452 2902 “stantInopoiltanum
480 2871 644 2904 epIsoopum
674 2872 737 2898 sine
766 2873 876 2899 iudicio
906 2881 978 2907 pape
1007 2881 1024 2899 a

128 2911 141 2925 ⁸
153 2911 217 2937 sede
236 2918 284 2937 sua
304 2912 433 2942 eiectum,
453 2914 480 2937 et
499 2913 648 2939 Lotarium
672 2914 889 2945 occidentalem,
908 2918 1025 2950 propter

126 2951 315 2979 ‘Guaidrade
333 2954 446 2988 pellicis}
468 2963 515 2981 sue
533 2956 699 2981 socletatem
711 2974 735 2988 ,,.
755 2956 801 2983 Cf.
820 2958 874 2983 Les
899 2959 956 2983 vies
979 2960 1025 2984 des

123 2999 209 3028 perpes
228 2996 354 3029 rldt'gels
368 3000 425 3027 par
448 2998 472 3022 le
494 2998 629 3038 Cardr'nal
641 2998 728 3023 Boron
741 3001 793 3025 etc.
807 3001 838 3025 in
852 3000 1024 3031 Ducnzsmt,

259 3084 292 3110 T.
312 3083 372 3115 VII,
391 3093 418 3118 p.
440 3092 452 3110 1
475 3100 506 3105 —
529 3093 568 3111 ιι.

1072 2165 1214 2189 Gonu-1⁵,
1236 2160 1372 2191 Historia,
1393 2167 1407 2194 7
1428 2169 1473 2195 op.
1494 2162 1542 2187 cit.
1562 2170 1589 2195 p.
1610 2161 1670 2187 226.

1161 2199 1172 2217 ⁷
1190 2201 1277 2232 bau,
1301 2203 1382 2235 Idem,
1401 2210 1447 2228 an.
1467 2203 1517 2236 875
1538 2212 1554 2229 e
1572 2212 1629 2238 seg.
1649 2212 1676 2238 p.
1697 2207 1746 2231 cit.

1160 2242 1171 2260 ⁸
1195 2244 1324 2270 Chronica
1343 2246 1371 2271 S.
1393 2247 1537 2272 Benedicti
1555 2248 1716 2278 Casinensis,
1735 2248 1764 2280 ἐς
1785 2256 1815 2274 u
1836 2257 1852 2274 e
1875 2255 1917 2275 η.
1935 2251 1976 2275 M.

1079 2286 1109 2311 G.
1132 2286 1179 2317 H..
1199 2286 1251 2313 SS.
1271 2288 1307 2313 R.
1326 2288 1450 2321 Langob.
1468 2293 1497 2314 et
1515 2290 1589 2319 Ital..
1610 2292 1658 2316 cit.
1678 2298 1725 2325 pp.
1745 2296 1797 2324 474
1815 2299 1830 2316 e
1849 2297 1891 2324 75.
2004 2297 2036 2324 35

1161 2326 1173 2344 ⁹
1191 2329 1224 2354 L.
1243 2329 1287 2358 P..
1306 2329 1340 2360 11,
1363 2335 1422 2364 173.

1162 2367 1184 2386 ¹⁰
1203 2371 1279 2401 Ano,
1301 2372 1455 2402 Chronica,
1474 2373 1517 2399 M.
1544 2374 1574 2398 G.
1595 2375 1642 2404 H„
1661 2374 1713 2400 SS.
1732 2373 1768 2404 11,
1787 2382 1814 2407 p.
1834 2380 1896 2407 3²2·

1161 2409 1182 2429 ¹¹
1201 2413 1301 2438 Domus
1316 2415 1509 2448 Carolingicae
1528 2416 1696 2449 Genealogia
1709 2417 1740 2441 in
1755 2417 1796 2442 M.
1816 2417 1845 2442 G.
1862 2418 1909 2446 H„
1924 2417 1975 2443 SS.

1073 2453 1107 2484 11,
1126 2461 1153 2488 p.
1179 2461 1239 2487 3¹²·

1164 2494 1186 2512 ¹²
1204 2496 1456 2530 Eacnnurnn'rus,
1469 2499 1543 2525 Hist.
1557 2501 1647 2533 Lang.
1661 2501 1773 2530 Benev„
1789 2501 1838 2526 cit.
1851 2507 1884 2534 32
1899 2509 1913 2526 e
1926 2508 1974 2534 33;
2004 2511 2039 2536 ⁴⁰

1075 2539 1132 2564 vol.
1152 2540 1202 2564 clt.
1220 2547 1246 2573 p.
1268 2539 1320 2572 246
1338 2548 1353 2565 e
1373 2546 1433 2573 247.

1162 2578 1184 2596 ¹³
1203 2581 1323 2607 Annales
1343 2583 1581 2616 lVirzn'burgenses,
1600 2585 1640 2609 M.
1658 2585 1691 2610 G.
1708 2586 1754 2616 H„
1767 2585 1826 2616 SS.,
1840 2585 1899 2610 vol.
1916 2587 1973 2615 cit„

1073 2629 1099 2655 p.
1114 2628 1180 2655 2413
1199 2630 1246 2649 an.
1271 2622 1338 2657 876:
1366 2624 1558 2650 “Ludewicus
1584 2633 1633 2650 rex
1656 2624 1826 2652 Germaniae
1851 2627 1926 2652 obiit
1958 2634 1971 2659 5

1075 2663 1156 2689 “kai.
1175 2666 1358 2699 septembris:
1385 2674 1438 2700 pro
1465 2675 1522 2701 quo
1548 2668 1624 2692 iilius
1644 2668 1705 2693 eius
1724 2669 1846 2694 Karolus
1878 2671 1976 2695 iunior

1075 2704 1089 2718 ⁸
1103 2713 1165 2731 cum
1198 2707 1332 2733 fratribus
1365 2709 1562 2735 Karlomanno
1593 2711 1621 2735 et
1654 2710 1808 2736 Ludewico
1839 2713 1970 2745 regnavit
2005 2723 2038 2749 45

1076 2747 1089 2762 “
1100 2756 1191 2774 annos
1208 2749 1236 2774 11
1245 2767 1270 2782 η.

1164 2789 1185 2807 ¹⁴
1203 2792 1323 2818 Annales
1350 2794 1494 2823 Vedastini,
1514 2802 1560 2820 an.
1574 2794 1642 2828 875:
1663 2794 1677 2808 “
1688 2795 1867 2821 Hludovicus
1891 2798 1978 2829 impc-

1080 2832 1183 2858 “rator
1202 2834 1286 2860 obiit.
1305 2835 1428 2861 Karoius
1447 2844 1495 2862 rex
1514 2836 1629 2862 ltaliam
1650 2838 1783 2870 perrexit,
1796 2840 1825 2863 et
1838 2846 1904 2871 pars
1924 2847 1979 2863 ma-

1080 2874 1182 2900 “xima
1208 2877 1363 2902 multitudo
1390 2878 1515 2904 eiusdem
1541 2880 1707 2911 provintiae
1732 2887 1793 2905 eum
1823 2888 1886 2905 cum
1913 2888 1980 2914 pace

1080 2915 1093 2930 ‘⁴
1103 2918 1216 2950 excepit
1227 2935 1252 2949 η.

1169 2958 1190 2975 ¹⁵
1211 2961 1243 2985 L.
1263 2961 1306 2991 R,
1325 2961 1358 2991 11,
1380 2969 1428 2987 221
1444 2970 1459 2988 e
1473 2970 1544 2996 εαξη
1559 2963 1612 2996 (Le
1627 2963 1640 2976 ⁸
1653 2965 1722 2989 liber
1735 2965 1905 2999 Ponti-'siculis
1916 2984 1930 2999 ἣ
1945 2967 1978 2991 dc

1079 3003 1177 3028 Pierre
1203 3004 1377 3037 Guillaume).

2008 2935 2042 2961 50
