2398 3470
0 206 14 264 ζ
99 230 184 269 [ΛΑ.
203 239 246 260 m.
265 228 460 265 swa-³37⁵]
869 219 1191 259 CHRONICON
1914 214 1963 255 23
1993 230 2196 256 ›su-..cmm
2226 268 2228 271 v

1021 294 1965 301 .m.„fflfflmm-

97 353 223 387 uidens
245 354 425 387 imminens
449 354 625 388 excidium
650 353 810 392 ciuitatis,
835 358 869 385 et
892 352 1095 396 intelligens
1118 353 1186 385 hoc
1210 352 1283 384 sine
1308 351 1362 383 ira
1384 351 1451 383 Dei
1476 361 1550 384 esse
1573 361 1644 384 non
1667 361 1781 394 posse,
1797 351 1869 384 uita
1886 361 1970 384 con-

2 427 12 443 s
96 413 227 450 tempta
251 417 330 440 cum
362 408 496 442 honore
519 407 663 451 proprio
694 407 786 439 ultro
810 416 848 438 se
871 406 1024 449 protulit,
1056 405 1270 448 tradiditque
1301 404 1461 438 manibus
1491 404 1640 437 hostium
1672 415 1752 437 cum
1783 405 1968 449 aliquantis

21 491 33 497 ,,
96 460 313 503 principibus
337 461 498 501 ciuitatis,
521 472 565 494 ne
582 460 702 502 ciuitas
719 460 911 499 diruentur,
929 470 995 492 nec
1012 459 1177 502 templum
1194 458 1310 491 hostili
1326 458 1515 491 uastationi
1540 458 1814 491 combureretur.
1860 457 1970 497 Quod

12 493 39 620 ἑᾷ
97 514 269 557 aspiciens
290 515 460 547 Dominus
483 515 578 547 Deus
600 513 702 547 solita
724 513 852 555 pietate
878 519 1083 553 commotus,
1106 512 1230 545 furiosi
1253 511 1346 556 regis
1369 511 1701 545 Nabuchodonosor
1723 512 1858 546 animos
1880 512 1971 545 miti-

54 565 73 600 5
96 567 202 611 gauit,
225 573 330 611 atque
353 568 518 608 frenauit,
541 577 584 600 ne
608 572 667 599 aut
689 565 864 610 subjectos
888 566 1081 604 occideret,
1105 571 1165 598 aut
1189 565 1365 598 ciuitatem
1389 564 1553 603 dirueret,
1570 565 1811 608 templumque
1828 565 1973 598 combu-

31 621 35 626 ‘
95 627 198 654 reret.
243 621 406 665 Joachim
428 631 513 654 uero
537 620 771 664 prospiciente
794 619 971 652 Domino·
961 631 998 652 1n
1015 618 1210 663 Babylonia
1225 619 1415 652 honoratus
1431 624 1494 658 est,
1510 624 1614 661 atque
1632 618 1790 651 sublimis
1807 619 1969 659 effectus,

96 674 188 708 filius
211 685 361 720 namque
385 675 712 709 Nabuchodonosor
733 673 843 717 major
866 679 959 712 natu,
984 673 1043 716 qui
1066 673 1134 706 fuit
1156 672 1438 713 Euuilmerodac,
1454 683 1536 705 mox
1552 682 1596 705 ex
1612 682 1681 716 quo
1698 683 1847 716 regnare
1864 674 1969 716 cepit,

95 728 281 762 honorauit
304 740 393 769 eum,
416 735 452 762 et
474 728 588 761 multis
612 727 837 772 dig-nitatibus
862 727 1044 759 decorauit
1068 726 1226 759 omnibus
1251 725 1376 759 diebus
1391 726 1463 759 uite
1481 726 1564 770 ejus.
1611 725 1780 759 Sedecias
1796 737 1894 766 uero,
1910 727 1969 770 qui

94 781 130 814 in
153 782 370 815 Hierusalem
394 793 456 815 rex
479 783 595 815 fuerat
618 781 826 814 constitutus
849 786 927 823 post
949 780 1123 824 Joachim,
1148 790 1228 813 cum
1243 780 1406 813 hortante
1422 779 1599 812 Hieremia
1614 780 1789 822 propheta
1804 786 1842 812 ut
1858 780 1971 813 exiret

0 865 3 879 Ἰ,
33 835 74 869 10
97 835 142 868 ad
163 845 283 880 regem
307 836 488 869 Babilonie
512 835 642 868 ibidem
664 840 786 878 postea
809 834 1008 867 uenientem
1032 834 1126 866 exire
1144 833 1328 872 noluisset;
1353 834 1428 876 ipse
1446 833 1537 866 male
1553 833 1667 876 periit,
1684 839 1720 866 et
1736 833 1846 866 omnis
1863 834 1972 867 inter-

0 883 2 925 )
95 888 191 922 fecta
214 895 266 922 est
289 884 365 934 ej'us
387 889 578 933 generatio,
603 894 638 921 et
662 887 785 921 ciuitas
807 887 972 920 uniuersa
994 887 1108 921 diruta
1131 893 1194 927 est,
1216 887 1455 930 templumque
1479 886 1712 926 combustum:
1741 897 1842 921 senes
1865 888 1969 921 etiam

96 953 175 975 cum
194 942 380 986 juuenibus
402 943 477 975 sine
500 942 616 985 aliqua
639 940 880 975 misericordia
902 941 1113 974 furiosorum
1136 941 1263 985 gladiis
1286 941 1467 974 interfecti
1491 947 1571 975 sunt
1593 941 1629 974 in
1658 941 1808 982 circuitu
1839 941 1971 984 templi,

95 1001 132 1029 et
152 996 283 1029 san'cta
306 995 424 1029 omnia
447 995 629 1039 impiorum
653 994 812 1028 manibus
834 994 1039 1038 perquisita,
1063 1004 1106 1027 ac
1130 994 1204 1027 sine
1227 1004 1324 1026 more
1348 993 1485 1027 sublata
1508 1000 1597 1034 sunt,
1628 999 1667 1027 ut
1698 994 1733 1026 in
1763 993 1968 1027 Babilonem
2021 1020 2026 1025 .

95 1049 376 1082 transferrentur.
422 1048 574 1082 Babilon
598 1048 797 1082 autem.fuit
813 1047 1017 1091 metropolis
1034 1047 1272 1081 Chaldeorum
1289 1048 1388 1092 cujus
1403 1057 1467 1080 rex
1482 1047 1813 1081 Nabuchodonosor
1836 1048 1971 1081 cunctis

35 1100 73 1136 15
96 1112 206 1146 usque
229 1103 275 1135 ad
297 1102 497 1145 Ethiopiam
520 1101 683 1146 gentibus
705 1101 877 1145 superatis
892 1102 983 1134 inter
1001 1107 1136 1134 ceteras
1153 1101 1305 1134 uastauit
1320 1101 1470 1145 Judeam
1487 1101 1617 1144 diuque
1640 1101 1829 1135 obsessam.
1875 1102 1971 1134 Ieru-

96 1155 204 1189 salem
225 1156 410 1189 undecimo
435 1166 526 1188 anno
551 1156 645 1198 cepit
669 1155 828 1194 Sedecie,
853 1165 956 1198 quem
980 1160 1015 1188 et
1038 1155 1150 1198 ipsum
1175 1160 1317 1198 captum
1342 1155 1439 1187 duxit
1460 1154 1701 1195 Antiochiam,
1725 1166 1793 1199 que
1809 1161 1893 1189 tunc
1909 1165 1972 1188 uo-

98 1209 242 1243 cabatur
263 1209 451 1249 Reblatha‚
476 1210 593 1254 ibique
617 1220 736 1242 coram
759 1214 859 1251 patre
882 1209 962 1241 filiis
984 1208 1182 1242 interfectis
1207 1208 1330 1241 oculos
1353 1208 1506 1242 Sedecie
1536 1209 1638 1253 jussit
1668 1209 1799 1242 auferri
1824 1219 1975 1242 exceca-

96 1269 238 1307 tumque
260 1264 352 1297 misit
374 1263 408 1296 in
434 1273 590 1303 caueam,
614 1269 649 1296 et
673 1263 710 1295 in
733 1263 803 1296 ritu
826 1263 980 1295 ferarum
1004 1262 1108 1295 traxit
1130 1262 1167 1295 in
1190 1262 1410 1296 Babiloniam
1424 1264 1447 1296 ¹.
1494 1263 1648 1302 Quando
1680 1268 1796 1296 autem
1820 1273 1842 1295 a
1865 1261 1973 1295 Chal-

2 1297 9 1362 i
98 1316 173 1350 deis
195 1317 379 1360 captiuata,
404 1323 439 1350 et
461 1323 595 1350 uastata
618 1323 670 1350 est
693 1317 893 1356 Ierusalem,
916 1323 998 1349 tunc
1022 1316 1201 1350 mandauit
1225 1315 1554 1350 Nabuchodonosor
1576 1327 1639 1349 rex
1654 1316 1873 1360 principibus
1888 1316 1971 1357 suis,

5 1367 10 1429 ἶ
32 1371 76 1404 20
98 1376 136 1404 ut
152 1370 363 1404 'Iheremiam
387 1371 432 1404 de
457 1380 600 1404 carcere
617 1370 854 1403 extraherent:
880 1370 930 1403 ibi
946 1370 1038 1402 enim
1054 1369 1234 1410 Sedecias,
1252 1376 1286 1403 et
1301 1370 1481 1413 principes
1498 1370 1571 1403 eius
1586 1370 1685 1403 illum
1709 1370 1971 1409 constituerunt,

6 1436 11 1491 ἱ
98 1424 244 1457 eductus
266 1425 383 1468 itaque
406 1425 452 1458 de
476 1434 620 1457 carcere
644 1423 767 1457 beatus
790 1423 983 1456 Iheremias
1006 1423 1105 1467 petiit
1129 1423 1172 1456 ab
1197 1423 1249 1456 eis
1272 1423 1536 1457 tabernaculum
1560 1424 1732 1457 testimoni
1756 1430 1792 1458 et
1806 1429 1929 1457 sancta
1953 1434 1973 1456 a

9 1517 11 1533 ¹
96 1477 222 1522 Moyse
247 1477 454 1521 con'scripta
476 1477 674 1511 testimonia
697 1477 734 1510 in
757 1476 909 1517 deserto,
933 1483 967 1510 et
992 1477 1143 1517 archam,
1167 1483 1202 1510 et
1225 1487 1278 1517 ea,
1303 1487 1370 1521 que
1403 1477 1440 1510 in
1463 1478 1571 1510 archa
1594 1476 1824 1517 habebantur,
1851 1477 1969 1510 tabule

8 1543 12 1559 ι
97 1531 187 1576 legis
210 1532 357 1571 scilicet,
382 1538 416 1564 et
440 1542 502 1564 uas
526 1542 668 1564 aureum
691 1531 833 1574 plenum
857 1542 996 1570 manna,
1022 1537 1056 1563 et
1078 1530 1179 1575 uirga
1201 1530 1333 1570 Aaron,
1349 1541 1418 1574 que
1435 1531 1653 1570 fronduerat,
1670 1536 1706 1564 et
1722 1530 1973 1565 candelabrum

0 1570 13 1673 5*
98 1595 251 1625 aureum,
276 1591 311 1618 et
334 1585 459 1625 omnia,
483 1594 552 1629 que
575 1585 663 1617 fecit
685 1584 840 1629 Moyses.
886 1585 964 1618 Hec
988 1585 1105 1617 omnia
1126 1584 1244 1628 itaque
1260 1585 1360 1628 petiit
1383 1584 1452 1617 ab
1442 1584 1527 1628 ipsis
1541 1584 1760 1628 principibus
1776 1584 1973 1618 Hieremias

0 1647 14 1688 5
33 1635 75 1671 25
100 1638 238 1671 dicens:
265 1638 302 1671 Si
325 1638 390 1671 ista
413 1638 531 1671 omnia
554 1648 575 1670 a
598 1639 674 1670 Deo
699 1643 903 1671 consecrata
925 1637 962 1671 in
985 1636 1204 1671 Babiloniam
1228 1637 1283 1671 du'
1285 1637 1406 1671 xeritis
1422 1638 1634 1671 contrarium
1649 1637 1749 1671 uobis
1766 1639 1842 1679 erit,
1860 1644 1895 1672 et
1912 1649 1971 1671 ca-

0 1689 14 1737 ²l
99 1697 181 1725 uete
203 1703 248 1726 ne
271 1691 454 1735 patiamini
477 1692 567 1725 sicut
589 1692 723 1735 priores
748 1691 963 1735 alienigenae
987 1691 1129 1725 fuerunt
1151 1702 1216 1735 per
1246 1692 1358 1735 pessi:
1392 1692 1474 1735 quia
1498 1691 1638 1735 quando
1662 1692 1806 1725 archam
1828 1692 1972 1726 Domini

11 1757 15 1793 Ι
98 1746 296 1779 testamenti
321 1745 503 1789 depredati
527 1751 616 1784 sunt,
632 1745 834 1789 grauissima
849 1745 972 1778 affecti
988 1751 1068 1778 sunt
1082 1756 1185 1790 pena,
1204 1756 1283 1778 cum
1298 1756 1420 1778 manus
1435 1745 1577 1779 Domini
1593 1745 1897 1779 uehementissime
1913 1757 1972 1780 eos

11 1798 16 1829 Ι
100 1799 325 1832 conturbaret
349 1805 383 1832 et
405 1800 564 1842 percussi
587 1799 736 1832 fuissent
757 1810 778 1831 a
802 1800 952 1832 Domino
976 1799 1083 1832 nimia
1105 1799 1212 1861 plaga
1236 1799 1378 1833 doloris.
1425 1800 1502 1832 Hec
1518 1799 1634 1833 omnia
1648 1799 1803 1843 predixit
1827 1800 1877 1833 eis
1893 1811 1972 1833 san-

99 1858 176 1886 ctus
198 1853 403 1886 Hieremias.
450 1853 532 1892 Que
557 1853 738 1885 audientes
760 1853 940 1896 principes
962 1853 1116 1886 uniuersi
1141 1859 1280 1893 cuncta,
1304 1864 1371 1897 que
1395 1853 1496 1896 petiit
1527 1853 1733 1894 Hieremias,
1765 1853 1972 1887 tabernacu-

15 1901 77 1948 130
99 1905 169 1941 lum
193 1906 338 1947 scilicet,
363 1913 398 1939 et
422 1907 574 1946 archam,
599 1912 634 1939 et
657 1912 775 1939 cetera
799 1912 1018 1939 sacramenta
1040 1906 1199 1949 superius
1223 1906 1320 1939 dicta
1351 1906 1465 1940 eidem
1492 1907 1722 1948 tradiderunt,
1753 1917 1797 1940 ex
1819 1907 1972 1951 jussione

16 1955 18 1962 '
98 1959 264 1993 uidelicet
287 1966 321 1993 et
345 1960 508 1993 mandato
531 1960 625 2004 regis
648 1960 986 1993 Nabuchodonosor.
1033 1960 1162 1993 Omnia
1186 1971 1269 2004 ergo
1292 1961 1358 1994 hec
1381 1967 1522 1994 sanctus
1545 1961 1741 1994 Hieremias
1772 1961 1890 1995 oblata
1919 1972 1973 1994 se-

18 2052 20 2062 l
99 2013 251 2047 cundum
275 2014 476 2047 mandatum
498 2013 639 2046 Domini
662 2013 698 2046 in
721 2020 839 2047 monte
863 2013 1059 2054 abscondit,
1084 2020 1187 2058 atque
1204 2014 1396 2048 constituit.
1443 2015 1490 2047 Hi
1500 2025 1603 2055 uero,
1619 2015 1678 2059 qui
1696 2026 1774 2048 cum
1793 2026 1835 2048 eo
1852 2015 1972 2048 ambu-

17 2069 22 2155 ἰ
100 2066 258 2101 lauerunt
280 2067 370 2100 scire
394 2067 554 2100 uolentes
577 2067 680 2106 uiam,
704 2067 762 2100 uel
786 2067 902 2100 locum
925 2078 997 2101 non
1019 2073 1225 2111 potuerunt:
1251 2068 1332 2112 quia
1356 2068 1406 2101 eis
1422 2069 1491 2101 hoc
1506 2079 1652 2102 noscere
1677 2079 1747 2102 non
1763 2069 1972 2112 permiserat

15 1967 20 2012 ὲ

98 2120 204 2161 Deus,
227 2130 294 2154 nec
318 2120 414 2164 digni
437 2120 580 2153 fuerunt
602 2126 640 2153 ut
664 2130 705 2153 ea
730 2120 918 2164 aliquando
942 2119 1114 2154 uiderent.
1161 2121 1238 2154 Hec
1263 2121 1409 2166 quidem
1431 2122 1590 2165 Josepus.
1636 2122 1710 2156 Sed
1724 2127 1760 2155 et
1776 2122 1846 2154 alia
1860 2122 1972 2166 plura,

19 2164 76 2208 '35
100 2185 166 2219 que
198 2173 258 2207 illo
288 2180 443 2217 tempore
471 2174 694 2218 contigerunt
724 2174 866 2207 historie
897 2174 989 2207 illius
1021 2181 1273 2208 commemorat
1301 2185 1365 2218 per
1397 2175 1557 2209 ordinem
1589 2181 1712 2209 textus.
1758 2175 1972 2210 Sacerdotes

101 2227 215 2268 etiam,
238 2227 298 2271 qui
320 2227 450 2271 captiui
472 2234 551 2260 sunt
575 2227 671 2261 ducti
694 2238 738 2261 ex
762 2227 959 2268 Ierusalem,
977 2228 1192 2261 abstulerunt
1206 2228 1325 2272 ignem
1340 2235 1499 2262 sanctum
1516 2229 1561 2262 de
1578 2229 1689 2269 altari,
1707 2240 1811 2273 quem
1833 2240 1973 2263 seruare

20 2273 25 2321 ὅ
100 2281 289 2325 cupientes,
313 2280 570 2314 absconderunt
592 2281 628 2314 in
651 2281 835 2324 spelunca:
860 2292 964 2325 quem
987 2289 1067 2325 post
1089 2282 1310 2326 septuaginta
1334 2283 1433 2316 annis
1455 2283 1503 2322 hi,
1527 2283 1588 2327 qui
1610 2284 1743 2316 reuersi
1759 2290 1838 2317 sunt
1852 2285 1897 2318 de
1915 2295 1974 2318 ca-

23 2346 27 2392 !
99 2334 266 2379 ptiuitate,
289 2335 517 2379 requirentes,
540 2335 770 2368 inuenerunt'
794 2346 930 2379 aquam,
949 2341 985 2368 et
1009 2336 1222 2379 accipientes
1239 2347 1328 2377 eam,
1344 2347 1451 2380 super
1472 2337 1714 2370 holocaustum
1734 2338 1973 2381 disperserunt

24 2393 27 2422 Ι
100 2388 223 2428 statim,
248 2388 336 2432 ignis
360 2398 529 2422 accensus
553 2394 605 2421 est
628 2394 681 2421 est
703 2389 944 2422 holocaustum
968 2389 1119 2423 Domino
1144 2389 1351 2423 libauerunt.
1398 2390 1583 2434 Principes
1613 2401 1699 2424 uero
1733 2391 1973 2425 Nabuchodo-

25 2442 80 2479 '140
101 2451 205 2475 nosor
226 2441 320 2487 regis
341 2448 553 2486 rogauerunt
576 2442 791 2475 Hieremiam
814 2442 1012 2486 plurimum,
1036 2448 1074 2476 ut
1097 2444 1234 2477 ueniret
1257 2443 1487 2485 Babiloniam,
1511 2455 1580 2488 quo
1596 2445 1749 2484 nolente,
1766 2445 1851 2489 quid
1867 2445 1974 2479 uellet

103 2504 204 2540 agere
226 2495 455 2539 permiserunt
478 2496 521 2536 ei,
539 2501 573 2528 et
590 2506 668 2529 cum
684 2496 777 2530 omni
800 2497 998 2530 reuerentia
1014 2507 1093 2530 cum
1108 2497 1222 2538 donis,
1239 2503 1275 2531 et
1290 2497 1492 2531 muneribus
1516 2497 1722 2531 dimiserunt
1738 2509 1828 2532 eum.
1874 2498 1973 2533 Sedit

25 2481 30 2563 ἒ

27 2567 30 2598 Ι

26 2599 32 2686 i
193 2646 215 2665 1.
234 2647 265 2665 ra
288 2640 311 2664 C
327 2653 361 2658 —
380 2647 406 2673 3.
426 2641 608 2666 dit-imeretur
626 2641 653 2665 B
671 2654 682 2660 -
696 2641 730 2667 he
753 2641 777 2666 C
794 2654 805 2660 -
825 2642 986 2667 uastaciont
1009 2642 1044 2671 C,-
1064 2643 1225 2668 uastatione
1242 2643 1269 2667 B
1282 2656 1315 2662 -
1332 2648 1372 2675 15.
1392 2645 1537 2677 superauit
1554 2643 1577 2668 C
1595 2657 1627 2662 -—
1643 2649 1686 2669 2ο.
1706 2642 1891 2676 Hieremiam]
1905 2643 1972 2670 Hie-

26 2689 32 2717 q
104 2684 204 2709 remiss
221 2684 248 2708 B
266 2697 277 2703 —
295 2685 507 2710 constltuerant
530 2685 554 2709 C
570 2698 604 2704 —
626 2692 670 2712 21.
688 2685 876 2718 Hieremiam]
898 2687 1058 2712 Hieremias
1076 2687 1104 2711 B
1122 2701 1155 2706 —
1176 2692 1218 2712 22.
1238 2687 1346 2720 arcam]
1361 2695 1426 2713 arca
1444 2688 1471 2712 B
1485 2701 1517 2706 —
1536 2693 1579 2721 24.
1594 2688 1683 2721 peciit
1706 2687 1729 2712 C
1745 2701 1757 2708 -
1776 2688 1909 2722 princeps
1927 2689 1951 2713 C
1961 2701 1973 2708 —

29 2725 34 2759 ἰ
103 2725 244 2760 Ieremyas
265 2728 289 2754 C
304 2740 338 2746 —·
359 2726 402 2752 26.
421 2728 575 2760 paciamini
593 2728 620 2751 B
633 2727 657 2752 C
672 2741 706 2746 —
737 2728 781 2754 28.
808 2729 992 2755 contrabaret
1009 2729 1035 2753 Α
1054 2741 1088 2748 ——
1108 2729 1200 2761 28-29.
1219 2731 1277 2755 Hec
1306 2731 1404 2755 omnia
1432 2732 1548 2756 sanctus
1572 2730 1706 2756 Ieremias
1726 2731 1852 2765 predixit
1871 2732 1913 2756 eis
1938 2744 1972 2750 —

29 2799 76 2847 ῖς
105 2774 150 2802 29.
173 2770 259 2802 peeilt
282 2770 305 2794 C
320 2783 331 2788 -
350 2770 484 2795 Ieremias
506 2770 530 2794 C
546 2783 579 2788 —
599 2777 644 2803 31·
662 2769 726 2803 hec]
747 2778 795 2796 om.
812 2771 1014 2806 B-Ieremyas
1037 2772 1061 2796 C
1077 2785 1088 2791 -
1107 2772 1204 2798 ablata
1221 2773 1246 2797 Α
1267 2787 1300 2792 --
1323 2778 1366 2805 35.
1392 2772 1521 2807 hystorie
1544 2773 1568 2797 C
1587 2786 1621 2791 —
1647 2778 1690 2805 37.
1716 2774 1879 2807 speluncam
1902 2774 1927 2799 C
1943 2788 1976 2794 —

106 2853 130 2878 11
145 2856 211 2878 resto
229 2866 263 2873 —-
277 2861 319 2887 40.
333 2854 464 2880 Ieremias
487 2854 510 2879 C
527 2869 558 2873 —
580 2862 624 2887 41.
643 2856 806 2882 reuerencia
823 2856 846 2880 C

189 2947 199 2967 ¹
217 2949 352 2977 Saue-rus
364 2951 510 2977 Eusnmvs
518 2952 730 2984 mamimus,
744 2951 884 2978 comment.
896 2954 926 2978 in
939 2953 1005 2978 Hie-
1061 2961 1102 2987 ες.
1121 2954 1169 2980 dal
1187 2954 1246 2980 Lib.
1265 2954 1308 2979 dei
1327 2954 1378 2984 Re,
1396 2954 1446 2987 IV,
1467 2954 1571 2987 XXIII,
1592 2954 1686 2981 XXIV
1698 2962 1713 2980 e
1727 2955 1822 2990 XXV,
1840 2954 1972 2984 Fnavws

104 2995 214 3021 reniam
222 2995 390 3028 prophetam,
399 2996 506 3029 ub.1v,
519 3003 582 3031 cap.
595 2996 675 3023 XXII
680 3005 688 3029 ς
702 2997 815 3029 Mxons,
830 3004 873 3031 24,
886 2997 938 3023 col.
953 2999 1003 3031 8¹3
1059 2999 1214 3031 Iostpnus,
1234 3002 1274 3032 op.
1294 3000 1352 3029 cit„
1371 2999 1423 3026 loc.
1442 3001 1492 3026 cit.

2006 1487 2085 1514 Mun„
2101 1491 2126 1512 ²7

2006 1654 2026 1669 c.
2042 1654 2091 1674 4⁰¹⁸

2008 2353 2029 2368 c.
2043 2347 2092 2373 4ob

106 2811 150 2844 38.
161 2817 262 2844 aquam
279 2819 404 2838 crassam
422 2812 449 2835 B
468 2825 479 2830 -
498 2811 573 2845 eam]
592 2812 656 2838 dum
677 2812 735 2846 (sic)
753 2813 776 2837 C
786 2815 992 2847 -asperserunt
1015 2814 1038 2839 C
1048 2826 1082 2833 -
1097 2822 1139 2848 39.
1159 2821 1242 2848 super
1260 2815 1459 2841 holocaustum
1479 2815 1606 2841 Domino
1625 2815 1818 2842 libel-suerunt
1836 2817 1863 2841 B
1881 2823 1974 2842 manca
2022 2848 2024 2851 r

2001 3009 2034 3029 10
