2398 3470
153 206 362 232 numam-117
394 196 408 231 1
420 196 463 231 18
1148 192 1464 228 CHRONICON
1924 195 2008 231 [ΛΑ.
2023 196 2057 224 c.
2077 197 2234 233 sos-⁵⁷51

193 761 213 776 a.
229 756 256 776 C.
272 761 310 780 575

212 815 232 830 c.
248 809 307 834 143⁶

206 1565 226 1580 c.
242 1564 281 1584 ιη
288 1564 303 1579 ι

144 1644 359 1669 lohanneslllpapa

146 1671 356 1723 exungiuffssapa

172 1731 192 1745 a·
207 1725 233 1746 C·
249 1730 338 1751 575·579

143 1858 252 1882 Pelagius
265 1858 356 1882 upupa

168 1889 190 1904 a.
206 1884 232 1905 C·
249 1889 337 1910 579-590

322 2743 353 2760 10

323 2950 351 2976 ¹5

396 267 2214 279 ................................................................................................................................................................................................
2215 270 2233 278 u

383 326 573 370 intrepidus
595 326 785 358 Mummulo
809 325 960 358 occurrit
995 332 1029 357 et
1053 325 1179 357 acriter
1203 335 1281 357 cum
1298 317 1348 356 'eo
1372 324 1554 366 preliando
1578 324 1691 366 ipsum
1716 324 1861 367 fugauit,
1887 330 1921 357 et
1943 325 2018 358 eius
2041 327 2231 359 exercitum

384 379 512 412 strauit.
558 378 639 416 Quo
662 384 823 420 superato
846 388 924 410 cum
948 378 1041 410 omni
1064 378 1173 419 preda
1196 378 1348 409 collecta
1371 377 1506 409 Italiam
1530 376 1714 419 profectus
1738 383 1789 409 est
1803 378 1823 410 ¹.
1870 377 1922 410 Eo
1945 378 2115 421 siquidem
2143 385 2231 412 tem-

384 442 469 475 pore
503 430 723 474 Langobardi
754 440 888 463 comam
920 431 1044 473 capitis
1074 430 1278 469 tondebant,
1310 440 1389 462 nam
1420 430 1592 462 ceruicem
1625 440 1733 473 usque
1765 430 1812 463 ad
1840 425 2045 473 occipitium
2068 431 2232 464 radentes

385 484 570 523 nudabant,
595 483 738 525 capillos
762 493 781 515 a
804 483 896 516 facie
920 494 1027 526 usque
1051 483 1096 515 ad
1120 484 1183 515 hos
1216 482 1377 515 dimissos
1409 482 1587 521 habentes,
1620 482 1825 515 uestimenta
1856 493 1940 516 uero
1964 489 2063 516 erant
2097 484 2175 517 laxa
2199 489 2234 516 et

383 537 529 569 maxime
552 536 645 568 linea
667 535 784 578 qualia
807 536 962 569 Saxones
985 535 1113 568 habere
1138 536 1260 573 solent,
1285 541 1406 568 ornata
1429 535 1555 568 institis
1578 535 1757 568 latioribus
1784 536 1881 568 uario
1905 535 2024 569 colore
2049 537 2230 570 contextis.
2279 536 2298 568 5

385 590 544 623 Tibialiis
568 600 647 622 cum
670 589 826 622 fasciolis
849 599 966 622 eorum
991 600 1091 621 crura
1114 588 1388 632 stringebantur:
1414 589 1525 633 calige
1550 600 1634 621 uero
1658 588 1708 621 eis
1738 594 1837 622 erant
1858 599 1966 633 usque
1989 590 2036 623 ad
2065 601 2232 623 summum

383 644 533 686 policem
555 653 646 685 pene
670 648 799 685 aperte,
824 648 858 675 et
882 643 1077 675 alternatim
1103 642 1232 684 laqueis
1256 641 1484 684 corrigiarum
1507 648 1651 674 retente.
1698 642 1824 675 Postea
1853 653 1937 675 uero
1969 649 2137 686 ceperunt
2166 642 2234 676 sibi

382 697 449 729 osis
471 696 520 728 uti
544 705 640 728 more
663 705 881 728 romanorum
906 706 1010 737 super
1033 705 1118 738 quas
1141 695 1332 738 equitantes
1355 694 1491 728 birreos
1514 695 1744 728 imitabantur.

474 749 566 782 Anni
590 749 729 781 Domini
757 748 927 781 DLXXV
963 751 1125 781 “mortuo
1155 749 1285 782 Iustino
1300 773 1314 788 „
1353 759 1432 782 cum
1462 749 1646 782 duodecim
1682 749 1782 782 annis
1818 756 2006 793 regnasset,
2043 749 2234 783 “Tiberius

385 804 399 820 ‘⁴
415 803 658 836 Constantinus
679 801 917 834 Romanorum
933 812 1053 846 regum
1070 801 1382 845 quinqua'gesimus
1405 803 1549 845 sumpsit
1564 802 1756 845 imperium.
1796 803 1864 835 Hic
1880 802 1944 836 sub
1960 803 2089 836 Iustino
2113 803 2229 836 adhuc
2257 803 2296 835 10

388 858 401 874 ‘⁴
415 855 522 888 Cesar
545 865 624 887 cum
646 866 719 887 rem
743 855 918 897 publicam
943 861 1093 898 regeret,
1117 861 1152 887 et
1174 855 1298 888 multas
1322 855 1441 898 egenis
1463 856 1681 899 elemosynas
1704 862 1872 899 erogaret,
1897 867 2058 900 magnam
2075 856 2107 889 ei
2123 855 2234 889 domi-

387 911 478 941 “nus
500 909 574 941 auri
596 908 731 950 copiam
754 907 1035 941 subministrauit.
1082 908 1172 941 Nam
1196 908 1423 942 deambulans
1445 919 1508 951 per
1530 908 1695 952 palatium
1719 909 1806 942 uidit
1830 909 1866 941 in
1890 910 2091 952 pauimento
2108 910 2233 943 domus

386 962 400 978 “
415 961 564 994 tabulam
587 971 814 994 marmoream
839 961 1013 993 dominice
1040 962 1153 993 crucis
1174 961 1304 1005 uexillo
1327 961 1536 1005 insignitam,
1561 968 1595 994 et
1623 962 1685 995 ait:
1712 962 1854 994 Crucem
1877 963 2007 995 domini
2028 973 2095 1006 qua
2117 965 2236 1007 pectus

390 1014 629 1059 “frontemque
652 1014 785 1046 muni-re
799 1013 952 1046 debemus
975 1015 1137 1057 indignis
1161 1015 1246 1058 quid
1265 1015 1407 1057 pedibus
1429 1015 1694 1048 conculcamus?.
1721 1015 1766 1047 Et
1790 1015 1889 1048 simul
1913 1025 1992 1048 cum
2008 1015 2116 1049 uerbo
2139 1015 2235 1048 iussit

385 1068 558 1101 “eandem
581 1067 731 1100 tabulam
756 1067 886 1100 auferri
910 1079 930 1099 a
953 1068 1165 1110 pauimento,
1191 1079 1255 1111 qua
1289 1074 1415 1107 amota,
1438 1069 1616 1111 reperiunt
1647 1075 1683 1102 et
1706 1069 1807 1101 aliam
1831 1068 1934 1101 simili
1963 1069 2144 1112 signaculo
2167 1080 2230 1102 ex·
2257 1065 2295 1102 15-

385 1122 399 1138 “
413 1131 581 1164 pressam3
605 1127 683 1163 post
706 1121 797 1153 hanc
821 1131 961 1164 quoque
985 1122 1164 1164 reperiunt
1188 1128 1222 1154 et
1244 1122 1395 1161 tertiam,
1412 1122 1537 1165 quibus
1557 1121 1690 1161 ablatis,
1706 1123 1839 1155 inuenit
1855 1132 2017 1167 magnum
2034 1123 2231 1156 thesaurum

384 1175 399 1192 “
413 1175 596 1208 habentem
619 1185 721 1216 supra
745 1174 837 1207 mille
863 1175 935 1207 auri
971 1176 1183 1214 centenaria,
1211 1176 1454 1219 sublatumque
1476 1187 1596 1208 aurum
1627 1176 1838 1218 pauperibus
1869 1176 2099 1209 abundantius
2129 1187 2232 1220 quam

386 1232 400 1247 “
414 1233 642 1261 consueuerat
664 1227 814 1271 largitur.
860 1228 1017 1260 Narsetis
1041 1238 1181 1271 quoque
1214 1229 1413 1262 thesaurum
1435 1229 1471 1260 in
1502 1229 1651 1272 quadam
1673 1229 1775 1262 Italie
1798 1229 1894 1268 urbe,
1918 1235 2010 1262 terra
2042 1230 2232 1269 defossum,

385 1281 562 1324 “quodam
593 1281 771 1323 decrepito
804 1292 886 1313 sene
917 1282 1110 1321 indicante,
1134 1282 1281 1320 inuenit,
1306 1288 1342 1314 et
1364 1282 1398 1314 in
1423 1282 1534 1314 simile
1558 1293 1646 1324 opus
1669 1282 1845 1315 distribuit
1856 1282 1878 1315 ².
1924 1281 1983 1315 Ad
2013 1283 2107 1315 hunc
2139 1282 2235 1316 Chil-

384 1337 529 1378 “pertus
552 1343 613 1366 rex
634 1335 846 1367 Francorum
870 1344 950 1366 suos
973 1335 1126 1378 dirigens
1151 1335 1293 1378 legatos,
1317 1335 1425 1368 multa
1456 1335 1500 1368 ab
1532 1346 1574 1368 eo
1598 1341 1809 1374 ornamenta,
1841 1346 1964 1368 aureos
1995 1336 2100 1368 etiam
2131 1336 2231 1379 quin-
2254 1337 2297 1368 20

383 1391 398 1406 ‘⁴
411 1388 576 1431 quaginta
587 1387 798 1431 singularum
810 1387 947 1430 accepit
961 1387 1135 1427 librarum,
1152 1388 1319 1421 habentes
1335 1400 1378 1421 ex
1390 1400 1459 1421 una
1471 1395 1572 1431 parte
1590 1389 1737 1433 effigiem
1752 1389 1971 1432 imperatoris
1990 1395 2026 1422 et
2049 1389 2085 1422 in
2101 1389 2233 1426 circulo

384 1443 398 1459 ¹⁶
411 1442 590 1483 scriptum:
620 1440 755 1473 Tiberii
770 1440 982 1473 Constantini
992 1442 1161 1485 perpetui
1175 1442 1339 1485 Augusti,
1357 1442 1400 1475 ab
1424 1443 1491 1474 alia
1515 1453 1611 1482 uero,
1627 1442 1832 1485 quadrigam
1851 1448 1884 1474 et
1899 1452 2120 1476 ascensorem
2149 1453 2233 1475 con-

385 1497 399 1512 “
412 1495 629 1537 tinentesque
653 1495 834 1536 scriptum:
856 1495 978 1537 gloria
1001 1495 1236 1528 Romanorum
1249 1495 1272 1528 ³.
1318 1496 1428 1528 Huius
1451 1497 1624 1529 exercitus
1648 1496 1692 1529 ab
1716 1506 1759 1528 eo
1783 1495 1906 1528 missus
1921 1495 2044 1529 Persas
2065 1495 2232 1539 potentis-

385 1547 506 1580 “sime'
526 1547 715 1580 debellauit
737 1548 921 1591 uictorque
957 1549 1170 1592 regredienS,
1194 1555 1323 1582 tantam
1350 1550 1460 1592 prede
1484 1549 1613 1582 molem
1635 1560 1712 1582 cum
1736 1549 1860 1593 uiginti
1882 1550 2014 1592 pariter
2038 1548 2233 1592 elephanti·

380 1602 395 1618 ‘⁴
412 1600 554 1633 abduxit
576 1607 612 1633 ut
634 1600 781 1633 humane
806 1601 1009 1634 crederetur
1031 1612 1131 1644 posse
1156 1602 1311 1635 sufficere
1335 1602 1544 1645 cupiditati„
1562 1602 1585 1635 ⁴.
2255 1601 2297 1635 25

469 1654 631 1687 Preterea
654 1654 767 1686 Rome
791 1655 944 1687 Iohanne
968 1655 1149 1693 defuncto,
1172 1656 1384 1689 Benedictus
1407 1656 1546 1688 natione
1570 1656 1759 1694 Romanus,
1784 1657 1829 1689 de
1856 1661 1956 1698 patre
1979 1655 2175 1694 BonifacIO,
2199 1655 2232 1689 ei

381 1708 415 1740 in
432 1708 629 1751 pontificatu
647 1708 824 1748 successit,
840 1708 999 1751 seditque
1015 1709 1115 1741 annis
1131 1715 1289 1752 quatuor,
1306 1720 1424 1742 meuse
1439 1720 1517 1742 uno.
1543 1710 1624 1749 Quo
1640 1715 1798 1752 tempore
1821 1719 1906 1753 gens
1921 1708 2232 1753 Langobardorum

379 1772 513 1794 omnem
537 1761 663 1793 inuasit
685 1761 830 1801 Italiam,
847 1762 1034 1795 comitante
1058 1763 1150 1795 fame
1175 1769 1210 1795 et
1239 1763 1456 1796 mortalitate.
1502 1763 1566 1795 His
1591 1769 1706 1795 autem
1734 1762 1910 1796 laboribus
1933 1769 1967 1795 et
1990 1761 2232 1796 afflictionibus

377 1815 468 1847 idem
491 1813 702 1847 Benedictus
723 1825 816 1856 papa
839 1820 991 1847 mortuus
1013 1821 1064 1848 est
1088 1822 1122 1848 et
1144 1815 1299 1858 sepultus
1321 1817 1356 1848 in
1380 1816 1524 1849 basilica
1546 1816 1640 1849 beati
1664 1815 1758 1849 Petri
1771 1816 1793 1849 ⁵.

466 1867 557 1900 Huic
580 1867 695 1910 itaque
719 1867 886 1901 successit
909 1868 1081 1912 Pelagius,
1105 1869 1246 1902 natione
1270 1870 1454 1902 Romanus
1477 1881 1521 1902 ex
1539 1875 1638 1913 patre
1661 1870 1841 1914 Unigildo,
1865 1870 2026 1913 seditque
2050 1869 2148 1903 annis
2171 1869 2232 1902 de·
2254 1870 2297 1902 30

377 1931 453 1954 cem
476 1920 651 1954 mensibus
674 1930 713 1953 11.
759 1920 826 1953 Hic
850 1920 980 1964 absque
1004 1922 1154 1955 iussione
1176 1923 1343 1965 principis
1369 1929 1422 1956 est
1445 1923 1634 1962 ordinatus,
1658 1933 1700 1955 eo
1724 1923 1819 1966 quod
1842 1922 2066 1968 Langobardi
2089 1922 2230 1956 obside-

376 1981 453 2007 rent
473 1974 623 2007 Romam
645 1984 710 2006 nec
733 1982 850 2016 posset
872 1975 1053 2019 quisquam
1081 1986 1102 2007 a
1117 1976 1231 2009 Roma
1245 1976 1413 2020 progredi
1427 1976 1449 2009 ⁶.
1495 1976 1563 2009 Hic
1579 1982 1691 2009 autem
1708 1987 1834 2009 nouem
1850 1977 2067 2019 prefationes
2083 1975 2231 2009 tradidit

378 2027 525 2060 ecclesie
549 2033 628 2060 ante
653 2037 821 2060 canonem
848 2028 1093 2068 decantandas,
1127 2035 1161 2062 et
1189 2029 1250 2062 hic
1286 2030 1443 2073 sepultus
1472 2036 1524 2063 est
1553 2030 1598 2063 ad
1628 2035 1783 2063 sanctum
1817 2029 1971 2063 Petrum.
2019 2029 2083 2062 His
2113 2034 2228 2062 autem

379 2080 500 2113 diebus
522 2079 643 2113 beatus
667 2080 857 2124 Gregorius
880 2081 1058 2122 diaconus,
1082 2093 1161 2115 cum
1185 2089 1275 2116 esset
1307 2084 1538 2126 apocrisarius
1559 2083 1595 2115 in
1620 2084 1741 2116 eadem
1764 2082 1850 2115 urbe
1874 2083 1985 2127 regia,
2009 2082 2158 2116 morales
2187 2083 2230 2115 li-

375 2134 457 2167 bros
480 2135 514 2166 in
538 2133 603 2176 Job
628 2134 831 2176 composuit,
855 2141 889 2168 et
913 2136 1147 2179 Euthychium
1172 2137 1328 2170 eiusdem
1352 2137 1447 2170 urbis
1477 2137 1681 2180 episcopum
1705 2137 1742 2169 in
1766 2142 1960 2179 conspectu
1992 2136 2142 2180 Augusti
2172 2146 2229 2169 su·
2251 2135 2293 2170 35

376 2187 520 2230 perauit‚
543 2187 589 2220 ita
611 2194 648 2220 ut
671 2187 746 2230 ipse
769 2186 945 2233 Augustus
974 2188 1097 2222 librum
1127 2190 1228 2230 illius,
1260 2201 1364 2234 quem
1400 2191 1444 2223 de
1474 2190 1728 2223 resurrectione
1763 2190 1914 2232 scripsit,
1945 2190 2014 2222 suis
2047 2188 2229 2222 catholicis

469 2327 490 2344 1.
509 2320 638 2346 Mumulo
656 2321 680 2345 Α
692 2322 719 2345 Β
739 2335 770 2338 —
790 2329 814 2354 3.
834 2322 1004 2355 occipicium
1023 2325 1050 2348 B
1063 2323 1086 2348 C
1103 2338 1135 2341 —
1155 2332 1179 2357 4.
1199 2331 1232 2349 os
1252 2324 1385 2349 dimissos
1404 2324 1466 2349 ΑΒ
1485 2338 1517 2341 -
1539 2328 1564 2355 5.
1583 2324 1705 2348 hornata
1727 2323 1750 2347 C
1767 2336 1777 2341 -
1798 2322 1951 2348 lacioribus
1974 2321 1998 2346 C
2020 2336 2052 2340 —
2072 2321 2097 2347 8.
2121 2323 2227 2347 imittu-

379 2363 481 2387 bantur
504 2362 526 2386 C
536 2376 569 2382 —·
588 2371 614 2396 9.
632 2363 719 2388 Anno
739 2363 907 2398 d(ominice)
927 2365 1161 2399 incar(nationis)
1178 2366 1202 2391 C
1216 2381 1249 2385 —
1272 2374 1312 2392 10.
1325 2367 1495 2391 elemosinas
1513 2366 1540 2391 C.
1560 2373 1639 2398 segue
1657 2366 1685 2390 la
1703 2365 1800 2390 lesione
1813 2365 1844 2390 di
1860 2365 1977 2390 Fannius
1991 2379 2023 2384 —
2046 2371 2085 2397 14.
2099 2364 2150 2394 ait,
2163 2365 2228 2397 dopo

378 2405 515 2437 indignis,
528 2406 662 2437 aggiungv
677 2405 700 2431 C
717 2419 726 2424 -
746 2406 885 2431 calcamus
902 2407 927 2432 A
938 2409 972 2432 B.
991 2416 1069 2440 seguo
1084 2409 1110 2432 la
1123 2409 1219 2434 lenione
1237 2410 1268 2433 di
1285 2409 1401 2434 PAULUS
1413 2422 1446 2427 —
1464 2416 1503 2442 ¹5·
1518 2409 1682 2442 repperiunt
1696 2409 1723 2433 B
1736 2407 1759 2432 C
1770 2421 1803 2426 —
1819 2406 1859 2432 16.
1873 2408 1990 2432 terciam
2005 2408 2031 2431 B
2043 2406 2067 2431 C
2077 2421 2110 2424 —
2125 2412 2166 2440 17.
2179 2406 2227 2431 ha·

377 2447 533 2471 bundacius
550 2446 573 2471 C
585 2461 616 2466 —-
638 2455 678 2480 19.
693 2449 841 2473 inventum
864 2449 887 2474 C
905 2464 935 2468 --
959 2457 1045 2483 19-20.
1065 2451 1117 2475 cosi
1135 2453 1148 2475 1·
1169 2451 1244 2481 Cod.;
1258 2459 1302 2476 ma
1314 2452 1430 2477 Primus
1443 2451 1479 2476 Ιια
1491 2451 1653 2484 Hilpericus
1667 2465 1699 2469 —
1714 2457 1756 2475 21.
1771 2450 1805 2475 ab
1818 2456 1875 2475 una
1888 2451 1968 2482 parte
1990 2449 2027 2480 C;
2041 2449 2065 2474 A
2077 2450 2104 2474 B
2115 2455 2227 2482 seguono

375 2489 399 2512 1⁴1
409 2491 470 2513 testo
489 2490 520 2513 dl
536 2490 651 2515 Pnums
671 2505 703 2508 —
724 2498 766 2524 ²4·
780 2491 912 2517 elefantis
927 2494 966 2522 B;
987 2492 1125 2518 eleffantls
1142 2493 1165 2518 C
1176 2508 1209 2511 —
1223 2493 1265 2519 26.
1279 2494 1385 2519 Ioanne
1399 2495 1425 2519 B
1439 2507 1471 2513 -—
1486 2500 1528 2527 27.
1542 2495 1625 2519 annis
1637 2500 1687 2525 111J
1702 2500 1795 2518 mense
1812 2500 1834 2522 x,
1848 2493 1874 2517 B
1887 2492 1911 2516 C
1921 2506 1954 2510 —
1968 2499 2011 2524 30.
2026 2493 2121 2524 itaque
2133 2497 2226 2516 manca

377 2531 404 2555 in
425 2532 451 2555 B
469 2545 501 2549 -
522 2538 564 2564 31.
582 2532 685 2564 absque
703 2533 774 2563 A&
795 2535 878 2566 atque
900 2534 924 2559 C
940 2548 973 2552 —-
992 2541 1034 2568 32.
1054 2538 1162 2569 poxent
1180 2537 1329 2569 quisquam
1346 2536 1370 2560 C
1386 2549 1396 2555 -
1416 2536 1617 2570 prephatlones
1640 2535 1664 2560 C
1680 2550 1710 2554 -—
1732 2543 1773 2568 34.
1800 2535 1896 2559 urbem
1915 2534 2020 2568 regiam
2044 2533 2068 2558 C
2075 2543 2081 2563 ς
2100 2533 2225 2563 Pavum,

378 2574 452 2605 apud
472 2574 595 2599 eamdem
615 2576 720 2608 regiam
733 2576 829 2600 urbem
848 2590 881 2595 —
900 2582 943 2609 35.
962 2578 1105 2603 Euticium
1126 2580 1152 2604 Β
1165 2579 1188 2603 C

468 2652 476 2669 ¹
496 2654 620 2687 ΡΑυιυε,
639 2656 692 2680 loc.
713 2658 775 2682 cit.:
799 2657 875 2682 “His
902 2659 1017 2690 auditis,
1043 2659 1126 2689 Amo,
1152 2660 1274 2685 collecta
1417 2658 1427 2675 ⁵
1446 2659 1477 2686 L.
1495 2660 1534 2689 R,
1549 2660 1569 2690 I,
1584 2660 1649 2692 308:
1667 2659 1920 2683 “Benedictus-...
1939 2658 2013 2682 sedit
2026 2664 2071 2681 an.
2084 2662 2143 2686 1111,
2157 2663 2192 2681 m.
2206 2662 2225 2688 ι,

381 2696 394 2709 “
406 2698 483 2721 omni
498 2698 592 2729 preda,
609 2698 721 2723 Italiam
742 2700 883 2725 rediturus
903 2701 1093 2733 proficiscitur
1101 2719 1202 2734 .......
1331 2701 1344 2715 “
1356 2703 1416 2727 dies
1427 2708 1526 2727 xxvn1
1538 2719 1562 2734 η.
1578 2701 1591 2714 “
1604 2701 1661 2730 Qui
1677 2702 1804 2734 sepultus
1818 2702 1860 2725 est
1874 2702 1903 2725 in
1916 2700 2036 2725 basilitza
2048 2700 2124 2724 beati
2138 2697 2225 2728 Petri}

465 2735 477 2753 ²
496 2738 581 2768 IDEM,
600 2743 640 2771 op.
658 2741 711 2769 cit„
741 2749 800 2773 cap.
823 2748 862 2766 12.
884 2748 903 2766 R
931 2744 1014 2776 copia
1040 2745 1120 2776 quasi
1149 2744 1274 2770 letteral-
1331 2743 1387 2768 “in
1406 2745 1587 2769 secretarium
1598 2763 1621 2777 ῃ.
1642 2744 1731 2772 Bima,
1751 2744 1793 2767 De
1810 2749 1856 2767 sex
1872 2744 1922 2766 aet.
1943 2740 1979 2775 (a.
2005 2741 2105 2774 4557):
2126 2739 2227 2765 “Gens

380 2781 470 2804 mente
484 2780 512 2805 la
525 2782 615 2813 prima
629 2784 709 2814 parte
719 2783 763 2807 del
776 2784 903 2816 capitolo
915 2786 1059 2815 mutando,
1074 2787 1274 2819 agginngendo
1331 2785 1345 2799 “
1355 2786 1610 2819 Langobardorum
1631 2787 1786 2811 comitante
1805 2786 1833 2809 et
1851 2784 2028 2809 mortalitate
2051 2790 2164 2808 omnem
2182 2783 2226 2808 in-

379 2829 396 2846 o
415 2822 618 2854 sopprImendo
636 2825 755 2856 qualche
777 2826 876 2858 parola
896 2835 913 2851 o
934 2828 1015 2852 frase.
1332 2828 1434 2854 “vadit
1453 2829 1575 2858 Italiam,
1601 2829 1747 2862 ipsamque
1771 2826 1929 2852 Romanam
1956 2825 2226 2851 vastatrixobsidet
2254 2829 2289 2848 20

466 2861 477 2878 ³
496 2864 582 2895 IDEM,
601 2872 661 2898 cap.
684 2873 722 2898 13.
760 2873 779 2891 R
794 2870 870 2892 muta
889 2868 966 2893 solo:
986 2869 1118 2894 librarum
1136 2872 1248 2903 suscepit
1261 2880 1275 2896 e
1331 2869 1345 2883 “
1356 2871 1454 2895 urbem
1464 2888 1489 2903 „.

375 2905 552 2936 1³⁸⁸ch
570 2906 600 2931 ὑ*
618 2907 726 2933 “rt-'¹610-
1135 2904 1137 2906 ’
1418 2911 1430 2928 ⁶
1448 2913 1478 2938 L.
1492 2914 1532 2943 P„
1546 2914 1567 2943 Ι,
1580 2920 1648 2946 309:
1664 2912 1677 2925 ‘⁴
1690 2912 1764 2937 sedit
1778 2920 1822 2937 an.
1836 2918 1863 2941 x,
1875 2919 1911 2936 m.
1925 2917 1958 2943 ιι,
1972 2912 2032 2936 dies
2042 2918 2061 2935 x
2074 2927 2096 2942 ‚‚.
2110 2917 2129 2935 R
2142 2911 2225 2943 copia

468 2945 479 2961 ⁴
499 2947 615 2977 Iurnmr,
635 2956 694 2982 cap.
717 2957 756 2980 η,
777 2952 879 2976 ultimo
900 2954 1025 2985 periodo.
1330 2957 1408 2987 quasi
1431 2956 1647 2980 letteralmente.
