2398 3470
229 235 308 260 Mun..
322 242 342 256 e,
358 240 384 261 ⁵⁹

262 1014 385 1035 Anacletus

245 1047 266 1061 a.
282 1041 308 1061 C.
324 1043 384 1066 84-95

301 1091 320 1105 ε,
335 1085 383 1104 8οα

270 1228 390 1249 Evaristus

236 1261 256 1275 a.
272 1256 298 1276 C.
313 1256 389 1280 96·108

250 1493 384 1514 Alexander

215 1527 236 1542 a.
252 1521 278 1541 C.
296 1522 384 1545 109-116

301 1840 321 1855 c.
335 1834 382 1855 8nb

363 2460 394 2478 10

364 2669 392 2695 ι5

361 2878 394 2896 20

428 220 476 256 56

989 407 1004 423 ¹⁴
1017 406 1166 439 Triaria
1188 413 1411 437 pmsscu'no
1433 414 1473 437 m
1496 403 1676 437 Eccmsm
1689 428 1720 444 „.

509 491 549 524 In
571 490 821 534 persequendis
836 500 919 523 sane
937 477 1142 522 Christianis
1159 497 1276 521 errore
1293 488 1475 531 deceptus,
1498 488 1618 521 tertius
1642 499 1663 520 a
1686 488 1830 521 Nerone
1853 487 2036 532 Trajanus,
2061 499 2139 521 cum
2154 488 2282 531 passim

421 549 577 586 repertos
593 543 672 587 cogi
687 544 734 576 ad
755 543 1022 576 sacrificandum
1036 542 1161 586 ydolis,
1177 551 1220 573 ac
1234 541 1242 558 ¹
1266 541 1413 574 interfici
1428 542 1655 584 precepisset,
1671 541 1774 574 Plinii
1790 541 1948 580 secundi,
1964 541 2022 585 qui
2037 542 2127 574 inter
2148 542 2286 587 judices
2394 545 2398 574 1

420 602 623 639 persecutor
645 597 747 630 datus
779 602 853 629 erat
864 596 886 635 ¹,
916 596 1029 628 relatu
1060 595 1266 631 admonitus,
1298 604 1359 627 eos
1389 594 1548 628 homines
1561 593 1572 611 ³
1596 594 1704 627 nichil
1736 595 1946 628 contrarium
1968 595 2120 628 romanis
2147 594 2285 638 legibus

421 650 552 689 facere,
575 650 753 693 rescriptis
776 650 871 683 illico
895 648 1101 692 temperauit
1123 647 1247 680 edictis
1259 647 1281 681 ⁴.
1328 647 1395 681 Hic
1418 647 1493 690 ipse
1522 647 1684 681 “Plinius
1706 654 1791 680 tunc
1814 654 1931 681 orator
1955 653 1991 680 et
2014 648 2210 692 hystoricus
2231 647 2283 680 in·
2330 648 2348 679 5

426 706 440 721 “
453 703 559 748 signis
581 702 785 741 habebatur,
810 704 909 747 cujus
930 701 1078 744 plurima
1107 700 1238 744 ingenii
1263 711 1371 743 opera
1401 706 1530 734 extant.
1575 700 1772 734 Pantheum
1796 701 1923 740 Rome,
1947 701 2043 744 quod
2068 700 2284 735 Domitianus

427 757 597 795 “secet-at,
609 756 753 789 fulmine
766 761 951 795 crematur,
967 755 1022 788 eui
1039 764 1165 787 nomen
1182 754 1226 786 ob
1243 753 1282 786 id
1298 753 1466 787 indictum
1483 760 1546 793 est,
1563 754 1659 799 quod
1676 755 1828 787 omnium
1845 755 1988 788 deorum
1999 754 2043 787 sit
2057 755 2133 798 ipsa
2149 749 2282 789 domus.

425 810 552 854 “Judei
572 813 642 854 per
663 810 839 842 uniuersas
860 812 983 852 partes
1005 807 1210 841 seditionem
1226 812 1420 847 mouentes,
1438 807 1544 852 digna
1567 808 1656 841 cede
1672 813 1938 851 prosternuntur
1951 800 1993 847 „ss
2029 806 2112 846 Quo
2128 813 2284 851 tempore

425 863 628 907 “Johannes
652 862 828 905 apostolus
851 872 943 894 anno
967 860 1110 894 LXIX⁵
1134 867 1212 902 post
1243 860 1441 903 passionem
1464 861 1617 901 Domini,
1650 861 1753 894 etatis
1776 867 1891 894 autem
1915 872 1976 894 sue
2000 871 2127 901 xcvm,
2150 854 2284 904 Ephesi

426 916 594 959 “placida
617 922 726 948 morte
750 915 894 958 quieuit.
941 914 1097 958 Trajano
1121 914 1287 947 aduersus
1303 913 1517 947 Christianos
1542 914 1822 956 persecutionem
1844 921 2020 954 mouente,
2044 914 2199 954 Simeon,
2223 915 2284 959 qui

424 972 439 988 ‘⁴
452 976 487 1003 et
503 969 644 1003 Simeon
666 969 756 1001 filius
781 967 951 1010 Cleophe,
967 968 1290 1011 Hierusolymorum
1315 967 1504 1010 episcopus
1520 968 1751 1012 crucifigitur:
1769 975 1805 1001 et
1820 968 1973 1012 Ignatius
1996 967 2185 1001 Antiochie
2209 968 2283 1010 epi-

427 1026 582 1065 “scopus
603 1023 754 1055 Romam
770 1021 959 1063 perductus
975 1021 1096 1055 bestiis
1111 1021 1256 1053 traditur
1272 1019 1314 1063 „⁶.
1359 1019 1553 1054 Anacletus
1565 1020 1577 1037 ⁷
1601 1022 1741 1054 natione
1764 1031 1890 1066 grecus
1913 1033 1957 1055 ex
1981 1027 2080 1063 patre
2095 1021 2284 1060 Antiocho,

421 1077 479 1121 qui
502 1076 673 1110 Clementi
696 1081 922 1115 successerat,
946 1075 1124 1119 marytirio
1148 1080 1333 1107 coronatus
1346 1074 1369 1112 ⁸,
1393 1081 1429 1108 et
1450 1075 1487 1107 in
1511 1075 1682 1108 Vaticano
1706 1075 1871 1117 sepul'tus
1894 1082 1956 1109 est.
2004 1076 2073 1108 Hic
2098 1074 2284 1116 constituit,

417 1137 455 1163 ut
478 1140 548 1163 non
571 1130 684 1161 minus
706 1139 810 1172 quam
833 1139 854 1160 a
876 1128 984 1160 tribus
1008 1127 1182 1170 episcopis
1207 1128 1425 1161 ordinaretur
1449 1129 1646 1171 episcopus.
1692 1129 1739 1161 Et
1759 1135 1798 1161 nt
1821 1128 2055 1162 ordinationes
2077 1128 2284 1162 clericorum

418 1184 553 1216 cunctis
576 1182 755 1215 ordinibus
777 1183 891 1224 palam
915 1182 1049 1221 fierent,
1073 1188 1235 1224 presente
1258 1181 1374 1224 plebe.
1422 1181 1468 1214 Et
1490 1187 1529 1215 ut
1552 1181 1693 1222 inimici,
1717 1182 1774 1215 uel
1798 1182 1954 1224 suspecti
1976 1193 2047 1215 non
2070 1182 2202 1224 possint
2224 1192 2283 1215 ac-

427 1246 547 1270 cusare
571 1234 821 1279 presbyterum.
867 1234 951 1267 Post
973 1235 1066 1267 hunc
1091 1235 1268 1267 Euaristus
1300 1234 1440 1267 natione
1462 1234 1613 1279 judeus⁹
1645 1245 1689 1268 ex
1720 1234 1853 1277 oppido
1883 1235 2064 1268 Bethleem
2086 1235 2286 1269 Romanum

418 1290 657 1332 episcopatum
687 1288 774 1320 rexit
805 1287 902 1320 annis
926 1297 978 1320 v11
1003 1293 1038 1320 et
1060 1286 1235 1320 mensibus
1258 1297 1284 1319 x
1297 1288 1333 1320 ¹⁰.
1380 1287 1449 1321 Hic
1482 1288 1659 1321 constituit
1682 1294 1722 1321 ut
1752 1298 1805 1320 vn
1829 1287 1969 1321 diaconi
1999 1293 2115 1321 essent
2136 1287 2174 1320 in
2190 1288 2284 1322 *urbe

417 1344 542 1382 Roma,
566 1342 626 1385 qui
650 1341 864 1374 custodirent
887 1351 1014 1383 papam
1037 1347 1181 1383 propter
1204 1341 1319 1374 stilum
1342 1341 1510 1380 ueritatis,
1533 1351 1578 1374 ne
1602 1341 1824 1375 infestaretur
1846 1352 1868 1374 a
1890 1341 2082 1382 maleuolis,
2098 1348 2135 1375 et
2149 1351 2286 1385 semper

416 1396 528 1440 parati
551 1401 664 1428 essent
687 1394 733 1427 ad
755 1394 960 1437 obsequium
983 1394 1213 1437 prebendam,
1237 1401 1272 1427 et
1294 1395 1330 1427 in
1361 1395 1540 1428 missarum
1567 1395 1752 1434 solemniis,
1784 1401 1819 1427 et
1840 1395 1876 1427 in
1899 1395 2143 1437 predicatione
2157 1396 2192 1428 ¹¹.
2238 1395 2286 1428 Et
2371 1435 2374 1438 ,

415 1449 474 1484 hic
497 1448 662 1492 martyrio
686 1453 881 1486 coronatus,
907 1453 942 1479 et
965 1447 1000 1480 in
1023 1447 1197 1481 Vaticano
1221 1447 1376 1490 sepultus
1408 1455 1470 1481 est.
1516 1447 1721 1481 Alexander
1752 1448 1892 1481 natione
1923 1457 2087 1480 romanus
2109 1458 2154 1481 ex
2183 1454 2283 1491 patre
2307 1449 2351 1481 20
2371 1447 2374 1448 ⁷

420 1502 622 1536 Alexandro
645 1506 723 1543 post
744 1502 838 1533 hunc
863 1502 1018 1543 suscepit
1041 1500 1247 1540 Ecclesiam,
1269 1500 1408 1544 juuenis
1431 1501 1572 1544 quidem
1595 1507 1700 1540 etate,
1723 1501 1787 1534 sed
1810 1501 1923 1534 senior
1946 1501 2109 1541 moribus,
2125 1499 2284 1545 seditque

418 1567 525 1590 annos
549 1565 573 1587 x
596 1554 771 1587 mensibus
794 1565 855 1587 vn.
902 1554 969 1587 Hic
1002 1555 1037 1586 in
1068 1565 1202 1587 canone
1233 1555 1435 1588 memoriam
1466 1555 1636 1597 passionis
1666 1554 1796 1589 Christi
1828 1553 1975 1594 addidit,
2005 1555 2066 1588 ubi
2096 1554 2200 1589 dicit:
2224 1555 2284 1599 qui

414 1609 526 1654 pridie
550 1619 652 1654 quam
675 1613 861 1651 pateretur,
884 1618 994 1652 usque
1017 1608 1084 1641 mei
1106 1608 1308 1641 memoriam
1332 1608 1475 1642 facistis.
1523 1608 1591 1641 Hie
1615 1608 1785 1651 precepit,
1808 1614 1846 1641 ut
1869 1618 1959 1651 aqua
1981 1607 2063 1642 uino
2080 1608 2286 1642 misceretur

416 1664 451 1696 in
473 1662 655 1702 sacrificio,
678 1668 824 1703 propter
846 1661 974 1695 Christi
989 1662 1154 1695 unitatem
1179 1667 1215 1694 et
1238 1662 1399 1702 ecclesie,
1415 1669 1451 1695 et
1474 1662 1605 1695 oblatio
1629 1673 1673 1695 ex
1688 1672 1812 1706 azymo
1828 1662 1936 1702 fieret,
1952 1672 2023 1695 non
2040 1672 2083 1694 ex
2099 1662 2284 1702 fermento,
2362 1693 2364 1696 ,

417 1722 560 1760 propter
576 1715 706 1749 Christi
722 1715 880 1757 corporis
895 1715 1087 1755 ueritatem,
1105 1721 1140 1748 et
1155 1721 1193 1748 ut
1208 1715 1346 1748 modica
1361 1722 1462 1754 esset,
1484 1715 1623 1750 dicens:
1649 1715 1727 1749 Hec
1751 1715 1880 1749 oblatio
1896 1720 2028 1759 quanto
2043 1715 2171 1758 potior,
2187 1720 2284 1749 tanto
2307 1713 2350 1748 25
2367 1718 2375 1724 “

416 1771 562 1813 pautior.
609 1768 776 1810 Precepit
798 1768 902 1801 etiam
933 1768 1092 1802 omnibus
1122 1768 1313 1801 Dominicis
1344 1768 1468 1802 diebus
1490 1780 1617 1813 aquam
1641 1779 1721 1802 cum
1742 1769 1816 1802 sale
1848 1768 2050 1808 exorcizari,
2078 1774 2114 1802 et
2140 1768 2284 1802 mixtam
2363 1776 2365 1778 '
2396 1770 2398 1775 ⁴

417 1822 591 1861 benedici,
615 1828 651 1854 et
673 1831 718 1854 ex
741 1832 785 1854 ea
807 1821 975 1863 populum
998 1822 1148 1866 aspergi,
1173 1823 1220 1856 ad
1242 1822 1450 1867 effugandas
1473 1822 1666 1856 diabolicas
1688 1821 1841 1863 insidias,
1869 1828 1904 1855 et
1927 1821 2128 1856 con'truias
2150 1822 2284 1857 ualetu-

417 1877 526 1910 dines.
573 1877 619 1908 Et
642 1875 701 1908 hic
724 1875 891 1919 martyrio
923 1881 1119 1915 coronatus,
1143 1881 1178 1908 et
1201 1876 1352 1919 septimo
1376 1876 1420 1909 ab
1446 1875 1533 1909 urbe
1563 1876 1712 1909 miliario
1735 1876 1792 1908 uia
1823 1876 2044 1909 Numentana
2066 1875 2235 1919 sepelitur
2249 1874 2285 1914 ¹¹,

2310 899 2384 959 iti,

2312 1181 2349 1215 15
2380 1159 2384 1171 '⁴

488 2025 512 2044 2.
530 2018 638 2044 tercius
655 2018 682 2043 B
695 2017 719 2043 C
733 2032 746 2038 -
765 2018 907 2052 Traianus
925 2026 1018 2043 manca
1037 2020 1067 2043 i'n
1085 2019 1112 2043 B
1130 2032 1164 2038 —
1184 2026 1207 2052 3.
1228 2019 1340 2052 hydolls
1363 2019 1387 2044 C
1405 2034 1437 2039 —
1456 2017 1480 2045 ⁶.
1507 2019 1695 2045 Domlclanus
1712 2019 1767 2044 BC
1783 2033 1817 2038 —
1836 2024 1862 2052 7.
1887 2018 2002 2045 flumine
2022 2017 2082 2052 (sic)
2097 2019 2121 2043 C
2138 2032 2171 2038 —
2190 2017 2215 2044 8.
2240 2024 2284 2044 se-

418 2060 561 2086 dicionem
585 2061 612 2084 B
625 2060 648 2084 C
665 2074 698 2079 —
720 2067 760 2085 ιο.
780 2060 918 2086 sdeuesus
940 2060 963 2085 C
979 2074 990 2080 -
1008 2062 1234 2093 psrsecuclonem
1253 2062 1280 2085 B
1294 2061 1316 2085 C
1332 2074 1344 2080 -
1362 2061 1470 2096 Symon
1493 2062 1517 2086 C
1533 2075 1566 2080 —
1588 2069 1630 2087 11.
1650 2062 1756 2095 Symon
1780 2061 1803 2086 C
1818 2074 1830 2080 -
1849 2060 1953 2093 Cleops
1977 2061 2010 2089 C.
2028 2062 2123 2086 acano
2142 2060 2170 2085 Ia
2187 2059 2284 2086 leubae

417 2103 449 2127 di
458 2102 485 2126 B
496 2101 628 2133 conforme
640 2111 657 2127 a
669 2102 744 2126 Beda
757 2115 768 2121 -
780 2102 1011 2128 Ierusolimorum
1024 2104 1050 2127 B
1064 2103 1086 2127 C
1097 2116 1107 2122 -
1119 2103 1249 2136 Ignacius
1261 2104 1288 2128 B
1301 2103 1340 2133 C,-
1353 2104 1533 2129 Anthiocene
1556 2103 1580 2128 C
1595 2117 1629 2122 —
1652 2110 1693 2129 12.
1713 2103 1851 2129 Antichlo
1868 2102 1892 2128 C
1907 2117 1941 2122 —
1963 2102 2052 2135 15-16.
2071 2109 2187 2129 ..eunte
2209 2102 2234 2128 C
2248 2115 2284 2122 —-—
2350 2132 2351 2135 Ἴ

420 2144 462 2171 16.
479 2145 670 2178 presbIterum
682 2145 710 2169 B
722 2144 745 2169 C
763 2158 795 2162 —
817 2145 857 2171 18.
877 2145 1019 2171 malivolis
1042 2146 1065 2170 C
1082 2159 1114 2164 -
1136 2153 1177 2178 ¹9·
1196 2146 1351 2179 solempnls
1369 2146 1397 2170 B
1408 2146 1432 2171 C
1442 2159 1476 2165 -·
1490 2153 1533 2179 ²4·
1546 2148 1575 2172 et
1586 2148 1620 2171 ut
1639 2145 1745 2172 oblatio
1767 2146 1792 2171 C
1808 2159 1841 2164 —-
1861 2150 1904 2177 25.
1922 2146 2022 2179 pocior
2044 2145 2068 2169 C
2077 2158 2112 2165 ——
2131 2145 2175 2172 ¹6.
2192 2146 2283 2171 etism
2339 2161 2352 2168 -

415 2187 443 2211 B
456 2187 479 2211 C
494 2200 506 2206 -
525 2188 685 2213 exommre
708 2187 732 2211 C
749 2201 781 2205 —
801 2191 844 2219 27.
863 2187 976 2221 upsrgi
999 2188 1022 2212 C
1039 2202 1071 2206 —
1092 2187 1184 2220 27-28.
1204 2189 1370 2216 valltudlnis
1390 2189 1415 2214 C

1470 2279 1482 2298 ⁸
1500 2282 1523 2307 Il
1539 2281 1597 2307 Lib.
1616 2282 1691 2307 Pont.
1718 2289 1777 2307 non
1801 2288 1926 2307 accenns
1951 2281 1976 2306 al
2001 2281 2142 2312 martino,
2167 2279 2238 2313 pero
2263 2280 2286 2305 11

1381 2331 1466 2350 nome
1483 2324 1513 2349 dl
1532 2324 1689 2349 Anincletus
1713 2325 1739 2349 sl
1763 2323 1844 2357 legge
1863 2323 1910 2349 nel
1935 2323 2138 2357 msrtirologlo
2163 2318 2286 2350 Gemm-

1381 2367 1487 2391 mlano.
1525 2366 1570 2392 Cf.
1592 2367 1636 2391 Dm
1655 2366 1753 2397 Rossr,
1772 2365 1856 2390 Roma
1873 2368 2050 2394 sonem-anea,
2068 2365 2091 2396 1,
2113 2372 2173 2398 114.

1468 2406 1480 2424 ⁹
1498 2408 1521 2432 11
1538 2407 1595 2434 La.
1610 2408 1699 2436 Pone..
1713 2408 1735 2440 1,
1751 2407 1810 2439 126,
1824 2408 1851 2432 lo
1866 2407 1944 2433 dlce:
1960 2407 1974 2422 ⁸
1984 2408 2104 2433 nstlone
2117 2406 2285 2434 Grecus....

510 2278 519 2296 ¹
538 2286 566 2310 R,
585 2279 726 2313 coplando
745 2279 783 2305 ds
801 2279 916 2311 Orosio,
935 2282 1056 2306 omsttex
1077 2280 1290 2307 “detrectantes
1302 2299 1326 2315 ‚-

508 2320 520 2337 ²
541 2322 679 2353 Onomus,
692 2322 756 2353 VII,
773 2328 814 2353 12,
827 2328 859 2354 3:
879 2321 908 2348 ⁶¹.
917 2339 937 2348 ..
946 2324 1009 2356 .qu1
1023 2323 1098 2348 inter
1110 2326 1206 2349 ceteros
1219 2324 1326 2350 iudices

422 2364 436 2378 ‘¹
445 2365 610 2397 persecutor
622 2364 705 2389 datus
715 2363 816 2395 fuerat
824 2381 848 2395 η.
869 2363 915 2389 Οἱ.
929 2365 1084 2396 Eusmus,
1097 2368 1138 2398 op.
1151 2373 1166 2391 e
1180 2366 1248 2391 edlz.
1268 2366 1325 2397 cit„

421 2414 449 2439 p.
469 2406 521 2438 380
530 2406 555 2430 b.

2312 2325 2346 2345 2⁴

509 2446 520 2463 ³
540 2455 558 2473 R
577 2449 649 2474 salta
667 2456 724 2474 una
743 2449 951 2482 proposizione.

510 2488 522 2505 ⁴
542 2491 640 2515 Anche
663 2492 712 2524 qui
735 2498 754 2515 R
779 2492 887 2516 omette
910 2491 1041 2517 un'altra
1065 2492 1268 2524 proposizions
1294 2492 1324 2518 di

421 2532 560 2564 ososrus,
580 2532 640 2564 VH,
663 2539 704 2564 12,
724 2540 739 2565 3
759 2532 820 2565 (pp.
841 2537 903 2564 252,
923 2533 995 2566 253).

509 2572 521 2589 ⁵
541 2575 631 2604 Bam,
651 2574 705 2600 loc.
723 2574 774 2600 cit.
794 2573 834 2608 (p.
854 2574 931 2606 111):
951 2582 1057 2600 vatn.

509 2613 521 2631 ⁶
541 2616 624 2647 Beda,
644 2616 721 2648 dopo
739 2615 865 2648 Ignazio,
884 2617 965 2648 parla
984 2617 1027 2641 del
1049 2618 1179 2643 martirio
1199 2619 1228 2643 di
1241 2619 1323 2644 Ales-

420 2656 531 2688 sandro,
550 2664 569 2682 R
587 2665 729 2690 con-egge,
748 2658 946 2690 glustamente‚
971 2657 1087 2684 l'errore
1105 2660 1239 2687 bedlano.
1276 2661 1322 2686 Cf.

421 2701 573 2730 Essemus,
592 2702 630 2731 op.
650 2700 707 2728 cit..
724 2699 795 2726 ediz.
812 2701 872 2730 cit„
890 2708 917 2733 p.
943 2701 995 2732 380
1012 2700 1115 2726 lettera
1133 2701 1162 2729 Ιι,
1181 2710 1196 2727 e
1215 2703 1323 2728 Hxsno-

420 2749 531 2773 uramus,
558 2743 601 2767 De
627 2742 694 2767 vn'rz's
717 2742 889 2771 inlustribus,
917 2742 985 2768 XVI
1010 2741 1090 2774 (ediz.
1118 2744 1176 2775 cit„
1205 2752 1233 2777 p.
1262 2745 1321 2777 20):

422 2784 583 2818 “Ignatius,
607 2784 804 2810 Antiochense
829 2786 965 2810 ecclesiae
990 2786 1093 2811 tertius
1118 2787 1183 2819 post
1205 2787 1322 2812 Petrum

422 2825 436 2839 ‘¹
442 2827 603 2860 apostolum
613 2827 771 2859 episcopus,
782 2826 1006 2859 persecutionem
1018 2829 1215 2853 commovente
1222 2828 1323 2853 Trala-

421 2868 434 2881 “
447 2876 484 2893 no
504 2869 654 2894 damnatus
673 2869 708 2894 ad
727 2869 832 2894 bestias
849 2869 972 2894 Romam
993 2869 1107 2895 vinctus
1122 2870 1250 2895 mittitur
1261 2889 1285 2903 ,,.

508 2908 520 2925 ⁷
539 2910 563 2934 11
580 2911 751 2941 Ducums,
769 2909 828 2936 La.
853 2910 942 2939 Pone„
961 2910 982 2940 1,
1004 2915 1053 2941 123
1079 2912 1188 2936 aecetta
1213 2912 1321 2944 giusta-

422 2953 512 2976 mente
530 2952 557 2977 la
578 2952 686 2977 lezione
712 2952 885 2977 “Anocletus
895 2970 918 2984 ,„
944 2952 974 2978 la
991 2951 1041 2986 piu
1064 2953 1250 2986 rispondente
1275 2954 1322 2980 dal

422 2995 514 3028 punto
531 2994 562 3020 di
579 2994 655 3020 vista
675 2994 862 3028 paleografieo
881 2994 1087 3027 sll’orlglnsrlo
1106 2995 1304 3028 Ἀνὲγκλητος.

1381 2449 1395 2463 ⁴¹
1403 2449 1436 2474 de
1455 2450 1574 2475 civitate
1592 2450 1734 2474 Bethleem
1745 2467 1769 2482 „.

1456 2490 1478 2509 ¹⁰
1498 2492 1629 2518 Secondo
1651 2493 1671 2517 il
1690 2492 1747 2517 Lib.
1767 2492 1842 2517 ant.
1865 2493 1970 2518 sedette
1989 2500 2006 2525 9
2026 2492 2106 2523 anni,
2128 2498 2162 2517 ro
2180 2491 2252 2517 mesl
2269 2498 2285 2517 e
2337 2527 2340 2530 Δ

1380 2542 1393 2559 ²
1414 2536 1521 2602 ειῖιῑᾞῖἰί.
1537 2577 1697 2609 Duchesne,
1717 2579 1769 2603 loc.
1789 2578 1845 2609 cit..
1866 2579 1935 2603 nota
1953 2586 1978 2611 4,
1998 2577 2111 2603 chiama
2132 2575 2214 2604 “fiori
2232 2576 2283 2603 ob-

1379 2619 1485 2646 “scure
1498 2640 1511 2654 „
1540 2620 1738 2653 l'espressione
1768 2619 1971 2645 “custodirent
1996 2621 2164 2654 episcopum
2190 2619 2284 2654 predi-

1378 2662 1391 2675 “
1403 2665 1515 2688 cantem
1537 2663 1655 2697 propter
1668 2662 1766 2688 stilum
1780 2663 1913 2688 veritatis
1924 2680 1938 2694 „
1957 2662 2002 2687 del
2013 2662 2072 2687 Lib.
2085 2662 2160 2688 hnc.
2169 2670 2179 2687 .·
2191 2668 2211 2687 ι
2223 2661 2283 2686 mlo
2335 2665 2350 2701 ᾖ
2372 2652 2373 2655 “

1377 2706 1481 2731 svvlso
1500 2713 1518 2730 R
1532 2713 1567 2730 ne
1581 2705 1618 2731 ha
1632 2705 1700 2731 dato
1719 2705 1935 2731 un'autorevole
1950 2705 2196 2738 interpretatione,
2209 2704 2283 2730 nelle
2310 2734 2312 2739 Ι
2331 2723 2342 2738 9
2368 2716 2375 2731 η

1377 2748 1472 2780 parole
1494 2748 1507 2761 ‘¹
1518 2755 1554 2772 ne
1572 2746 1758 2773 infestaretur
1777 2749 1831 2773 etc.
1843 2765 1868 2780 ‚-

1454 2786 1475 2804 1²
1495 2789 1595 2814 Anche
1615 2789 1664 2821 qui
1683 2796 1700 2814 R
1720 2797 1804 2821 segue
1824 2789 1844 2813 il
1857 2787 1914 2813 Lib.
1935 2788 2024 2817 Pont..
2036 2788 2058 2819 1,
2081 2793 2140 2821 127,
2152 2787 2205 2814 che
2219 2787 2283 2814 dlce
2333 2784 2335 2786 ,
2363 2777 2370 2792 ’Ἴ

1376 2829 1550 2854 Alessandro
1570 2837 1643 2862 papa
1669 2830 1781 2863 sepolto
1801 2830 1815 2844 “
1826 2830 1857 2855 ln
1877 2831 1924 2854 vis
1951 2830 2143 2861 Numentans,
2161 2829 2211 2855 ubl
2234 2827 2282 2855 de-

1377 2870 1521 2913 ‘fcollatus
1540 2874 1592 2902 est,
1617 2872 1652 2896 ab
1677 2872 1746 2897 urbe
1765 2871 1857 2898 Romo.
1882 2879 1940 2896 non
1965 2871 2057 2903 longe,
2084 2870 2209 2897 minax-io
2227 2877 2282 2896 vn.
2331 2859 2335 2867 ³

1377 2914 1397 2938 E
1416 2913 1543 2938 tuttavis
1561 2912 1667 2939 dubbls
1686 2912 1754 2947 pero
1768 2911 1917 2939 l'ldentits
1935 2914 1964 2938 di
1985 2921 2058 2947 papa
2078 2913 2252 2939 Ales-andro
2265 2921 2281 2939 s
2315 2923 2335 2945 ,ς

1375 2954 1422 2979 del
1436 2955 1552 2980 martire
1562 2962 1615 2980 suo
1626 2955 1783 2981 omonimo.
1806 2955 1851 2981 Cf.
1861 2956 1929 2981 Acta
1938 2958 2089 2980 sanctorum
2103 2955 2180 2985 maii,
2190 2955 2248 2981 vol.
2259 2955 2281 2988 1,
2368 2952 2369 2955 ¹

1376 3002 1424 3029 371
1447 3003 1505 3029 sg.3
1525 2997 1712 3029 Tutanum,
1735 2997 1806 3024 Hm.
1833 2998 1932 3027 eccles..
1957 2998 2012 3023 vol.
2038 2997 2073 3030 11,
2093 3005 2119 3032 p.
2141 3002 2209 3031 5903
2233 2996 2281 3024 D:
