2398 3470
156 224 230 247 Mur,
296 213 467 248 22,.‚³0282
1078 184 1083 189 ’
1157 210 1469 247 CHRONICON
2017 218 2068 254 [A.
2088 219 2120 247 c.
2143 219 2235 254 11⁷7]

396 338 410 353 ‘⁴
424 342 458 369 et
480 335 525 368 ob
549 335 615 367 hoc
638 333 781 377 periurii
806 333 939 366 crimen
962 339 996 365 et
1018 333 1197 365 infamiam
1221 338 1255 365 et
1277 342 1367 375 pape
1391 337 1425 365 et
1447 332 1542 375 regis
1565 332 1684 367 Sicilie
1707 344 1814 378 graue
1838 339 1874 367 et
1896 340 2101 378 perpetuum
2117 335 2233 369 odium

396 392 409 407 ‘⁴
424 389 609 422 debeamus
631 388 809 420 incurrere
823 410 853 426 „.
899 386 1056 429 Cumque
1078 386 1131 418 illi
1153 386 1279 419 iterum
1310 386 1592 429 proclamassent,
1623 391 1662 419 ut
1691 396 1820 425 eorum,
1851 388 1911 430 qui
1942 394 2104 422 auctores
2134 396 2233 422 erant

390 441 576 479 seditionis,
601 439 739 473 nomina
762 440 832 472 dux
855 439 1037 472 euidenter
1061 439 1285 481 exprimeret;
1309 444 1477 476 metuens,
1500 438 1529 471 si
1553 439 1626 472 noti
1649 439 1782 477 fierent,
1805 439 1849 473 ob
1872 440 1940 473 hoc
1961 451 2078 485 pugna
2093 441 2130 474 in
2146 442 2231 474 ciui-

389 501 457 527 tate
481 494 627 526 maxima
651 499 685 526 et
707 493 831 526 seditio
854 492 1094 530 inualesceret,
1117 492 1246 525 saniori
1278 502 1360 524 usus
1391 492 1546 531 consilio,
1578 492 1767 525 nobiliores
1798 499 1833 525 et
1862 493 2113 535 prudentiores,
2144 505 2231 538 quos

388 547 516 580 habere
540 547 662 589 potuit,
686 546 731 579 ad
753 556 879 589 papam
904 545 1043 585 direxit,
1066 555 1131 588 pro
1147 550 1253 588 parte
1276 545 1381 578 totius
1404 545 1524 588 populi
1547 546 1685 578 ueniam
1708 545 1884 579 humiliter
1906 546 2083 588 postulans
2112 554 2147 581 et
2177 548 2229 581 af·
2277 548 2296 580 5

387 601 545 633 fectuose
570 600 776 642 deposcens,
798 605 836 632 ut
859 599 953 643 quod
975 598 1029 631 illi
1051 599 1088 632 in
1112 609 1190 631 eum
1214 598 1316 631 stulte
1340 604 1375 630 et
1397 598 1546 641 superbe
1577 605 1822 641 peccauerant‚
1852 600 1928 643 ipse
1959 600 2009 633 eis
2040 611 2083 632 ex
2112 601 2231 634 innata

388 653 580 686 humilitate
604 659 639 685 et
662 653 773 696 gratia
794 653 969 685 relaxaret
991 657 1028 685 et
1049 652 1190 685 nuntios
1212 652 1305 695 regis
1329 651 1449 684 Sicilie
1473 662 1493 683 a
1516 652 1695 694 proposito
1718 652 1771 684 sui
1795 652 1928 685 itineris
1951 660 2143 687 reuocaret.

475 705 612 744 Quibus
634 705 839 739 Alexander
861 716 954 748 papa
976 715 1071 738 more
1094 705 1193 738 solito
1216 705 1300 738 satis
1322 704 1470 748 benigne
1495 705 1688 747 respondit:
1712 707 1726 723 “
1739 705 1815 749 Ego
1831 706 1982 748 quidem,
1998 706 2056 738 cui
2070 707 2233 740 sanctitas

392 763 406 778 ‘⁶
420 766 456 793 et
479 759 627 792 officium
650 759 855 803 ignoscendi
878 759 1025 802 gloriam
1048 757 1244 802 dereliquit,
1267 758 1426 791 iniuriam
1449 769 1560 790 meam
1583 759 1629 791 ad
1651 765 1800 791 mentem
1825 769 1895 791 non
1910 769 2048 798 reuoco,
2065 760 2233 793 offensam

208 830 228 846 c.
244 829 303 847 2071:
390 813 404 830 “
419 824 531 846 meam
554 823 618 855 pro
641 813 708 845 Dei
730 812 856 845 'amore
880 812 1025 851 dimitto,
1049 813 1112 845 sed
1134 811 1271 844 nuntios
1293 812 1387 855 regis
1410 811 1528 845 Sicilie
1551 817 1726 854 tamquam
1749 812 1841 845 uiros
1863 812 1998 845 nobiles
2014 819 2050 845 et
2064 819 2233 856 potentes,
2260 814 2299 846 10

391 869 405 884 ‘⁶
418 876 542 910 rogare
559 867 698 910 quidem
710 866 822 904 ualeo,
838 866 902 899 sed
918 866 1046 899 inuitos
1062 865 1223 907 detinere,
1236 876 1305 898 non
1320 871 1443 908 potero
1456 889 1487 904 „.
1533 864 1692 898 Tandem
1710 865 1856 898 Uenetis
1872 866 2016 898 multum
2031 866 2234 910 rogantibus
2388 840 2398 889 Ξ

386 926 421 953 et
443 920 652 963 petentibus,
675 926 713 952 ut
735 920 781 953 ad
804 920 872 952 hoc
895 920 1096 952 faciendum
1120 925 1236 962 partes
1259 930 1336 952 suas
1359 919 1582 961 interponere
1606 918 1818 962 dignaretur,
1849 925 1961 951 motus
1992 930 2084 961 papa
2113 929 2232 952 eorum
2387 927 2395 931 ’

385 973 615 1015 petitionibus,
637 983 701 1016 per
723 973 938 1017 Roggerium
961 972 1006 1005 de
1030 972 1109 1005 Pisa
1131 972 1382 1005 subdiaconum
1406 977 1442 1004 et
1465 972 1703 1004 senescalcum
1726 982 1835 1010 suum,
1858 971 1959 1004 simul
1981 982 2060 1004 cum
2076 972 2232 1011 Uenetis,

384 1027 514 1060 nuntiis
535 1026 628 1070 regis
652 1026 773 1060 Sicilie
797 1036 918 1068 preces
941 1026 1133 1058 affectuose
1156 1025 1320 1068 porrexit,
1341 1032 1380 1058 ut
1403 1025 1513 1057 diuini
1536 1030 1572 1056 et
1595 1025 1646 1057 sui
1670 1025 1795 1057 amoris
1821 1025 1945 1057 intuitu
1961 1024 2232 1068 indignationem

386 1085 660 1122 compescerent,
684 1085 720 1112 et
741 1080 915 1121 inceptam
939 1079 1156 1111 iracundiam
1179 1083 1413 1121 temperarent
1435 1083 1539 1121 atque
1555 1077 1768 1120 propositum
1785 1088 1881 1110 suum
1898 1077 1941 1110 ab
1956 1078 2097 1120 incepto
2111 1077 2234 1111 itinere
2261 1078 2298 1111 15

386 1139 602 1166 reuocarent‚
650 1132 785 1172 Quibus
807 1133 858 1164 illi
881 1133 1151 1175 responderunt:
1180 1133 1194 1148 ¹‘
1211 1132 1380 1164 Dominus
1403 1131 1542 1174 quidem
1559 1141 1661 1173 papa,
1677 1131 1767 1163 sicut
1783 1132 1837 1163 uir
1851 1131 2030 1174 perfectus
2046 1137 2081 1164 et
2096 1137 2234 1165 sanctus

391 1190 453 1220 “et
475 1188 520 1221 de
543 1188 596 1220 sui
620 1187 733 1220 meriti
758 1186 961 1219 auctoritate
986 1185 1144 1223 confisus,
1169 1186 1255 1217 mori
1279 1196 1349 1218 non
1373 1185 1506 1223 metuit,
1530 1191 1565 1217 et
1596 1185 1769 1217 Uenetum
1799 1185 1899 1218 dolos
1929 1191 1964 1217 et
1993 1185 2136 1218 insidias
2165 1195 2236 1218 non

391 1242 406 1258 “
418 1240 585 1283 pauescit.
631 1240 705 1273 Nos
727 1245 852 1277 autem,
878 1239 938 1282 qui
962 1239 1076 1271 adhuc
1100 1239 1378 1280 imperfectiores
1401 1249 1525 1276 sumus,
1541 1238 1629 1270 mori
1646 1238 1813 1277 nolumus,
1830 1243 1865 1270 et
1881 1245 2001 1271 nostro
2015 1238 2089 1282 regi
2104 1238 2234 1271 inferre

389 1294 578 1327 “iniuriam
601 1292 782 1326 moriendo
805 1294 962 1325 uitamus.
1010 1292 1136 1325 Ueneti
1174 1291 1411 1335 ingratitudini
1436 1292 1497 1323 filii
1528 1298 1564 1325 et
1592 1291 1688 1335 regie
1718 1291 1940 1324 liberalitatis
1971 1291 2081 1329 obliti,
2112 1291 2234 1325 uolunt

392 1350 407 1366 “
420 1348 560 1382 domino
585 1351 702 1379 nostro
724 1346 815 1378 mala
838 1356 903 1388 pro
926 1346 1026 1378 bonis
1049 1345 1242 1387 rependere
1259 1350 1294 1377 et
1310 1345 1356 1378 ad
1371 1344 1666 1387 perturbationem
1682 1345 1780 1387 pacis
1796 1345 1868 1377 eius
1884 1351 2007 1377 contra
2021 1345 2233 1378 uoluntatem
2257 1346 2299 1378 20

390 1402 404 1417 ¹⁶
420 1401 552 1434 domini
574 1410 664 1442 pape
688 1405 723 1431 et
746 1405 898 1431 nostram
914 1398 1090 1430 inimicum
1107 1398 1214 1440 ipsius
1229 1397 1396 1430 Uenetias
1411 1398 1645 1430 introducere.
1690 1397 1859 1430 Dominus
1874 1402 1989 1431 autem
2005 1403 2122 1430 noster
2136 1403 2233 1432 tante

391 1456 472 1487 “est
493 1453 647 1496 potentie
672 1459 707 1485 et
730 1452 876 1491 uirtutis,
900 1452 995 1495 quod
1018 1462 1082 1494 pro
1105 1451 1158 1483 his
1181 1451 1388 1488 excessibus,
1412 1461 1498 1494 quos
1521 1456 1643 1483 contra
1665 1450 1851 1483 amicitiam
1875 1461 1971 1483 suam
1994 1451 2142 1490 faciunt,
2164 1451 2233 1485 illis

389 1507 508 1540 “sicut
531 1507 634 1540 decet
656 1505 868 1548 respondere
893 1505 1038 1537 curabit.
1085 1505 1156 1537 Sed
1181 1505 1261 1548 quia
1284 1514 1346 1537 nos
1369 1514 1494 1546 preces
1516 1505 1647 1536 domini
1664 1515 1755 1547 pape
1771 1514 1835 1546 pro
1851 1503 2015 1536 mandato
2031 1504 2232 1547 accipimus,

390 1561 483 1594 “iter
505 1565 658 1593 nostrum
681 1569 789 1603 usque
812 1559 849 1590 in
874 1559 966 1591 diem
991 1559 1178 1591 crastinum
1202 1558 1417 1591 differemus.
1466 1558 1511 1590 Et
1535 1557 1666 1590 dehinc
1690 1557 1945 1590 communicato
1970 1567 2049 1590 cum
2077 1568 2120 1590 eo
2149 1568 2232 1591 con-

390 1616 404 1632 “
417 1614 505 1652 silio,
529 1613 616 1657 quid
640 1613 739 1645 nobis
761 1612 963 1645 faciendum
986 1613 1040 1650 sit,
1069 1612 1295 1654 disponemus
1311 1636 1325 1652 „
1345 1611 1364 1643 '.
2255 1611 2296 1644 25

207 1685 226 1699 c.
242 1679 300 1703 2⁶7⁶
475 1665 620 1706 Quibus'
643 1665 780 1704 auditis,
803 1665 934 1698 Ueneti
957 1666 1002 1698 ad
1025 1666 1152 1699 ducem
1175 1676 1274 1697 suum
1297 1664 1495 1703 redeuntes,
1519 1675 1571 1703 ea,
1595 1675 1661 1708 que
1684 1676 1705 1697 a
1728 1675 1820 1707 papa
1843 1670 1878 1696 et
1901 1664 2030 1697 nuntiis
2053 1665 2144 1708 regis
2171 1676 2232 1698 au-

385 1721 532 1760 dierant,
556 1720 609 1753 illi
630 1729 696 1763 per
718 1719 875 1752 ordinem
898 1718 1101 1751 retulerunt.
1147 1718 1270 1750 Altera
1294 1724 1406 1751 autem
1431 1718 1488 1750 die
1512 1719 1582 1752 dux
1604 1728 1688 1751 sano
1704 1729 1785 1750 usus
1801 1717 1960 1756 consilio,
1978 1719 2071 1760 apud
2086 1718 2234 1752 Riuum-

384 1775 490 1808 altum
514 1773 577 1806 sub
599 1783 689 1806 uoce
713 1772 876 1815 preconis
898 1772 984 1805 fecit
1006 1772 1147 1815 publice
1172 1772 1381 1810 declamare,
1405 1777 1443 1804 ut
1466 1771 1579 1804 nullus
1603 1771 1646 1804 de
1671 1771 1824 1803 aduentu
1847 1771 2067 1814 imperatoris
2089 1772 2234 1805 auderet

383 1827 528 1860 uerbum
551 1828 682 1865 facere,
705 1826 770 1859 nisi
794 1836 873 1858 cum
895 1825 1099 1858 Alexander
1121 1836 1214 1868 papa
1235 1826 1459 1868 precepisset.
1506 1825 1593 1858 Cum
1618 1831 1731 1857 autem
1759 1835 1812 1864 ea,
1842 1834 1910 1867 que
1940 1824 2033 1869 apud
2063 1823 2233 1858 venetias

385 1880 480 1914 dicta
503 1886 536 1913 et
558 1881 654 1912 facta
676 1880 826 1916 fuerant,
850 1879 895 1911 ad
917 1878 1137 1921 imperatoris
1159 1878 1274 1910 adhuc
1299 1878 1433 1922 Clojam
1450 1877 1664 1911 demorantis
1679 1877 1889 1910 audientiam
1905 1877 2158 1919 peruenissent,
2172 1888 2235 1910 sua
2257 1879 2300 1910 30

385 1945 447 1978 spe
469 1939 503 1966 et
526 1933 719 1965 intentione
743 1933 937 1970 frustratus,
962 1932 1057 1974 cepit
1081 1932 1125 1964 de
1148 1942 1211 1964 suo
1234 1932 1350 1975 rigore
1374 1931 1579 1964 mollescere
1611 1937 1646 1963 et
1677 1930 1923 1970 cardinalibus,
1954 1930 2013 1973 qui
2043 1930 2093 1963 ibi
2123 1937 2233 1969 erant,

386 1987 429 2020 de
453 1986 561 2020 uerbo
582 1986 681 2029 pacis
703 1986 876 2029 benignus
898 1986 1122 2028 respondere.
1169 1984 1410 2017 cancellarius
1432 1995 1517 2017 uero
1541 1990 1576 2017 et
1601 1985 1659 2016 alii
1691 1984 1922 2017 ecclesiastici
1952 1984 2140 2027 principes,
2171 1984 2232 2028 qui

384 2040 482 2082 pacis
505 2039 836 2072 consummationem
859 2039 1042 2081 plurimum
1066 2039 1293 2076 affectabant,
1317 2039 1441 2080 spiritu
1464 2038 1633 2071 libertatis
1656 2045 1804 2070 assumto
1828 2037 2028 2079 imperatori
2051 2037 2132 2070 uiua
2147 2047 2234 2071 uoce

386 2094 561 2126 dixerunt:
590 2093 605 2109 ‘⁶
619 2093 716 2125 Bene
739 2092 846 2125 debet
867 2092 1056 2134 imperialis
1071 2092 1232 2124 maiestas
1247 2092 1416 2131 recolere,
1433 2092 1527 2134 quod
1543 2092 1684 2134 quidam
1701 2102 1721 2124 e
1737 2091 1862 2124 nostris
1877 2103 1922 2124 ex
1938 2091 2101 2123 mandato
2116 2096 2232 2123 uestro

388 2148 402 2163 ‘⁴
417 2147 613 2190 Anagniam
637 2145 858 2184 accedentes,
882 2156 960 2178 cum
984 2144 1188 2178 Alexandro
1211 2157 1304 2188 papa
1327 2145 1372 2178 de
1401 2156 1489 2187 pace
1521 2145 1673 2178 ecclesie
1704 2151 1738 2177 et
1767 2145 1916 2187 imperii,
1948 2145 1991 2176 de
2022 2154 2110 2186 pace
2139 2144 2233 2188 regis
2255 2143 2297 2176 35

388 2202 402 2217 “
418 2200 541 2234 Sicilie
566 2206 600 2232 et
622 2199 902 2232 Lombardorum
925 2204 1111 2231 tractatum
1134 2199 1324 2231 habuimus.
1372 2199 1416 2231 Et
1439 2199 1527 2241 ipse,
1549 2205 1670 2241 utpote
1692 2199 1745 2230 uir
1776 2203 1927 2237 sanctus,
1958 2198 2055 2239 pacis
2087 2197 2232 2240 cupidus

390 2257 403 2272 “
418 2260 454 2287 et
477 2259 620 2292 amator,
643 2259 762 2286 nostro
787 2252 931 2286 consilio
955 2258 990 2284 et
1011 2253 1149 2285 hortatu
1172 2252 1397 2295 Campaniam
1423 2253 1597 2290 deserens,
1620 2252 1788 2285 Uenetias
1814 2252 1879 2283 iam
1911 2251 2061 2289 intrauit,
2093 2256 2233 2293 paratus

390 2311 404 2326 “
419 2318 461 2341 ea
483 2317 551 2351 que
575 2307 619 2339 de
643 2306 735 2339 bono
758 2307 855 2349 pacis
879 2306 1095 2348 promiserat,
1118 2306 1261 2338 firmiter
1277 2306 1484 2339 consumari.
1530 2305 1605 2338 Uos
1620 2311 1746 2343 autem,
1761 2311 1799 2338 ut
1815 2305 1997 2342 credimus,
2012 2304 2233 2348 suggestione

388 2361 402 2377 “
417 2371 602 2404 prauorum
625 2360 801 2393 hominum
824 2370 845 2391 a
867 2358 1011 2392 consilio
1034 2365 1152 2392 nostro
1174 2359 1278 2392 uultis
1299 2360 1479 2397 recedere,
1503 2365 1537 2392 et
1560 2370 1580 2391 a
1603 2359 1700 2402 pacis
1722 2359 1900 2401 proposito
1925 2357 2115 2392 declinare.
2159 2357 2234 2391 Nos

390 2417 502 2447 “uero
526 2425 568 2446 ex
590 2414 666 2446 iure
689 2413 807 2455 debiti,
831 2423 900 2456 quo
922 2413 1072 2455 imperio
1095 2418 1254 2445 tenemur
1277 2413 1446 2451 adstricti,
1467 2413 1581 2455 parati
1605 2422 1721 2445 sumus
1741 2412 1853 2450 uobis,
1875 2418 1911 2444 ut
1928 2411 2080 2451 domino,
2095 2411 2132 2444 in
2147 2417 2233 2444 tem-
2256 2412 2298 2443 40

2379 1880 2387 1907 Γ)

432 2548 434 2550 ’
474 2562 497 2587 7.
516 2555 713 2580 humanitate?
732 2567 741 2572 -
762 2555 882 2579 nuncios
902 2555 935 2583 B,
959 2555 988 2583 C,
1008 2553 1086 2577 Sasso
1103 2560 1117 2576 e
1134 2552 1224 2577 Arndt
1249 2567 1279 2570 —-
1307 2553 1331 2578 8,
1357 2554 1402 2577 «tui
1415 2572 1419 2577 .
1499 2554 1637 2578 sanctitas
1664 2554 1689 2577 B
1713 2561 1725 2575 e
1751 2552 1840 2576 Sassoz
1865 2552 1912 2576 cui
1930 2552 2086 2585 apostolici
2105 2551 2230 2576 muneris

382 2599 521 2623 sanctitas
538 2599 697 2630 congettura
715 2596 739 2620 il
763 2595 907 2621 Watten'cla
929 2595 1035 2620 secondo
1052 2594 1173 2625 riferisce
1197 2594 1310 2620 l'Arndt
1336 2610 1367 2614 —-
1397 2603 1435 2620 ιο.
1461 2597 1503 2620 set
1530 2596 1555 2620 B
1580 2603 1592 2618 e
1612 2595 1700 2620 Arndt
1719 2608 1727 2612 -
1749 2595 1868 2619 nuncios
1889 2595 1915 2618 B
1931 2602 1945 2618 e
1966 2595 1996 2625 C,
2015 2594 2092 2618 Sasso
2109 2601 2123 2617 ε
2139 2592 2231 2618 Arndt

384 2655 416 2658 —
437 2647 478 2665 11.
497 2641 539 2664 set
560 2641 583 2664 C
599 2647 612 2663 e
629 2639 721 2663 Amat
740 2652 772 2656 —
794 2645 834 2663 12.
854 2639 890 2662 ab
907 2645 960 2662 non
978 2637 1014 2662 ad
1034 2637 1058 2661 Α
1078 2650 1110 2653 -
1134 2644 1174 2669 13.
1193 2636 1347 2669 Rogerium
1366 2639 1402 2667 B,
1430 2639 1460 2667 C,
1485 2638 1561 2662 Sam
1584 2645 1597 2661 e
1622 2637 1713 2661 Arndt
1737 2651 1770 2655 —
1799 2644 1839 2668 14.
1864 2637 1977 2661 nunciis
2002 2635 2035 2664 B,
2064 2637 2092 2665 C,
2116 2635 2193 2659 δας-ιο
2215 2642 2229 2658 e

384 2683 474 2707 Arndt
492 2696 524 2699 —
547 2681 586 2706 16.
605 2681 735 2706 Domnus
757 2682 780 2705 C
797 2689 810 2704 ι
827 2681 918 2705 Arndt
938 2693 968 2698 —-
990 2685 1031 2703 21.
1051 2679 1148 2703 domni
1172 2680 1195 2703 C
1210 2687 1223 2703 e
1242 2680 1332 2704 Arndt
1344 2693 1354 2698 -
1368 2680 1506 2704 Veneeias
1519 2680 1543 2704 A
1558 2693 1589 2697 -
1610 2686 1651 2711 ²3·
1671 2679 1719 2703 Set
1740 2680 1763 2703 C
1779 2686 1793 2703 ε
1811 2679 1901 2704 Arndt
1919 2691 1929 2696 —
1948 2678 2046 2703 domni
2070 2679 2093 2702 C
2108 2685 2122 2701 e
2139 2677 2231 2702 Amat

342 2731 355 2756 5
385 2738 418 2742 —
437 2723 480 2749 26.
500 2723 614 2748 nunciis
633 2723 666 2753 B,
687 2724 717 2754 C,
736 2723 813 2747 Sasso
830 2730 844 2746 e
862 2722 953 2747 Arndt
971 2734 1003 2739 —
1024 2728 1066 2752 29.
1086 2721 1224 2745 venecias
1243 2721 1267 2745 A
1286 2735 1318 2739 —-
1338 2729 1379 2753 30.
1401 2721 1515 2746 Cloiam
1533 2722 1575 2750 Α;
1596 2721 1715 2746 Clozam
1734 2721 1783 2744 Be
1797 2721 1874 2746 Sasso
1888 2735 1919 2739 —
1934 2727 1977 2753 33.
1990 2721 2135 2752 assumpto
2152 2719 2176 2743 A
2194 2732 2229 2737 ——

385 2772 426 2798 37.
444 2765 583 2791 venecias
602 2766 626 2790 A
646 2779 678 2783 —-
698 2772 741 2798 40.
760 2765 873 2790 astricti
891 2764 915 2787 A
1365 2756 1381 2773 ‘¹

472 2866 477 2880 ‘
498 2868 648 2898 Hermen,
668 2867 720 2892 Dte
739 2867 901 2898 amdrn'ge
918 2864 1017 2890 Polum
1035 2866 1079 2889 des
1104 2865 1280 2898 Konigretclze
1335 2867 1525 2898 giustamente
1550 2867 1635 2899 posta
1660 2866 1691 2890 in
1717 2866 1812 2890 buona
1838 2865 1900 2889 luce
1927 2864 2006 2889 dallo
2032 2863 2230 2894 Cmtmms,

382 2909 493 2934 Stcaien
511 2916 568 2934 vom
591 2908 657 2933 Tude
675 2909 775 2940 Ragers
789 2908 822 2932 ΙΙ
830 2909 870 2933 bis
881 2915 942 2932 sum
953 2907 1077 2932 Friedem
1089 2914 1139 2931 von
1157 2907 1279 2939 Venedtg,
1337 2908 1456 2934 Histoire
1474 2909 1505 2932 de
1522 2908 1550 2932 la
1568 2908 1731 2932 domination
1750 2907 1904 2932 Nomande
1921 2914 1954 2931 en
1971 2906 2050 2931 Italis
2061 2909 2087 2930 ee
2097 2913 2130 2930 en
2142 2904 2231 2933 sicile,

383 2948 459 2982 Bffle,
479 2950 556 2984 1892,
576 2958 603 2984 p.
623 2949 656 2974 88
676 2958 690 2974 e
710 2957 759 2982 sg.¹
779 2957 833 2974 con
853 2956 916 2974 acre
934 2956 948 2973 e
962 2950 1072 2973 minuta
1085 2949 1187 2973 critica
1201 2947 1280 2972 cerco
1337 2950 1396 2981 cit.,
1415 2950 1449 2979 11,
1464 2958 1490 2983 p.
1511 2949 1560 2983 382
1581 2957 1595 2974 e
1614 2957 1664 2982 sg..
1701 2950 1783 2982 Doge
1803 2950 1831 2974 di
1845 2948 1968 2974 Venezla
1981 2955 2036 2977 era,
2050 2946 2137 2973 com’e
2151 2948 2230 2977 noto,

326 2999 357 3017 10
387 2994 413 3018 di
436 2994 605 3018 dimostrare
624 2993 727 3018 fallace
747 2993 773 3017 la
793 2993 961 3018 narrazione
979 2992 1007 3016 di
1028 2991 1072 3021 R„
1094 2992 1121 3016 la
1141 2991 1224 3023 quale
1250 2991 1281 3016 {u
1337 2992 1504 3016 Sebastiano
1525 2992 1620 3023 Ziani,
1638 2998 1673 3022 zo
1692 2993 1806 3024 maggio
1828 2996 1939 3023 ινιτ-13
1961 2990 2051 3022 aprile
2072 2989 2147 3021 1178.
