2398 3470
114 253 199 291 [ΑΛ.
212 263 241 284 u.
261 263 285 284 c.
306 255 380 291 708]
890 251 1210 289 cHR0N1coN
1936 248 1983 288 41

118 395 268 436 “parare
290 390 412 429 uoluit,
436 387 529 421 unde
553 385 648 419 bello
672 384 704 418 ei
728 384 823 417 illato
847 384 964 416 uictus
987 384 1022 416 in
1045 384 1105 416 illo
1129 383 1236 428 periit
1252 407 1279 425 „.
1332 381 1406 416 Sed
1430 393 1475 415 ne
1493 383 1603 416 Cesar
1622 384 1667 416 de
1683 384 1737 416 his
1754 384 1996 427 triumpharet,

113 447 201 481 Cato
223 455 300 478 sese
322 443 418 488 apud
440 441 583 475 Uticam
607 438 750 473 occidit.
777 437 869 481 Juba
891 448 954 470 rex
977 438 1092 481 pretio
1116 438 1210 477 dato,
1234 438 1433 481 percussori
1454 437 1614 481 jugulum
1631 437 1783 480 prebuit.
1829 438 1992 482 Petrejus

115 500 240 534 eodem
263 509 300 531 se
323 496 442 542 gladio
464 494 632 538 perfodit.
678 491 799 534 Scipio
821 491 898 534 ipse
922 497 1032 524 semet
1045 491 1230 535 jugulauit.
1277 490 1445 523 Similiter
1461 496 1497 523 et
1512 491 1635 524 Tatius
1658 492 1870 535 Torquatus.
1916 491 1994 524 Ma-

114 553 176 598 gni
197 551 345 595 Pompei
368 555 526 593 nepotes,
549 547 724 589 filiamque
748 544 964 588 Pompeiam,
988 551 1024 577 et
1048 555 1127 584 cum
1150 545 1205 577 his
1228 544 1405 584 Faustum,
1431 550 1467 577 et
1498 543 1633 585 Sillam,
1666 551 1700 578 et
1730 545 1928 585 Afranium,
1958 551 1994 578 et

0 580 37 649 ‘1-
62 607 91 648 >5
115 607 292 651 Petrejum
316 606 425 639 Cesar
445 603 545 647 jussit
568 601 686 635 occidi
700 599 726 631 ¹:
753 598 861 632 Cesar
883 597 1100 632 Alexandria
1123 598 1264 642 potitus,
1287 608 1433 642 regnum
1457 598 1644 642 Cleopatr-e
1669 599 1768 632 dedit
1781 599 1804 640 ²,
1830 610 1908 632 cum
1926 610 1995 643 qua

115 660 228 705 stupri
251 658 539 693 consuetudinem
562 655 731 688 habuerat
742 651 766 686 ³.
812 652 921 697 Cujus
945 653 1050 685 tertio
1073 663 1165 686 anno
1188 652 1289 695 regni
1313 652 1387 695 ipse
1410 652 1544 695 primus
1561 652 1799 685 Romanorum
1818 653 1996 696 singulare

115 711 267 756 optinuit
290 710 485 754 imperium,
509 719 530 741 a
552 717 621 751 quo
645 705 791 739 Cesares
818 703 1058 737 Romanorum
1083 704 1261 755 principes
1284 709 1363 736 sunt
1387 703 1567 746 appellati:
1594 704 1682 738 Inde
1705 715 1762 736 1111
1790 704 1995 748 ‘triumphis'
2047 720 2059 734 c

115 766 238 799 urbem
261 765 448 809 ingressus,
479 772 554 795 cum
585 770 649 803 quo
680 763 715 791 et
746 757 933 801 Cleopatra
962 758 1067 801 regio
1098 758 1261 790 comitatu
1283 762 1334 790 est
1363 757 1481 790 urbem
1513 758 1685 801 ingressa.
1731 758 1852 802 Ibique
1888 757 1994 791 Cesar

118 819 289 863 disposito
312 816 524 860 Reipublice
539 819 640 853 statu,
658 812 823 845 continuo
846 811 882 843 in
907 811 1064 854 Ispanias
1080 817 1202 845 contra
1217 811 1407 856 Pompejos
1432 811 1521 844 filios
1544 811 1690 854 Pompei
1707 813 1903 855 profectus,
1918 822 1997 845 xv11

53 874 93 907 10
117 874 177 907 die
201 883 271 918 qua
294 881 451 917 egressus
474 869 517 902 ab
540 867 627 901 urbe
650 867 777 905 fuerat,
802 864 997 909 Saguntum
1021 866 1198 908 peruenit:
1223 866 1409 909 statimque
1434 866 1602 899 aduersus
1625 866 1812 910 Pompeios
1837 867 1936 905 duos,
1960 873 1996 900 et

115 926 323 966 Labienum,
346 931 451 969 atque
472 920 634 956 Attium*
655 919 790 954 Varum
817 919 928 951 multa
954 918 1059 958 bella,
1090 925 1125 952 et
1155 919 1252 952 uaria
1284 919 1378 952 forte
1402 919 1527 963 gessit:
1557 919 1719 952 ultimum
1743 920 1874 953 bellum
1898 921 1994 963 apud

115 979 285 1015 Mundam
307 979 435 1012 flumen
457 982 594 1022 gestum
619 980 681 1014 est,
705 973 766 1007 ubi
788 973 892 1006 tantis
914 972 1049 1006 uiribus
1064 973 1280 1012 dimicatum,
1304 979 1468 1018 tantaque
1495 974 1599 1007 cedes
1617 979 1707 1014 acta,
1723 980 1761 1007 ut
1776 974 1886 1008 Cesar
1910 985 1997 1018 quo-

116 1044 184 1080 que
207 1032 382 1066 ueteranis
406 1031 512 1065 etiam
535 1030 606 1063 suis
622 1029 749 1062 cedere
764 1037 835 1060 non
852 1026 1138 1060 erubescentibus
1153 1027 1342 1070 preuenire
1356 1027 1367 1044 ⁶
1390 1033 1536 1060 mortem
1553 1028 1726 1071 cogitaret
1738 1026 1761 1067 ⁶,
1779 1038 1858 1061 cum
1883 1028 1999 1062 subito

115 1088 153 1121 in
175 1087 296 1132 fugam
318 1085 565 1130 Pompeiorum
589 1082 694 1116 cessit
717 1081 893 1115 exercitus
905 1079 928 1114 ⁷.
974 1081 1077 1114 Titus
1093 1079 1281 1121 Labienus,
1306 1086 1342 1114 et
1365 1079 1490 1114 Actius
1513 1081 1627 1114 Varus
1650 1082 1687 1114 in
1711 1082 1786 1115 acie
1813 1083 1885 1116 cesi
1908 1088 1997 1122 sunt,

51 1141 92 1176 15
117 1141 236 1175 Gneus
265 1139 455 1183 Pompeius
486 1148 564 1171 cum
596 1135 786 1170 centesimo
818 1135 937 1179 equite
968 1135 1138 1179 aufugiit3
1162 1134 1274 1167 frater
1297 1134 1371 1178 ejus
1399 1134 1526 1168 Sextus
1549 1135 1739 1180 Pompejus
1763 1137 1877 1169 uictus
1892 1135 1914 1175 ⁸,
1942 1136 1999 1169 fu-

116 1195 287 1240 giensque
309 1193 518 1227 interfectus
541 1196 604 1224 est.
650 1189 787 1223 Munda
810 1188 934 1221 ciuitas
950 1199 1030 1222 cum
1053 1188 1223 1221 immensa
1240 1189 1418 1222 hominum
1435 1189 1523 1222 cede
1541 1188 1670 1222 Cesare
1693 1196 1919 1234 oppugnante
1936 1190 1998 1223 uix

118 1253 222 1291 capta
243 1254 296 1281 est
306 1245 330 1280 ⁹.
376 1246 553 1286 Quattuor
577 1243 678 1277 annis
702 1254 745 1276 ex
768 1252 837 1287 quo
862 1242 906 1275 ab
936 1241 1023 1275 urbe
1054 1241 1185 1275 bellum
1208 1248 1369 1286 gesturus
1399 1243 1596 1287 aufugerat,
1628 1243 1696 1276 hoc
1729 1243 1860 1276 bellurn
1892 1245 1997 1278 ciuile

117 1301 358 1336 indesinenter
379 1306 454 1334 toto
479 1299 564 1333 orbe
588 1297 750 1330 intonuit.
796 1296 905 1330 Cesar
926 1295 1033 1341 igitur
1056 1295 1157 1329 bellis
1181 1296 1344 1329 ciuilibus
1366 1306 1432 1339 per
1454 1307 1511 1329 1111
1534 1307 1643 1330 annos
1658 1302 1733 1331 toto
1749 1297 1835 1331 orbe
1853 1308 1996 1341 compo-

115 1355 194 1389 sitis
214 1354 365 1388 Romam
387 1353 530 1393 reddiit,
553 1358 590 1385 et
612 1351 818 1384 insolentius
843 1359 948 1394 agere
972 1350 1084 1393 cepit:
1109 1350 1260 1383 honores
1285 1349 1398 1389 enim‚'
1422 1350 1481 1394 qui
1507 1356 1586 1383 ante
1611 1361 1632 1383 a
1654 1351 1787 1394 populo
1811 1352 1996 1391 dabantur,

50 1407 96 1444 20
118 1409 192 1454 ipse
215 1419 259 1443 ex
282 1419 345 1442 sua
367 1408 547 1442 uoluntate
571 1405 761 1450 prestabat,
785 1410 820 1438 et
842 1414 910 1437 nec
935 1405 979 1438 ad
1009 1414 1047 1438 se
1076 1404 1234 1437 uenienti
1266 1404 1488 1448 assurgebatl
1521 1405 1659 1449 aliaque
1689 1416 1762 1439 non
1792 1407 1902 1451 regia,
1934 1407 1996 1440 sed

66 1501 70 1505 .
117 1473 231 1507 prope
255 1462 439 1507 tyrannica
455 1459 622 1494 faciebat.
669 1459 772 1491 Tunc
797 1458 916 1501 itaque
939 1458 977 1490 in
1000 1468 1080 1491 eum
1103 1458 1322 1502 conjuratum
1346 1463 1398 1492 est
1414 1469 1435 1491 a
1451 1458 1642 1502 sexaginta,
1658 1459 1717 1492 uel
1733 1460 1881 1503 amplius
1897 1471 1999 1493 sena-

117 1517 253 1551 toribus
276 1516 519 1560 equitibusque
542 1514 711 1551 romanis3
736 1518 771 1545 et
794 1522 874 1545 cum
898 1512 956 1545 die
979 1512 1131 1555 quadam
1155 1511 1249 1545 inter
1271 1518 1405 1545 ceteros
1428 1518 1568 1545 senatus
1591 1514 1636 1546 ad
1661 1513 1802 1546 Curiam
1833 1515 1998 1555 uenisset,

118 1570 245 1616 uiginti
268 1570 377 1603 tribus
400 1569 515 1613 plagis
539 1567 675 1601 occisus
698 1572 759 1600 est.
805 1565 884 1605 Uir,
909 1575 979 1610 quo
1002 1566 1118 1598 nullus
1141 1575 1294 1609 unquam
1318 1565 1354 1598 in
1370 1565 1464 1599 bello
1480 1567 1592 1611 magis
1607 1567 1744 1601 enituit.
1791 1568 2000 1613 Ejus-‘siqui-

122 1624 203 1658 dem
227 1624 357 1658 ducatu
378 1622 548 1656 undecies
573 1626 714 1654 centum
737 1620 929 1663 nonaginta
952 1620 1022 1652 duo
1046 1619 1142 1651 milia
1165 1619 1315 1652 hostium
1340 1629 1422 1652 cesa
1445 1626 1534 1653 sunt.
1580 1620 1672 1653 Nam
1704 1627 1871 1665 quantum
1894 1622 1999 1656 bellis

0 1698 1 1721 3
54 1676 97 1710 25
121 1677 284 1711 ciuilibus
307 1677 439 1710 fuderit
462 1675 574 1709 noluit
597 1681 775 1708 annotare.
822 1673 971 1707 Collatis
996 1673 1103 1717 signis
1134 1673 1365 1718 quinquagies
1397 1674 1588 1707 dimicauit.
1634 1674 1760 1708 Nullus
1791 1686 1834 1709 eo
1866 1677 1998 1720 quippe

122 1731 269 1765 celerius
292 1730 439 1774 scripsit,
463 1739 567 1763 nemo
590 1728 746 1762 uelocius
770 1727 867 1772 legit.
914 1725 1114 1766 Quatemas
1130 1726 1295 1770 epistolas
1311 1727 1413 1760 simul
1429 1727 1601 1761 dictabat:
1626 1733 1722 1762 tante
1739 1729 1806 1762 fuit
1823 1729 1999 1771 bonitatis,

119 1791 158 1818 ut
179 1795 268 1832 quos
291 1784 395 1818 armis
417 1784 563 1824 uicerat,
588 1782 774 1816 clementia
795 1781 917 1826 magis,
929 1780 1054 1814 uicerit
1067 1780 1102 1814 ¹⁰.

924 1895 1014 1929 Item
1041 1894 1199 1931 Orosius:

208 1968 315 2004 Cesar
337 1970 488 2004 Romam
510 1973 590 2014 post
605 1970 781 2014 ingentem
798 1969 980 2002 uictoriam
996 1968 1112 2003 rediit.
1136 1968 1209 2002 Ubi
1225 1969 1307 2003 dum
1323 1968 1536 2013 Reipublice
1554 1977 1680 2005 statum
1698 1979 1820 2006 conta-a
1836 1972 1998 2018 exempla

0 2027 3 2053 l
53 2024 96 2058 30
121 2023 289 2068 majorum
311 2023 489 2064 instaurat,
512 2023 714 2057 auctoribus
735 2023 857 2063 Bruto,
881 2028 916 2055 et
938 2022 1072 2063 Cassio,
1097 2023 1239 2056 conscio
1262 2023 1368 2057 etiam
1383 2024 1534 2067 plurimo
1549 2031 1682 2066 senatu,
1698 2026 1736 2058 in
1759 2028 1858 2060 curia
1873 2027 1998 2072 uiginti

0 2190 13 2212 ll

119 2076 230 2111 tribus
251 2077 454 2110 uulneribus
480 2078 661 2111 confossus
684 2076 827 2110 interiit.
874 2076 915 2109 In
931 2087 999 2121 qua
1016 2076 1257 2121 conjuratione
1281 2077 1390 2111 fuisse
1415 2078 1562 2121 amplius
1578 2090 1681 2122 quam
1698 2090 1748 2113 Lx
1765 2082 1926 2115 conscios
1942 2083 1996 2115 fe-

119 2137 214 2165 runt:
239 2131 308 2165 duo
331 2131 452 2164 Brucii
476 2137 512 2164 et
535 2131 654 2175 Gajus,
679 2136 715 2164 et
738 2130 877 2164 Cassius
900 2130 1030 2174 aliique
1052 2130 1141 2164 socii
1164 2130 1296 2164 strictis
1318 2131 1534 2176 pugionibus
1556 2133 1592 2165 in
1617 2133 1828 2177 Capitolium
1844 2146 1999 2169 secesse-

120 2191 210 2219 runt.
251 2185 321 2218 Diu
344 2185 476 2229 quippe
499 2184 727 2218 deliberatum
751 2190 815 2225 est,
838 2190 954 2217 utrum
977 2184 1188 2227 Capitolium
1213 2195 1291 2218 cum
1315 2186 1513 2219 auctoribus
1537 2188 1634 2221 cedis
1651 2194 1829 2231 oporteret
1843 2190 1998 2224 incendi.

120 2237 254 2283 Corpus
275 2239 381 2284 igitur
403 2239 479 2284 ejus
502 2244 651 2282 raptum,
675 2243 709 2271 et
730 2238 879 2282 populus
903 2238 1025 2272 dolore
1048 2238 1241 2271 stimulatus
1271 2239 1308 2272 in
1339 2239 1418 2272 foro
1449 2240 1659 2284 fragmentis
1689 2241 1923 2282 tribunalium,
1955 2255 1998 2277 ac

56 2289 98 2326 35
120 2292 359 2327 subselliorum
382 2292 597 2326 cremauit¹¹.
643 2291 787 2326 Uictor'
811 2292 926 2326 ciuilis
949 2292 1034 2326 belli
1058 2302 1079 2325 a
1101 2292 1237 2326 ciuibus
1260 2292 1369 2327 Cesar
1393 2300 1538 2338 propter
1563 2295 1786 2330 clementiam
1810 2298 1996 2332 occiditur.
2047 2316 2060 2330 c

120 2345 176 2380 Ac
196 2353 342 2391 propter
363 2346 431 2380 hoc
456 2353 590 2380 certum
614 2353 699 2387 erat,
723 2347 806 2391 quia
830 2347 940 2381 Cesar
963 2346 1105 2391 indigne
1127 2353 1330 2391 peremptus
1352 2347 1472 2392 plures
1494 2355 1617 2392 postea
1639 2350 1763 2384 habuit
1785 2352 1915 2386 ultores
1927 2351 1962 2386 ¹².

209 2471 234 2491 2.
252 2465 347 2498 precio
364 2466 391 2490 B
404 2465 428 2490 C
438 2478 472 2484 —-
486 2471 512 2497 3.
525 2465 632 2490 Toclus
655 2464 679 2490 C
688 2477 722 2483 —
742 2469 767 2497 5.
780 2464 984 2490 Alexandriam
1008 2465 1032 2489 C
1043 2479 1075 2484 —
1089 2463 1115 2490 6.
1128 2465 1219 2490 tercio
1232 2465 1259 2489 B
1273 2465 1296 2490 C
1305 2479 1339 2484 —
1353 2474 1379 2500 9.
1392 2467 1493 2492 contra
1511 2467 1630 2501 Pompei
1648 2467 1723 2493 filios
1742 2468 1904 2502 profectum
1927 2469 1951 2494 C
1963 2484 1996 2488 —

125 2513 167 2533 ιι.
180 2507 315 2535 Attmum
327 2507 353 2533 A
362 2509 389 2533 B
402 2508 426 2533 C
437 2522 467 2526 —
486 2515 526 2541 13.
539 2508 632 2533 eclam
649 2508 673 2532 C
682 2521 716 2527 —
732 2514 774 2540 ¹4·
787 2507 900 2540 fuglam
912 2507 938 2532 A
950 2520 962 2526 -
974 2508 1119 2541 Lapienus
1132 2508 1158 2533 A
1167 2508 1194 2532 B
1206 2508 1230 2532 C
1241 2521 1275 2526 —-
1290 2508 1330 2534 16.
1344 2508 1484 2534 immensa
1495 2509 1523 2533 B
1536 2509 1560 2534 C
1570 2524 1603 2528 —
1619 2517 1660 2543 19.
1674 2510 1850 2536 insolencius
1867 2512 1890 2536 C
1900 2525 1933 2530 —
1953 2519 1996 2538 20.

110 2550 156 2575 set
175 2549 200 2574 C
209 2564 242 2569 -
261 2556 304 2576 21.
316 2549 440 2576 iatIebat
462 2550 486 2575 C
501 2563 514 2568 -
531 2550 779 2584 conjuramentum
801 2549 825 2574 C
836 2563 869 2568 —
883 2556 926 2582 ²3·
945 2556 1071 2583 unquam
1083 2550 1111 2574 B
1123 2550 1146 2574 C
1156 2564 1190 2569 —
1205 2555 1248 2582 27.
1259 2551 1423 2582 clemencia,
1441 2551 1624 2577 clemenciam
1641 2552 1668 2576 B
1681 2552 1704 2576 C
1715 2567 1749 2572 —
1763 2559 1807 2586 29.
1820 2553 1889 2580 dura
1900 2551 1958 2588 (stc)
1971 2555 1996 2579 A

123 2604 157 2619 ψ
170 2598 212 2626 30.
225 2592 316 2618 statu
326 2592 352 2617 A
366 2605 378 2612 -
391 2593 480 2618 eclam
493 2593 520 2617 B
532 2591 556 2617 C
572 2605 606 2611 —
619 2597 716 2625 32-33.·
724 2599 753 2617 se
770 2593 916 2618 cesserunt
932 2592 957 2617 A
973 2592 996 2617 C
1006 2605 1041 2611 —
1054 2596 1098 2625 35.
1111 2591 1304 2625 clementiam]
1324 2593 1348 2618 C
1362 2601 1439 2626 agg..-
1452 2593 1519 2619 bem
1533 2606 1544 2612 -
1556 2594 1723 2628 clemencia]
1736 2595 1922 2621 clemencIam
1935 2597 1962 2620 B
1976 2597 2000 2621 C

63 2673 95 2702 >⁵
208 2667 218 2686 ¹
237 2669 374 2703 Onustus,
393 2671 442 2703 VI,
464 2669 505 2702 16,
525 2680 542 2703 4
560 2677 575 2696 e
596 2675 609 2703 5
630 2669 669 2704 (p.
691 2670 764 2704 217).
1170 2669 1182 2687 ⁷
1200 2671 1253 2703 In„
1271 2671 1321 2703 1v,
1343 2671 1384 2704 16,
1404 2671 1421 2698 6
1434 2680 1449 2697 e
1469 2677 1493 2705 7.
1530 2673 1582 2698 Del
1601 2671 1616 2705 ξ
1636 2673 1652 2699 8
1673 2672 1700 2697 R
1718 2673 1790 2698 salta
1804 2682 1844 2699 un
1863 2674 1995 2706 periodo.

68 2723 73 2728 ¹
207 2709 220 2728 ¹
237 2712 288 2743 In„
310 2712 356 2744 VI,
379 2712 422 2744 16,
442 2719 456 2738 2
476 2711 517 2747 (p.
537 2713 613 2746 217).
1169 2711 1181 2729 ⁸
1199 2714 1302 2740 Manca
1321 2715 1351 2739 in
1370 2721 1390 2739 R
1411 2712 1490 2740 “....
1510 2717 1655 2739 contracta
1674 2715 1804 2741 celeriter
1821 2724 1882 2742 non
1905 2725 1995 2750 parva

208 2752 220 2771 ⁸
237 2755 280 2781 La
298 2755 385 2781 srase:
405 2763 465 2780 cum
483 2763 537 2787 qua
555 2756 646 2788 stupri
662 2756 878 2781 consuetudinem
896 2756 1026 2782 habuerat
1081 2756 1095 2771 ‘¹
1105 2756 1309 2782 Lusitanorum
1329 2764 1414 2782 manu
1427 2763 1491 2781 cum
1505 2756 1647 2782 Caesonio
1660 2765 1828 2790 congressus
1841 2759 1886 2784 est
1887 2776 1976 2791 ......

121 2793 137 2822 ὲ
155 2803 237 2830 presa
255 2796 400 2822 dall’Hist.
420 2797 510 2826 illisa,
529 2797 581 2823 lib.
599 2797 648 2829 v1,
668 2798 712 2830 38,
732 2797 770 2831 (p.
793 2798 865 2831 158).
1169 2797 1181 2815 ⁹
1200 2798 1252 2830 In„
1272 2799 1320 2830 VI,
1343 2798 1383 2830 16,
1404 2798 1420 2824 8
1440 2806 1455 2824 ο
1475 2807 1500 2832 9.

209 2837 222 2855 ⁴
240 2839 344 2864 Auium
368 2839 480 2868 Varum,
499 2839 562 2865 dice
582 2839 721 2871 OROSmS,
739 2840 789 2872 VI,
811 2839 851 2872 16,
870 2839 897 2866 6.
921 2841 962 2866 Le
974 2848 1025 2874 ps.-
1161 2840 1185 2858 ¹⁰
1202 2849 1222 2867 R
1240 2843 1322 2876 parte
1341 2843 1434 2873 sunta,
1445 2843 1525 2874 parte
1539 2843 1623 2876 copla
1641 2843 1671 2868 la
1690 2843 1761 2868 Hi'st.
1781 2843 1872 2874 Mi‘sc..
1891 2844 1940 2876 VI,
1959 2852 1992 2877 41

65 2885 99 2907 xo
121 2881 182 2907 tols
199 2880 229 2907 in
247 2882 360 2907 corsivo
379 2888 451 2907 sono
471 2882 501 2907 di
520 2889 546 2907 a.
1081 2884 1141 2919 (pp.
1163 2884 1304 2918 160-161).

209 2922 221 2940 ⁵
235 2923 363 2955 Orosius,
382 2924 433 2949 che
451 2925 501 2958 qui
520 2931 539 2949 R
557 2925 649 2959 eopia,
662 2925 816 2959 aggiunge:
838 2925 925 2951 “cum
945 2927 1026 2952 caedi
1159 2925 1180 2943 ¹¹
1201 2927 1339 2958 ORost,
1359 2926 1409 2958 VI,
1433 2931 1473 2959 17,
1496 2933 1541 2958 1=3
1567 2927 1605 2961 (p.
1626 2927 1688 2961 219)
1707 2928 1816 2962 copiati
1836 2930 1917 2962 quasi
1939 2929 1994 2955 alla

122 2963 264 2998 ‘coquue
276 2964 368 2990 aciem
386 2972 466 2991 susm
485 2966 614 3003 cerneret
622 2983 647 2998 η.
752 2976 754 2979 ·
1081 2969 1192 3000 lettera,
1212 2970 1321 2994 eccetto
1341 2969 1366 2995 le
1383 2969 1482 3001 parole
1502 2969 1533 2993 in
1552 2969 1676 2995 corsivo.

208 3005 220 3023 ⁶
238 3006 357 3033 Orosius
385 3007 399 3021 ³
410 3025 467 3034 ....
485 3009 651 3042 praevenire
679 3010 770 3035 morte
801 3008 928 3035 futurum
954 3011 1026 3037 victl
1161 3008 1183 3026 ²²
1201 3010 1252 3042 In„
1274 3010 1324 3043 VI,
1344 3014 1385 3042 17,
1407 3010 1461 3042 5-6.

123 3047 138 3063 ‘¹
147 3047 260 3075 dedecus
277 3046 414 3082 cogitaris
422 3067 446 3082 ,.

2031 260 2110 286 Mum,
2126 266 2160 283 cc.
2170 267 2235 288 44-45

2047 1363 2126 1388 Mum,
2141 1369 2167 1388 45

2047 1424 2068 1439 ε,
2082 1420 2109 1439 62
2119 1418 2132 1438 b

2025 2681 2056 2708 15

2023 2897 2059 2916 20
