2398 3470
139 223 214 246 Mun„
231 229 251 244 c.
268 224 306 248 184

134 346 174 368 iul.
190 347 216 367 28

138 937 183 956 11:6
199 938 256 961 sepi.

319 1682 352 1700 10

323 1890 354 1917 15

324 2106 360 2125 20

327 2321 359 2348 ²5

329 2537 364 2563 30

332 2749 364 2777 35

1147 213 1462 250 CHRONICON
1916 221 1969 258 [A.
1988 224 2022 252 c.
2043 224 2231 259 1126-11271

379 288 2176 302 ..............................................................................................................................................................................................

372 335 523 369 nationis
546 335 760 368 MCXXVII
794 345 913 367 mense
937 335 1036 375 Iulio,
1070 336 1106 368 in
1129 337 1219 370 festo
1241 336 1335 370 beati
1359 337 1512 377 Nazarii,
1535 337 1731 372 indictione
1765 339 1809 379 V,
1841 341 1997 383 sepultus
2030 347 2083 375 est
2117 347 2229 374 autem

374 390 468 433 apud
491 389 675 421 Salernum
700 387 735 420 in
758 388 888 421 tumulo
910 389 1019 432 patris
1043 390 1096 422 sui
1121 390 1156 422 in
1181 390 1334 423 ecclesia
1357 390 1452 424 beati
1473 391 1609 424 Mathei
1634 392 1794 435 apostoli,
1818 403 1923 436 quam
1937 394 2140 429 Robbertus
2161 395 2233 428 dux

373 453 459 475 auus
483 442 558 475 eius
581 452 602 473 a
618 442 853 475 fundamentis
869 442 1095 476 edificauerat
1110 443 1132 476 ¹.
1178 444 1262 477 Fuit
1277 450 1392 477 autem
1407 444 1630 487 W[illelmus]
1646 445 1716 479 dux
1732 451 1861 480 statura
1875 447 2070 488 mediocris,
2086 458 2234 491 corpore

373 495 522 540 gracilis,
546 495 647 528 miles
683 495 798 528 audax
823 501 857 528 et
879 501 1050 535 strenuus,
1083 503 1118 530 et
1141 497 1177 530 in
1200 497 1342 531 militari
1374 504 1447 531 arte
1479 498 1618 541 peritus,
1653 499 1781 543 largus,
1812 500 1963 540 humilis,
1998 501 2167 546 benignus
2198 508 2232 534 et

374 549 518 592 patiens,
543 548 698 582 affabilis
721 548 892 590 omnibus,
914 551 993 593 pius
1016 556 1051 583 et
1073 550 1283 590 misericors,
1308 557 1343 584 et
1367 563 1388 584 a
1409 553 1480 584 suis
1502 552 1701 586 hominibus
1723 554 1869 587 multum
1891 553 2050 594 dilectus,
2066 555 2234 589 ecclesias

374 602 442 635 Dei
467 607 502 635 et
525 603 701 635 ministros
725 603 799 635 eius
822 604 1049 637 uehementer
1063 604 1250 638 honorans.
1297 605 1423 638 Comes
1438 615 1524 638 uero
1548 605 1759 650 Roggerius,
1775 607 1894 640 audita
1916 613 2026 642 morte
2041 608 2234 651 W[illelmi]

376 656 485 694 ducis,
510 656 570 699 qui
606 667 684 689 eum
707 656 875 690 heredem
899 657 1107 697 instituerat,
1136 658 1249 691 statim
1284 669 1363 692 cum
1388 659 1498 703 galeis
1533 659 1715 693 Salernum
1746 660 1854 699 uenit,
1889 667 1924 694 et
1958 672 1980 694 a
2006 661 2235 695 Salernitanis

375 708 509 742 ciuibus
532 710 724 743 honorifice
749 717 912 753 receptus
937 718 989 744 est
1012 712 1137 756 quibus
1159 713 1349 746 tenimenta
1381 718 1416 745 et
1446 713 1683 756 possessiones
1712 719 1748 746 et
1779 714 1938 757 antiquas
1967 715 2235 749 consuetudines

376 763 604 802 confirmauit,
629 769 665 796 et
688 774 749 796 eos
772 764 807 796 in
831 775 894 798 suo
917 765 1051 808 recepit
1073 765 1235 799 hominio.
1282 766 1422 799 Turrim
1446 773 1560 799 tamen
1583 767 1748 800 maiorem
1772 767 1806 799 in
1831 778 1950 801 eorum
1968 773 2139 811 potestate
2157 768 2238 801 reli-

375 816 452 859 quit
464 815 487 849 ².
534 817 605 856 Qui
628 817 665 850 in
689 818 812 851 eadem
837 819 980 851 ciuitate
1003 818 1047 852 ab
1071 818 1204 852 Aliano
1229 819 1490 863 Caputaquensi
1514 820 1682 863 episcopo
1705 825 1758 853 est
1780 825 1905 854 unctus
1935 821 1973 854 in
2003 821 2200 864 principem
2210 819 2234 854 ³.

379 870 515 903 Dehinc
539 871 690 915 Regium
714 872 860 904 ueniens
882 871 1014 905 ibidem
1037 872 1073 904 in
1097 873 1221 906 ducem
1245 872 1373 915 Apulie
1397 874 1457 906 est'
1479 878 1658 916 promotus
1681 879 1716 906 et
1739 873 1789 907 sic
1810 874 1848 907 in
1872 873 2026 907 Siciliam
2050 873 2156 908 rediit
2167 873 2192 907 ⁴.

469 926 484 942 “
497 923 602 958 Anno
626 925 766 958 Domini
790 925 1002 959 MCXXVII
1024 926 1217 959 indictione
1239 926 1291 959 VI
1307 937 1426 960 mense
1451 926 1668 970 Septembris
1683 926 1906 960 Boamundus
1919 927 2056 961 iuuenis
2071 928 2237 962 transfre-

381 978 395 995 “
411 979 497 1011 tauit
519 979 556 1011 in
578 977 815 1018 Antiochiam,
840 984 875 1012 et
898 980 1014 1013 factus
1037 987 1090 1012 est
1112 979 1280 1022 princeps
1294 980 1330 1012 in
1348 980 1427 1014 loco
1442 981 1551 1023 patris
1566 980 1632 1019 sui,
1648 986 1684 1014 et
1706 990 1827 1013 omnes
1844 981 2002 1014 ciuitates
2016 991 2096 1014 suas
2109 979 2238 1024 Apulie

383 1033 398 1049 ‘⁴
412 1032 531 1065 comiti
555 1032 684 1066 domno
707 1032 911 1066 Alexandro
936 1032 1170 1077 consaguineo
1194 1033 1246 1066 sui
1269 1033 1422 1077 reliquid
1433 1033 1456 1072 ⁵,
1480 1039 1519 1066 ut
1541 1034 1620 1066 uice
1644 1044 1705 1066 sua
1729 1034 1779 1066 eis
1801 1039 1956 1067 uteretur
1968 1032 1990 1067 ⁶.
2037 1034 2115 1067 Hoc
2146 1044 2238 1068 anno

465 1248 490 1267 2.
510 1241 600 1266 ecclia
623 1241 646 1266 C
662 1255 674 1260 -
693 1242 804 1267 Mathia
827 1241 850 1265 C
866 1242 898 1265 di
910 1242 1003 1273 prima
1015 1248 1092 1265 mano
1104 1240 1151 1265 che
1163 1247 1275 1265 cor-resse
1283 1241 1333 1272 poi
1343 1241 1372 1265 in
1385 1240 1495 1265 Mathei
1510 1253 1542 1258 --
1556 1247 1582 1272 3.
1596 1239 1770 1265 Guillelmus
1785 1241 1811 1265 B
1823 1241 1847 1266 C
1856 1247 1870 1264 e
1882 1239 1983 1269 Arndt,
1994 1240 2104 1264 tacendo
2115 1240 2238 1264 medante

372 1285 397 1310 A
416 1298 449 1302 —
470 1292 494 1317 5.
513 1285 629 1318 paciens
646 1285 670 1309 C
684 1293 698 1308 e
717 1285 819 1313 Arndt,
837 1285 945 1309 tacendo
962 1285 1084 1308 var-fante
1104 1284 1129 1308 A
1141 1285 1180 1314 B·‚
1195 1297 1228 1302 ——
1242 1282 1268 1308 6.
1280 1282 1422 1316 Rogerius
1437 1284 1461 1309 C
1471 1291 1486 1306 e
1497 1283 1589 1308 Arndt
1600 1295 1613 1302 -
1626 1282 1778 1307 Guillelmi
1801 1282 1823 1307 C
1839 1291 1852 1306 e
1871 1283 1972 1313 Arndt,
1990 1283 2099 1308 tacendo
2116 1283 2240 1308 varim

376 1327 401 1351 A
410 1327 436 1351 B
456 1340 487 1344 -—
508 1325 534 1352 8.
553 1328 681 1360 receptus
694 1327 737 1351 est
756 1326 914 1351 honorifice
937 1326 960 1350 C
975 1334 989 1350 ε
1007 1326 1110 1354 Arndt,
1130 1326 1237 1350 tacendo
1249 1326 1372 1350 variante
1384 1325 1408 1349 A
1418 1326 1445 1349 Β
1459 1338 1491 1342 ——
1504 1331 1579 1358 9-10.
1592 1325 1717 1357 reliquid
1740 1325 1764 1349 C
1779 1333 1793 1349 e
1810 1325 1911 1353 Arndt,
1924 1325 2032 1349 tacendo
2043 1325 2166 1349 valante
2177 1324 2202 1349 A
2213 1325 2240 1349 B

378 1375 422 1393 12.
441 1369 530 1393 Anno
558 1369 680 1394 Domini
700 1368 881 1394 MCXXVII.
893 1385 937 1394 ...
962 1369 1090 1393 uteretur
1114 1368 1138 1392 Α
1163 1375 1269 1397 maneas
1295 1375 1338 1391 ma
1355 1367 1385 1391 la
1409 1374 1485 1391 mano
1510 1367 1556 1391 del
1571 1374 1620 1392 sec.
1645 1367 1738 1392 XVII
1751 1367 1923 1391 l'n'ntrodusse
1941 1367 1972 1391 al
1987 1367 2111 1399 margunc
2133 1366 2242 1391 nmio

375 1411 409 1443 B,
423 1412 486 1436 dove
498 1412 598 1443 leggesi
605 1420 612 1436 :
627 1412 775 1436 Anum...
798 1411 962 1436 indictione
976 1410 1023 1435 VI.
1036 1411 1128 1435 Arndt
1146 1413 1239 1442 teu-que
1251 1410 1349 1434 lacuna
1361 1410 1385 1434 A
1398 1417 1411 1434 e
1424 1410 1547 1434 var-'ante
1560 1411 1587 1434 B
1600 1423 1632 1427 —
1650 1417 1691 1442 14.
1705 1410 1779 1441 Dopo
1792 1410 1920 1439 uteretur
1938 1409 2016 1434 δατ-το
2032 1409 2173 1434 continuas
2186 1408 2238 1434 Al-

374 1459 437 1481 tero
450 1464 519 1481 uero
539 1464 686 1482 annm...
706 1458 849 1481 remearet.
887 1456 976 1488 Segne
993 1463 1054 1480 con:
1073 1455 1134 1480 Hoc
1148 1462 1226 1480 anno
1239 1454 1440 1488 Rogerius....
1461 1454 1592 1487 arripuit.
1612 1454 1690 1487 Papa
1709 1461 1778 1481 uero
1798 1453 1900 1478 videns
1919 1455 1975 1483 etc;
1995 1461 2039 1478 ma
2063 1454 2094 1478 in
2113 1454 2155 1479 B:
2173 1453 2235 1479 Hoc

376 1509 454 1526 anno
468 1501 642 1534 Rogerius..
654 1518 678 1526 ..
696 1502 710 1525 ἑ
729 1502 871 1525 introdotto
889 1501 954 1532 dopo
974 1500 1113 1534 Capuano
1132 1500 1265 1533 principe
1285 1508 1299 1524 e
1315 1500 1409 1532 prima
1431 1500 1462 1524 di
1482 1498 1629 1532 Raydulfo
1649 1499 1754 1524 comite
1768 1498 1885 1531 Ayrole,
1899 1498 2112 1530 interrumpendo
2129 1497 2154 1522 {1
2169 1504 2242 1523 neno

376 1546 458 1578 logico
477 1547 523 1571 dei
526 1545 604 1576 fatti.
629 1546 652 1570 C
662 1547 692 1570 in
705 1549 794 1577 questo
802 1548 890 1578 punto
903 1545 937 1569 ba
950 1545 1074 1577 migh'orae
1087 1545 1192 1570 leubae.
1230 1545 1257 1569 B
1269 1544 1298 1575 C,
1310 1544 1347 1578 A,
1360 1544 1403 1578 ΑΞ,
1416 1544 1462 1578 A„
1476 1543 1514 1577 Ae
1526 1545 1711 1578 aggiungonot
1727 1544 1740 1557 “
1753 1543 1842 1568 Anno
1857 1543 1890 1568 ab
1904 1544 2106 1568 incarnatione
2118 1542 2240 1568 Domlni

380 1636 474 1661 Chiesa
492 1636 673 1666 Salernitana,
692 1636 812 1669 Napoli,
832 1635 907 1669 1850,
926 1636 985 1660 vol.
997 1635 1032 1665 ΙΙ,
1047 1643 1073 1669 p.
1087 1641 1130 1668 73.
1167 1634 1221 1660 Fin
1235 1634 1283 1659 dal

383 1686 451 1711 1090
470 1679 492 1704 il
512 1679 599 1712 padre
618 1687 669 1704 suo
683 1679 828 1712 Ruggiero
843 1686 912 1704 avea
926 1679 1035 1704 donato
1047 1678 1283 1703 all’arcivescovo

381 1720 410 1744 di
430 1720 564 1745 Salerno:
584 1719 696 1744 sudeam
714 1719 797 1744 huius
809 1722 895 1744 nostre
914 1719 1086 1744 Salernitane
1097 1717 1214 1744 civitatis
1224 1726 1285 1742 cum

380 1763 501 1787 omnibns
520 1763 618 1791 iudeis,
636 1763 687 1794 qui
703 1763 733 1786 in
751 1762 801 1787 hac
818 1763 906 1787 eodem
926 1762 1000 1786 modo
1012 1762 1161 1786 habitantes
1173 1764 1246 1789 sunt,
1260 1763 1285 1785 et

373 1803 548 1835 surina...
569 1803 615 1828 Cf.
633 1803 808 1834 Motum-om,
820 1804 853 1828 Α.
867 1803 888 1828 I.
910 1804 952 1829 Μ
965 1804 1010 1833 Ε,
1023 1803 1044 1832 Ι,
1065 1802 1124 1827 216.
1166 1802 1286 1833 Oli'bano,

383 1846 509 1877 Oliveto,
529 1844 545 1871 ὲ
565 1846 611 1871 nel
630 1845 800 1879 Principato
826 1846 967 1877 citeriore,
987 1852 1005 1869 a
1030 1845 1106 1870 circa
1128 1851 1162 1878 29
1180 1845 1224 1870 ch.
1250 1845 1285 1869 ds

383 1889 503 1915 Salerno
522 1897 537 1914 e
556 1896 654 1922 presso
678 1888 914 1914 Montecorbino.
951 1889 1065 1913 Pas-tina
1090 1895 1108 1913 ο
1133 1888 1247 1912 Pastena
1271 1886 1286 1913 *e

384 1939 481 1966 presso
500 1931 605 1957 Amalfl
624 1931 699 1957 dove
712 1938 819 1957 ancora
827 1931 854 1956 si
866 1938 1006 1956 conserva
1018 1931 1042 1955 11
1056 1937 1141 1955 nome
1154 1930 1183 1955 di
1198 1930 1286 1962 luogo

385 1982 402 1999 a
420 1974 619 2007 piantagione,
637 1975 673 2000 da
687 1977 840 2007 pmenare,
854 1975 991 2007 piansare.

477 2015 486 2032 ¹
505 2016 603 2042 Faveo
623 2017 878 2048 &navim-rmus,
897 2016 941 2041 ed.
966 2016 1017 2041 cit.
1035 2023 1063 2049 p.
1084 2022 1147 2050 192:
1175 2015 1287 2041 “Anno

390 2059 404 2073 ‘¹
418 2066 483 2093 1¹²7
503 2060 649 2085 dominice
669 2060 887 2085 incarnationIs.
923 2059 985 2084 Hoc
1011 2066 1088 2084 anno
1108 2058 1166 2084 dux
1185 2066 1288 2091 preno-

391 2102 544 2128 “minatus
572 2101 745 2127 Guillelmus
772 2102 826 2127 vn
856 2101 994 2126 kalendas
1019 2102 1132 2133 augusti
1160 2103 1290 2126 mortuus

392 2146 406 2159 ‘¹
417 2147 459 2171 est
469 2161 493 2176 ,μ
529 2145 560 2170 Ε.
581 2143 712 2175 GASPAR,
730 2144 818 2177 Roget
836 2144 874 2169 II
887 2142 1044 2176 (nos-1154)
1062 2144 1120 2168 und
1137 2144 1180 2168 die
1200 2144 1294 2169 Gran-

389 2189 464 2221 dung
481 2189 530 2212 der
545 2187 916 2212 Nor-mannhck-Stciliscben
933 2185 1097 2215 nonantule,
1123 2186 1291 2216 Innsbruck,

393 2237 472 2264 1904,
492 2237 518 2264 p.
545 2230 588 2260 61,
615 2230 758 2263 seguendo
779 2229 804 2254 le
824 2228 1007 2254 conclusioni
1033 2228 1078 2253 del
1104 2228 1293 2263 Bnnmruzm,

387 2273 481 2298 lat-rh.
501 2274 526 2298 d.
547 2273 573 2298 d.
596 2271 688 2298 Ges-ch.
707 2272 808 2297 Lotlmr
820 2280 844 2297 v.
863 2271 1067 2303 Suppunburg„
1089 2278 1115 2304 p.
1129 2276 1181 2303 274
1200 2279 1227 2295 n.
1250 2278 1292 2304 15,

389 2316 452 2340 dice
463 2315 628 2349 Gugiielmo
642 2317 737 2339 :nox-to
748 2315 770 2339 ii
783 2313 928 2347 261ug110.
967 2312 1166 2344 memrmon,
1176 2314 1208 2346 (Ι,
1220 2312 1292 2347 385),

389 2358 557 2383 accettando
577 2358 598 2382 il
619 2357 730 2382 calcolo
751 2358 778 2381 ‹li
800 2356 957 2381 Weinrcich
971 2355 1025 2387 (De
1037 2356 1185 2380 conditione
1198 2354 1293 2380 Italiae

389 2400 531 2432 inferioris
563 2400 692 2432 Gregorio
720 2400 829 2432 septimo
854 2399 984 2432 pontifice,
1015 2399 1186 2430 Konisberg,
1216 2397 1292 2431 1864,

391 2451 437 2476 pp.
457 2442 560 2476 91-93),
581 2442 691 2467 calcola
712 2443 739 2466 la
760 2441 773 2455 “
785 2441 839 2466 VII
857 2441 913 2466 kal.
927 2448 1015 2474 aug.„
1035 2440 1063 2465 al
1077 2447 1109 2473 25
1124 2441 1227 2472 luglio.
1246 2440 1293 2465 Ma

392 2486 413 2510 il
432 2484 620 2518 Necrologium
639 2484 806 2513 cassinense,
824 2483 846 2508 1.
866 2483 1017 2515 GATTULA,
1037 2482 1072 2512 11,
1086 2481 1148 2514 841,
1161 2483 1294 2507 coincide

391 2536 447 2558 con
467 2535 507 2557 R.;
529 2528 556 2552 la
576 2527 648 2552 festa
667 2528 697 2551 di
717 2534 767 2552 san
787 2527 921 2555 Nazario,
941 2525 1066 2550 secondo
1086 2526 1106 2549 11
1129 2525 1292 2550 Martirolo-

392 2572 441 2604 gio
461 2570 612 2595 Cassinese
630 2569 706 2603 (cua.
726 2576 788 2602 330,
807 2568 962 2599 GATTULA,
981 2568 1016 2597 11,
1035 2568 1098 2600 347)
1117 2574 1132 2592 e
1146 2568 1174 2592 la
1190 2568 1294 2592 “Liste

395 2613 466 2638 “des
486 2613 604 2644 Saints„
628 2614 657 2637 in
677 2611 764 2644 Gmr,
785 2611 899 2636 Manae!
911 2611 943 2635 de
955 2610 1154 2643 diplomatique‚
1180 2618 1207 2643 p.
1235 2617 1294 2642 303,

394 2658 501 2681 ricorre
515 2656 542 2680 al
555 2655 589 2680 28
600 2655 695 2688 luglio
703 2656 739 2687 (V
750 2655 805 2679 kal.
821 2654 906 2686 aug).
933 2653 967 2678 In
978 2654 1077 2685 questa
1089 2653 1154 2677 data
1165 2654 1294 2686 appunto

393 2699 425 2723 in
444 2697 572 2728 Gutum,
590 2698 777 2730 Necrologt'um
802 2698 834 2721 dt·
848 2704 896 2721 san
921 2695 1019 2720 Matteo
1044 2695 1076 2718 at
1098 2694 1222 2723 Salerno,
1244 2697 1296 2720 cit.

395 2749 420 2774 p.
443 2747 502 2772 103,
522 2741 546 2764 si
566 2741 659 2773 legge:
678 2740 755 2764 Anno
774 2739 903 2763 dominice
927 2737 1121 2762 incarnauonis
1145 2737 1306 2761 MCXXVI

396 2782 452 2815 (an.
466 2790 489 2807 c,
506 2790 516 2807 1
524 2783 584 2814 127)
598 2790 683 2807 mense
696 2782 764 2806 iulio
775 2781 931 2806 indictionis
943 2780 1037 2811 quinte
1048 2779 1171 2803 dornn'nus
1185 2778 1300 2803 Guih'el-

396 2833 456 2849 mus
473 2826 529 2849 dux
548 2825 620 2850 obiit.
658 2824 810 2856 (Scrittura
836 2822 959 2857 capitale
986 2829 1017 2846 su
1045 2821 1134 2846 fondo
1162 2821 1197 2845 ad
1223 2821 1298 2853 oro).

397 2868 516 2892 Ancora
537 2876 593 2892 una
612 2868 694 2892 volta
714 2875 739 2892 R.
761 2868 795 2892 ha
816 2868 902 2900 plena
921 2865 1050 2898 ragione.

485 2909 497 2927 2
510 2910 608 2935 FALeo
619 2911 873 2939 ΒεΝΕνΕΝΤΑΝυ-ῆ,
887 2916 934 2942 pp.
947 2915 1006 2941 193,
1023 2915 1085 2940 194:
1101 2907 1113 2919 ‘⁴
1123 2924 1129 2931 .
1138 2923 1144 2931 .
1154 2924 1175 2931 ..
1191 2907 1300 2931 Iuravit

335 2963 370 2988 40
402 2953 524 2978 “statim
544 2960 637 2977 comes
658 2953 708 2977 ille
728 2952 871 2985 Rogerius
890 2951 965 2983 quod
985 2950 1048 2974 sine
1067 2949 1177 2973 iudicio
1197 2950 1225 2973 et
1238 2950 1300 2973 sine

402 2995 506 3028 “culpa
534 3003 580 3019 vos
608 3003 665 3019 non
693 2997 788 3029 capiat
816 3002 904 3028 neque
931 2995 992 3026 capi
1022 2993 1181 3026 permittat,
1208 2999 1298 3025 neque

1342 1634 1448 1660 “extra
1467 1634 1528 1659 dies
1547 1633 1620 1659 duos
1640 1635 1670 1658 in
1690 1634 1877 1666 expeditione
1897 1633 1966 1658 ilios
1986 1632 2131 1666 perducat,
2149 1634 2179 1661 et
2195 1639 2243 1658 cs.-

1342 1677 1356 1690 “
1367 1677 1479 1702 stellum
1499 1676 1601 1702 Turris
1620 1676 1739 1701 maioris
1758 1677 1792 1701 de
1805 1675 1922 1701 illorum
1935 1676 2079 1709 potestate
2092 1682 2150 1700 non
2163 1675 2242 1700 suse—

1341 1718 1355 1732 “
1367 1721 1419 1749 rat,
1439 1721 1468 1745 et
1487 1720 1512 1744 si
1531 1719 1594 1752 quis
1613 1719 1766 1744 abstulerit
1784 1718 1844 1743 eius
1863 1718 1976 1743 auxilio
2003 1718 2054 1743 nub
2073 1725 2172 1743 eorum
2191 1724 2242 1751 po-

1342 1762 1355 1776 “
1367 1763 1471 1788 testate
1488 1763 1631 1787 restituat.
1667 1761 1704 1786 Et
1722 1762 1768 1786 his
1790 1761 1863 1786 actis
1877 1761 2026 1786 civitatem
2037 1760 2201 1794 ingreditur
2213 1760 2242 1784 et

1343 1805 1407 1830 “ibi
1436 1805 1556 1830 honeste
1587 1805 1782 1830 commoratur
1790 1820 1812 1836 ‚.
1849 1803 2036 1828 Anamis-,R
2066 1801 2243 1832 Tamus,

1339 1848 1371 1873 in
1390 1848 1455 1872 DEL
1472 1846 1525 1879 Ru,
1544 1850 1584 1879 op.
1603 1847 1659 1878 cie„
1677 1847 1737 1872 vol.
1755 1845 1778 1878 1,
1796 1846 1847 1871 lib.
1865 1853 1889 1871 c.
1908 1846 1934 1870 V
1952 1853 1967 1871 e
1986 1845 2033 1875 VI,
2051 1853 2100 1879 pp.
2117 1851 2150 1878 91
2169 1852 2186 1870 e
2197 1851 2241 1878 9²-

1429 1889 1440 1907 ³
1459 1881 1481 1915 1³⁴:
1502 1890 1637 1916 notevole
1655 1890 1706 1915 che
1727 1890 1749 1914 il
1768 1891 1853 1914 conte
1871 1889 2018 1922 Rugglero
2037 1896 2096 1914 non
2115 1887 2147 1913 fu
2159 1894 2242 1913 coro-

1342 1934 1412 1958 nato
1432 1933 1563 1966 principe
1582 1932 1840 1957 dall’arcivescovo
1854 1932 1884 1956 di
1902 1931 2023 1956 Salerno
2042 1929 2207 1956 Romualdo
2219 1929 2242 1959 1,

1342 1983 1387 2000 ma
1406 1975 1443 2000 da
1461 1974 1573 2000 Alsano
1592 1982 1718 2000 vescovo
1737 1975 1768 1999 di
1787 1973 1930 2007 Capaccio
1944 1981 1962 1999 o
1975 1974 2069 2003 Pesto,
2083 1979 2143 1998 non
2155 1972 2244 1998 ritor-

1343 2019 1411 2044 dato
1431 2017 1643 2047 dall’Uszm,
1662 2020 1701 2050 op.
1720 2018 1774 2047 cit„
1793 2024 1809 2042 e
1827 2016 1876 2042 dal
1896 2016 1992 2048 Gm,
2011 2016 2101 2042 Series
2116 2014 2245 2048 em·-

1342 2069 1412 2086 rum.
1449 2060 1498 2086 Ma
1517 2061 1540 2085 il
1555 2068 1638 2085 nome
1651 2060 1683 2085 di
1696 2060 1739 2084 lui
1752 2061 1858 2085 ricorre
1873 2060 1904 2084 in
1917 2065 1975 2084 una
1988 2058 2150 2084 donazione
2162 2056 2246 2086 satta,

1345 2104 1390 2129 col
1410 2104 1439 2129 di
1455 2103 1495 2128 lui
1510 2110 1651 2128 consenso
1666 2102 1851 2127 nell’ottobre
1867 2109 1942 2134 1134,
1956 2101 2016 2126 ind.
2031 2107 2074 2133 13,
2087 2100 2124 2125 dn
2136 2099 2246 2132 Lampo

1345 2147 1373 2171 di
1394 2145 1546 2171 Fasanella
1564 2145 1624 2170 alla
1642 2145 1728 2170 badia
1754 2144 1783 2169 di
1804 2142 1884 2169 Cava
1909 2143 1955 2168 dei
1980 2142 2106 2167 Tirreni.
2142 2141 2188 2167 Cf.
2213 2140 2246 2166 ln

1346 2187 1582 2221 quelPArcfflvio,
1594 2187 1671 2212 Arm.
1685 2187 1719 2211 H.
1732 2194 1774 2219 14,
1787 2187 1808 2211 il
1820 2186 1992 2211 documento
2006 2183 2158 2218 originale.
2177 2183 2246 2208 Nes-

1346 2239 1398 2256 sun
1418 2231 1495 2255 altro
1515 2230 1642 2255 cronista
1661 2230 1773 2262 riporta
1792 2230 1851 2254 tale
1869 2230 2058 2253 circostanza.

1436 2271 1448 2288 ⁴
1467 2272 1566 2298 FALco
1585 2272 1840 2301 Bmmvmvmuus,
1859 2279 1886 2304 p.
1908 2278 1966 2304 194,
1986 2270 2063 2303 dopo
2082 2269 2111 2294 la
2135 2268 2247 2293 dhnorn

1348 2317 1392 2340 del
1413 2318 1499 2341 conte
1517 2314 1664 2348 Ruggiero
1684 2323 1699 2339 a
1718 2314 1847 2344 Salerno,
1873 2321 1931 2338 non
1953 2313 2033 2346 paria
2059 2312 2135 2337 della
2153 2311 2183 2336 di
2204 2310 2246 2335 lui

1347 2358 1542 2383 coronazione
1561 2364 1577 2381 a
1596 2357 1676 2385 duca,
1691 2364 1736 2381 ma
1755 2357 1832 2381 dice:
1855 2357 1869 2370 “
1881 2355 2032 2380 Continuo
2045 2354 2146 2379 habito
2158 2352 2248 2386 (Rog-

1350 2401 1364 2414 “
1374 2399 1480 2433 getius)
1510 2400 1544 2424 ad
1574 2400 1693 2424 ducatus
1720 2399 1919 2432 arripiendum
1950 2398 2088 2422 honorem
2118 2396 2248 2421 animum

1350 2443 1494 2476 “impulit
1512 2443 1629 2473 elatum,
1648 2443 1676 2466 et
1694 2441 1821 2474 precepit
1834 2440 1968 2466 omnibus
1988 2441 2108 2473 interra
2126 2444 2178 2464 sua
2190 2444 2249 2462 mn-

1348 2487 1361 2501 ⁸
1375 2485 1519 2515 uentibus,
1539 2487 1571 2509 ut
1591 2485 1690 2509 ducem
1709 2483 1866 2516 Rogerium
1885 2490 1949 2508 eum
1974 2482 2149 2512 vocitarent,
2172 2479 2249 2512 quod

1351 2528 1404 2552 “et
1434 2527 1540 2551 factum
1567 2529 1610 2551 est
1621 2543 1645 2558 η.
1683 2525 1916 2550 Probabilmente
1944 2525 2045 2556 questo
2080 2523 2155 2548 fatto
2179 2522 2250 2547 deve

1350 2570 1472 2594 riserirsi
1491 2569 1550 2602 agli
1571 2568 1668 2593 ultimi
1683 2568 1754 2592 mesi
1767 2567 1812 2592 del
1829 2573 1904 2600 1127,
1919 2565 2090 2591 ritrovando
2103 2563 2249 2598 Ruggiero

1351 2621 1365 2637 a
1386 2612 1516 2636 Palermo
1537 2611 1558 2635 il
1582 2610 1614 2635 18
1632 2611 1759 2643 gennaio
1782 2608 1858 2634 1128.
1896 2608 1941 2634 Cf.
1962 2607 2106 2634 l’accordo
2125 2607 2154 2632 di
2175 2606 2250 2639 Rug-

1351 2656 1431 2686 giero
1450 2654 1522 2679 duca
1541 2654 1571 2678 di
1592 2653 1696 2685 Puglia
1716 2661 1730 2677 e
1749 2654 1834 2677 conte
1853 2652 1883 2676 di
1903 2651 2005 2676 Sicilia
2019 2658 2073 2676 con
2086 2648 2252 2674 Ralmondo

1351 2698 1435 2722 conte
1454 2697 1483 2721 di
1498 2696 1676 2725 Barcellona,
1695 2695 1774 2720 edito
1788 2694 1975 2722 dall’AMAiu,
1989 2693 2080 2718 Stm'a
2091 2690 2253 2716 &iuml-

1351 2740 1427 2764 mam'
1438 2741 1467 2764 in
1481 2738 1585 2767 Sicilia,
1599 2739 1658 2767 cit.,
1670 2737 1720 2768 111,
1733 2745 1759 2770 p.
1774 2736 1825 2770 389
1839 2744 1865 2761 n.
1890 2744 1910 2761 1.
1947 2736 1980 2760 In
1993 2735 2095 2760 Sicilia
2106 2733 2252 2766 RuggIero

1352 2787 1419 2813 pare
1439 2781 1507 2804 siasi
1525 2780 1645 2804 sermato
1659 2779 1754 2803 alcuni
1771 2777 1850 2806 mesi,
1864 2774 1980 2809 glacch'e
1994 2775 2071 2808 negli
2089 2781 2116 2800 11
2134 2775 2162 2799 di
2176 2780 2253 2806 mag-

1352 2823 1402 2855 gio
1422 2822 1499 2846 dello
1518 2822 1609 2846 stesso
1629 2827 1707 2845 anno
1727 2827 1743 2845 a
1762 2819 1888 2844 Messina
1908 2819 2060 2843 conchiuse
2074 2825 2111 2842 un
2127 2815 2254 2841 ,accon-do

1354 2864 1428 2889 colla
1448 2862 1518 2889 cittii
1540 2864 1569 2888 di
1588 2863 1710 2891 Sar-ona,
1725 2861 1937 2887 assicurandosi
1952 2861 1972 2885 il
1988 2860 2119 2885 dominio
2132 2859 2160 2883 di
2176 2859 2253 2883 tutto

1355 2907 1376 2930 il
1397 2914 1471 2931 mare
1492 2906 1566 2930 daila
1586 2906 1680 2930 Nubia
1700 2913 1715 2929 a
1734 2904 1847 2936 Tripoli
1874 2912 1888 2928 e
1907 2903 2044 2928 l'accesso
2070 2903 2096 2927 ai
2117 2900 2196 2934 porti
2223 2900 2254 2925 dl

1354 2949 1478 2974 Savona.
1515 2947 1560 2973 Cf.
1582 2947 1743 2972 GxoVAmu
1761 2946 1885 2975 Fmrm,
1905 2946 1935 2970 in
1949 2945 2029 2970 Arc-lt.
2050 2944 2152 2969 semea
2168 2946 2219 2975 per
2231 2942 2255 2967 le

1354 2992 1487 3022 provincie
1506 2990 1669 3023 napoletane,
1692 2988 1755 3014 XIV
1775 2988 1868 3021 (1899)
1889 2996 1914 3020 p.
1936 2992 1987 3021 753
2007 2995 2021 3011 c
2040 2994 2099 3019 sgg.

1631 3078 1661 3102 (le
1676 3078 1727 3097 note
1743 3081 1759 3102 5
1772 3083 1784 3097 e
1797 3078 1811 3097 6
1825 3082 1879 3097 sono
1893 3082 1907 3096 a
1919 3077 1975 3101 pag.
1989 3076 2110 3100 seguentel

2262 821 2302 854 10

2269 1759 2302 1788 4⁵
2356 1760 2359 1797 j

2271 1973 2365 2001 50

2274 2186 2306 2215 55
2358 2192 2360 2194 ’

2281 2830 2318 2858 7o
2354 2823 2363 2841 ῖ’
