2398 3470
94 273 179 311 [Aa.
198 281 239 304 m.
258 274 453 309 3224-32531
795 311 799 313 μ
869 263 1182 303 CHRONICON
1913 260 1956 298 19
2003 272 2201 299 muman-2³

187 399 374 444 “Joatham
398 398 488 432 filius
510 397 595 432 Ozie
618 408 680 431 rex
701 397 811 443 justus
834 407 944 430 annos
968 405 1032 429 xvr
1048 395 1069 429 ¹.
1115 395 1186 428 Hic
1208 395 1302 429 inter
1326 401 1444 428 cetera
1466 395 1629 428 uirtutum
1653 395 1823 429 bonarum
1840 405 1959 439 opera,
1996 410 2018 427 a.
2035 411 2065 426 m.
2081 406 2133 430 3208

101 455 265 498 “portam
288 453 419 486 Domus
441 452 582 486 Domini
605 450 882 485 sublimissimam
907 450 1095 489 edificauit‚
1128 460 1195 492 que
1216 449 1255 482 'in
1279 448 1414 482 actibus
1435 448 1684 492 Apostolorum
1708 450 1868 493 speciosa
1897 461 1962 483 uo-

100 509 116 527 “
130 512 237 541 catur.
283 506 415 540 Omnes
437 505 606 548 siquidem
629 509 731 548 porte
754 503 876 546 templi
899 503 935 536 in
950 508 1044 536 terra
1059 503 1211 543 fuerunt,
1229 508 1378 546 excepta
1401 502 1573 545 speciosa,
1597 513 1666 547 que
1689 503 1877 546 pendebat,
1894 513 1962 547 que

99 563 116 580 ⁸
127 560 172 594 ab
188 559 338 593 Hebreis
352 559 544 592 uocabatur
558 557 732 602 Johathan
749 556 922 597 Olimpias
937 557 1050 599 prima
1066 556 1110 589 ab
1126 556 1336 589 Elliensibus
1353 556 1571 589 constituitur
1549 563 1665 607 -post
1680 568 1789 590 annos
1804 557 1960 602 Trojane

51 613 71 648 5
99 613 336 657 ‘captiuitatis
359 621 510 646 cccxcv.
556 611 699 649 Remus,
723 615 758 643 et
780 610 952 642 Romolus
982 615 1193 653 generantur
1216 609 1330 642 Marte
1364 615 1399 643 et
1422 609 1519 650 Ilia„
1545 610 1792 643 IIICCXXIII.

187 665 330 700 “Achaz
353 665 444 698 filius
465 665 624 709 Joatham
649 663 747 696 annis
770 673 862 702 XV1„
926 662 1069 695 Raasim
1091 672 1155 694 rex
1184 662 1347 695 Damasci
1379 662 1475 695 uicto
1499 662 1621 696 Achaz
1644 663 1768 697 multos
1792 664 1836 697 de
1869 664 1960 708 Juda
1994 679 2016 695 a.
2033 679 2063 694 m.
2079 679 2131 699 3224

92 720 303 755 Damascum
317 718 504 752 transtulit.
549 718 595 750 Et
610 718 726 750 Facee
742 716 832 749 filius
848 715 1011 749 Romelie
1033 726 1096 748 rex
1119 716 1243 749 decem
1260 715 1422 756 tribuum,
1446 727 1513 760 que
1537 716 1801 760 appellabantur
1817 717 1960 758 Israhel,

92 779 128 807 et
161 773 330 818 regnabat
365 772 399 804 in
434 771 599 810 Samaria,
631 776 771 803 centum
794 769 922 813 uiginti
953 769 1051 802 milia
1074 769 1245 813 percussit
1277 769 1322 802 de
1345 770 1439 813 Juda
1471 770 1648 803 hominum
1677 770 1894 810 bellatorum,
1927 777 1963 804 et

0 797 2 872 i
92 827 248 861 ducenta
266 826 458 865 mulierum,
481 833 748 868 puerorumque,
771 829 805 856 et
828 822 1022 866 puellarum
1049 833 1127 856 cum
1151 822 1285 855 infinita
1307 824 1419 866 preda
1442 824 1477 856 in
1498 824 1656 857 Samaria
1678 824 1776 857 duxit
1807 825 1956 867 captiua.

1 881 3 883 ’
30 882 69 914 10
91 881 312 924 Rursumque
347 879 454 912 iidem
488 877 555 921 ipsi
588 877 863 920 experimentum
894 876 1064 909 habentes
1094 876 1312 909 fortitudinis
1346 887 1407 910 sue
1431 883 1535 920 atque
1566 877 1714 911 uictorie
1737 878 1882 911 ueniunt
1912 879 1959 912 acl

91 934 249 979 Judeam,
267 939 303 966 et
317 931 522 977 Jerusalem,
539 931 753 974 cupiuntque
777 930 967 970 debellare,
984 935 1019 963 et
1035 940 1105 962 non
1128 935 1334 973 potuerunt:
1352 930 1435 974 quia
1451 931 1635 965 auxiliatus
1651 938 1704 965 est
1719 932 1770 965 eis
1792 933 1961 965 Dominus

91 987 154 1021 sub
171 987 356 1020 occasione
380 985 628 1025 misericordie,
645 995 713 1028 qua
727 983 895 1028 populum
918 983 1095 1017 libe'raret
1111 983 1299 1023 obsessum,
1324 984 1431 1017 filium
1447 996 1546 1018 suum
1570 996 1634 1029 per
1648 986 1855 1029 prophetam
1871 997 1959 1019 nun-
1995 1003 2016 1017 c.
2030 1002 2080 1022 „aa

91 1041 164 1074 cias
178 1041 223 1074 de
238 1040 385 1084 Virgine
401 1039 622 1072 nasciturum.
658 1038 761 1071 Tunc
778 1038 916 1082 Ysayas
937 1038 1113 1081 propheta
1128 1037 1250 1070 missus
1266 1044 1318 1070 est
1342 1048 1420 1071 cum
1444 1039 1544 1072 Asub
1560 1039 1630 1071 filio
1648 1050 1709 1072 suo
1726 1040 1761 1071 in
1778 1050 1960 1073 occursum

91 1093 222 1135 Achaz,
238 1099 276 1126 ut
292 1093 426 1126 diceret
449 1092 492 1131 ei,
517 1102 562 1125 ne
578 1092 725 1131 timeret,
743 1098 778 1125 et
794 1101 855 1124 cor
870 1091 944 1135 ejus
959 1101 1004 1124 ne
1021 1090 1228 1124 formidaret
1244 1102 1265 1123 a
1281 1091 1416 1125 duabus
1438 1092 1512 1125 istis
1537 1092 1659 1126 caudis
1673 1093 1841 1126 ticionum
1857 1093 1960 1126 fumi-

28 1146 66 1182 15
90 1147 255 1192 gantiam,
279 1157 365 1190 quos
387 1151 493 1179 uocet
515 1145 673 1184 Raasim,
689 1151 724 1179 et
746 1145 879 1178 Facee:
905 1154 948 1178 eo
965 1145 1063 1188 quod
1085 1144 1121 1177 in
1143 1144 1229 1188 ipsis
1253 1151 1343 1178 esset
1365 1145 1555 1178 finiendum
1571 1156 1718 1190 regnum
1742 1146 1855 1191 Syrie,
1871 1147 1962 1181 idest

89 1201 262 1240 Damasci,
287 1206 320 1234 et
342 1210 487 1245 regnum
512 1199 681 1238 Sarnade,
705 1199 798 1232 idest
818 1199 946 1232 decem
963 1198 1123 1238 tribuum,
1147 1208 1216 1242 que
1240 1198 1308 1231 alio
1324 1198 1462 1232 nomine
1486 1199 1754 1242 appellabantur
1777 1200 1925 1233 Effraim
1937 1200 1960 1234 ².

177 1425 353 1469 Legimus,
378 1423 472 1467 quod
488 1428 656 1467 regnante
673 1419 793 1466 Johas,
810 1422 999 1455 Zacharias
1015 1422 1104 1455 filius
1119 1421 1322 1463 Barrachie,
1346 1433 1450 1467 quem
1466 1424 1672 1467 prophetam
1688 1424 1796 1457 fuisse
1817 1424 1958 1458 dubium

89 1488 159 1512 non
181 1483 244 1517 est,
267 1478 434 1511 sacerdos
457 1477 564 1509 fuerit
587 1475 709 1519 templi
731 1475 882 1515 Domini,
908 1476 964 1508 cui
986 1475 1148 1518 precepit
1175 1475 1307 1515 Achaz,
1331 1482 1369 1510 ut
1393 1476 1501 1509 altare
1526 1477 1638 1510 simile
1662 1477 1764 1511 altari
1795 1479 1958 1512 Damasci

12 1532 68 1596 ¹20
90 1531 233 1571 faceret,
257 1531 352 1575 quod
375 1530 517 1563 minime
540 1529 636 1563 fecit.
683 1530 729 1562 Et
753 1529 895 1562 Dierum
921 1534 1036 1561 narrat
1065 1528 1165 1568 liber,
1197 1529 1292 1572 quod
1322 1529 1494 1562 Ezechias
1526 1530 1616 1563 filius
1646 1530 1769 1564 Achaz
1796 1532 1960 1575 quesierit
2010 1571 2018 1577 ο

89 1584 276 1618 Dominum
298 1584 334 1617 in
352 1583 476 1617 diebus
492 1583 662 1616 Zacharie
679 1582 809 1615 erudiri
824 1582 859 1614 in
876 1582 999 1614 timore
1015 1582 1164 1615 Domini.
1211 1582 1334 1615 Achaz
1349 1582 1441 1615 filius
1456 1583 1633 1626 Johathan
1648 1595 1711 1617 rex
1726 1585 1957 1628 impiissimus,

14 1609 18 1685 1
91 1637 151 1682 qui
174 1637 296 1670 clausit
316 1637 438 1681 januas
460 1636 592 1680 templi,
616 1642 652 1669 et
673 1637 711 1669 in
734 1635 827 1669 ualle
851 1636 1001 1669 Gennon
1026 1635 1185 1669 adorauit
1208 1635 1353 1674 Baalim,
1378 1642 1412 1669 et
1435 1636 1541 1669 filium
1569 1648 1667 1670 suum
1690 1638 1805 1682 ydolis
1835 1649 1958 1672 conse-

91 1690 217 1724 crauit:
246 1692 262 1709 ⁴⁴
276 1690 320 1724 ab
335 1691 405 1724 hoc
422 1690 617 1723 conductus
633 1689 799 1733 Thegath
814 1689 958 1722 Falasar
981 1699 1042 1722 rex
1064 1688 1298 1734 Assiryorum,
1323 1695 1358 1723 et
1381 1690 1492 1723 Rasin
1509 1700 1630 1734 regem
1653 1691 1756 1736 Syrie
1770 1692 1959 1734 interfecit,

0 1715 20 1791 i
94 1745 110 1762 ‘⁶
123 1749 158 1777 et
180 1742 393 1777 habitatores
415 1742 580 1776 Damasci
602 1742 776 1776 transtulit
798 1742 960 1787 Cyrenen
975 1766 1005 1782 „.

0 1795 65 1845 :325
183 1796 311 1830 ‘Anno
327 1803 409 1840 post
425 1796 642 1829 euersionem
655 1796 765 1840 Troje
779 1795 944 1828 CCCCX
946 1796 1043 1829 VIII
1056 1796 1136 1837 strae,
1154 1800 1193 1828 ut
1205 1797 1322 1840 placet
1336 1796 1467 1839 Oros-io,
1486 1797 1584 1830 annis
1598 1797 1800 1832 CCCCIIII.
1824 1799 1955 1844 Olym'-
1992 1816 2012 1831 c.
2025 1816 2054 1836 ³4

0 1847 22 1897 ἐι
89 1850 106 1868 ⁸
120 1850 225 1895 piade
241 1857 356 1884 autem
372 1856 482 1890 sexta,
498 1859 567 1894 que
584 1850 703 1893 quinto
722 1850 861 1882 demum
880 1859 983 1888 anno,
1001 1855 1151 1893 quatuor
1166 1849 1203 1882 in
1219 1850 1336 1883 medio
1353 1851 1511 1894 expletis,
1528 1852 1622 1895 apud
1637 1852 1812 1897 Helydem
1830 1853 1957 1886 Grecie

91 1903 298 1938 “ciuitatem
320 1902 459 1948 Agone,
483 1909 519 1936 et
543 1903 634 1937 ludis
661 1913 824 1936 exercere
841 1903 930 1936 solet
943 1902 976 1943 „⁴
992 1903 1082 1936 Urbi
1099 1913 1137 1936 X1
1162 1902 1232 1936 kal.
1256 1903 1380 1948 Majas,
1405 1911 1484 1938 ante
1509 1916 1568 1938 sex
1585 1916 1694 1939 annos
1710 1917 1814 1950 quam
1833 1908 1958 1940 decem

0 1938 23 1995 ii
85 1957 195 1992 tribus
216 1957 349 1999 Israhel
373 1969 393 1990 a
417 1956 659 1990 Sennacherib
681 1967 765 2001 rege
789 1956 1025 1990 Chaldeorum
1049 1958 1321 1990 transferrentur
1334 1958 1356 1998 ⁵,
1386 1960 1401 1976 ‘⁴
1415 1958 1546 1991 Roma'
1570 1959 1605 1991 in
1631 1960 1731 1992 Italia
1754 1960 1897 1993 condita
1919 1961 1955 1993 in
1994 1972 2068 1997 Mun„
2086 1977 2112 1997 23

21 1998 24 2027 ²
91 2013 236 2045 “monte
259 2011 416 2044 Palatino
441 2021 462 2043 a
485 2010 610 2050 Remo,
635 2016 670 2043 et
692 2010 846 2044 Romulo
869 2010 1019 2055 geminis
1042 2010 1240 2044 auctoribus
1262 2011 1352 2044 natis
1376 2023 1485 2046 annos
1509 2023 1601 2045 xvm
1626 2013 1813 2055 filiiRehe
1835 2014 1956 2055 Siluie,

42 2066 64 2098 0
92 2066 108 2084 ‘⁴
119 2075 187 2110 que
211 2070 287 2098 erat
309 2064 380 2097 filia
403 2063 597 2098 Numitoris
613 2064 731 2097 fratris
746 2063 841 2108 regis
857 2062 989 2096 Amulii
1004 2064 1105 2109 uirgo
1121 2064 1285 2103 Vestalis,
1303 2065 1365 2098 sed
1383 2072 1606 2109 constuprata
1622 2067 1842 2101 consualibus
1858 2068 1958 2101 ludis.

13 2121 14 2125 ’
91 2119 107 2138 “
119 2118 248 2153 Sabine
262 2124 361 2162 rapte
377 2128 468 2151 anno
492 2117 536 2151 ab
559 2118 645 2151 urbe
662 2118 804 2151 condita
819 2118 920 2158 tertio
935 2118 1068 2151 Remus
1084 2124 1196 2151 rostro
1212 2119 1378 2162 pastorali
1394 2130 1415 2152 a
1430 2119 1539 2153 Fabio
1555 2120 1700 2153 Romuli
1717 2121 1806 2154 duce
1823 2122 1959 2155 occisus

25 2173 28 2203 I
92 2173 108 2190 ⁸
120 2177 209 2213 est„.
232 2172 466 2216 Regnumque
482 2170 654 2204 Romulus
669 2171 860 2214 parricidio
877 2170 997 2211 inbuit,
1010 2177 1115 2215 atque
1130 2178 1248 2215 raptas
1263 2172 1410 2206 Sabinas
1425 2173 1541 2216 impiis
1556 2162 1684 2217 nuptiis
1702 2175 1957 2214 confederatas,

24 2210 30 2277 ι
86 2226 294 2266 maritomm,
311 2233 346 2258 et
368 2230 550 2268 parentum
567 2235 690 2258 cruore
707 2225 850 2258 dotauit.
886 2225 1057 2258 Romulus
1078 2226 1197 2270 itaque
1220 2226 1407 2260 interfecto
1432 2227 1579 2271 primum
1596 2238 1662 2261 auo
1679 2229 1872 2269 Numitore,
1897 2230 1957 2262 de-

86 2278 170 2313 hinc
190 2279 306 2313 Remo
328 2279 437 2312 fratre
460 2279 592 2322 arriput
615 2278 806 2322 imperium,
823 2279 1016 2323 urbemque
1041 2280 1235 2319 constituit3
1252 2291 1397 2325 regnum
1422 2282 1488 2321 aui,
1505 2293 1622 2315 muros
1645 2282 1774 2322 fratris,
1791 2283 1960 2326 templum

43 2331 62 2365 5
85 2333 197 2366 soceri
212 2332 380 2377 sanguine
397 2331 584 2365 dedicauit.
620 2332 877 2365 Sceleratorum
893 2343 1031 2365 manum
1047 2333 1215 2376 promissa
1231 2334 1435 2377 impunitate
1452 2335 1603 2379 collegit.
1639 2335 1773 2368 Primus
1795 2335 1846 2369 illi
1863 2346 1957 2369 cam-

83 2396 149 2430 pus
163 2385 209 2420 ad
224 2385 353 2419 bellum
369 2386 468 2418 forus
482 2385 559 2425 fuit,
575 2386 683 2419 mixta
699 2385 764 2418 sibi
779 2385 871 2418 bella
887 2386 1014 2426 ciuilia,
1031 2393 1066 2419 et
1081 2393 1225 2420 externa
1237 2399 1411 2431 nunquam
1429 2388 1592 2421 defutura
1603 2388 1813 2433 significans.
1837 2389 1955 2422 Titum

82 2438 229 2474 Tauium
241 2438 447 2473 Sabinorum
460 2439 585 2473 ducem
599 2439 790 2478 honestum,
802 2445 985 2483 postquam
1001 2441 1038 2473 in
1050 2440 1252 2474 societatem
1272 2442 1370 2486 regni
1384 2443 1577 2485 assumpsit,
1591 2441 1741 2481 occidit⁶
1756 2435 1962 2477 ffiCCLIII.
1993 2460 2014 2475 a.
2030 2461 2060 2475 m.
2076 2461 2128 2480 3253

7 1300 14 1440 ἒ
826 1332 916 1365 Item
939 1331 1167 1366 Hieronimus
1179 1331 1191 1349 ³
1201 1346 1214 1364 .-

12 1485 15 1534 ἒ

187 2553 210 2573 x.
227 2547 366 2572 bonarum
385 2547 445 2572 AB
463 2559 495 2564 —
516 2554 542 2578 4.
558 2547 689 2579 Johatam
713 2547 736 2571 C
754 2560 787 2565 —-
816 2551 842 2579 5.
860 2538 1062 2580 ΙΙ-ΙΟΟΧΧΙΙΙ]
1082 2548 1113 2572 in
1131 2548 1274 2573 inchx‘ostro
1299 2556 1367 2574 rosso
1390 2549 1413 2574 C
1430 2563 1464 2567 —
1487 2556 1527 2574 ιο.
1546 2549 1621 2574 idem
1645 2549 1668 2573 C
1685 2563 1718 2567 —
1742 2557 1781 2575 11.
1802 2550 1954 2584 cupiatque

83 2586 110 2613 A
128 2600 140 2608 -
157 2595 186 2614 ec
208 2588 231 2613 C
247 2602 280 2606 —
304 2595 345 2615 ¹2.
360 2589 446 2621 Jasub
465 2589 488 2614 C
505 2602 537 2607 -
560 2593 600 2620 15.
613 2589 717 2614 Raasln
744 2589 767 2613 C
778 2602 811 2606 —-
829 2588 871 2615 16.
883 2589 1021 2622 Ephraim
1034 2590 1060 2613 B
1073 2603 1106 2607 —
1123 2596 1164 2622 17.
1178 2591 1249 2615 Item
1268 2591 1463 2624 Hleronlmus]
1483 2599 1543 2624 agg.
1563 2591 1586 2615 C
1596 2593 1627 2615 di
1644 2599 1720 2616 mano
1739 2595 1954 2624 contemporanea

79 2624 168 2663 infin
185 2631 218 2655 di
233 2631 291 2664 rigo
310 2644 343 2649 —-
364 2637 408 2657 21.
425 2631 571 2657 eruditIA
591 2644 626 2649 —
646 2637 688 2663 ²3·
708 2631 816 2656 Raasin
840 2631 863 2655 C
880 2645 908 2649 —
935 2638 978 2663 24·
1001 2631 1024 2655 C
1039 2632 1169 2664 diprima
1188 2640 1279 2657 mano.-
1301 2632 1428 2658 Cli-erem
1450 2647 1482 2651 —
1503 2639 1546 2664 25.
1566 2634 1671 2659 Orosio
1691 2635 1716 2658 A
1738 2647 1769 2652 —
1792 2633 1833 2660 26.
1854 2636 1954 2666 quinta

89 2670 113 2697 C
127 2684 140 2692 ·
156 2673 291 2705 quattuor
307 2680 358 2699 om.
376 2673 401 2697 A
428 2686 462 2691 —
481 2678 524 2705 27.
543 2673 663 2698 clvltate
685 2672 710 2697 C
725 2686 736 2692 -
755 2673 853 2698 urbem
872 2673 899 2697 B
913 2673 936 2697 C
954 2687 986 2692 —
1008 2673 1051 2698 28.
1065 2674 1203 2700 TrIbuum
1228 2675 1250 2698 C
1267 2688 1300 2692 —
1321 2682 1364 2708 29.
1383 2675 1449 2700 filils
1467 2676 1530 2700 AB
1548 2689 1582 2693 —
1602 2682 1644 2707 30.
1671 2677 1856 2708 construpata
1880 2677 1903 2701 C
1920 2691 1952 2695 —

41 2717 56 2745 5
81 2718 128 2746 03¹.
141 2715 230 2740 tei-clo
252 2714 318 2739 G—
332 2722 375 2748 3²·
390 2715 501 2747 nupciis
519 2715 546 2739 B
560 2715 583 2739 C
600 2728 632 2732 —
653 2721 695 2746 35.
715 2715 888 2747 impunitate
911 2715 934 2739 C
951 2729 984 2733 —
1012 2720 1056 2749 37.
1073 2708 1246 2750 TfiCch]
1274 2718 1304 2741 in
1323 2717 1467 2742 inchiostro
1486 2725 1554 2742 rosso
1572 2718 1597 2742 A
1612 2718 1635 2742 C

170 2788 178 2806 ¹
200 2789 227 2815 11
245 2791 324 2823 Reg„
346 2791 410 2822 XV,
430 2795 446 2823 7
466 2798 525 2824 sgg.
1131 2790 1142 2808 ⁴
1161 2793 1278 2819 Faunus
1299 2793 1439 2824 ansms,
1458 2797 1497 2826 op.
1518 2794 1576 2822 cit„
1590 2794 1626 2825 II,
1641 2802 1665 2826 4,
1685 2794 1700 2827 ξ
1721 2801 1731 2819 1
1756 2793 1795 2827 (p.
1814 2794 1868 2827 38).

169 2830 182 2848 ¹
201 2833 227 2858 11
248 2833 325 2866 Reg„
344 2833 411 2859 XVI
430 2834 525 2866 sg.1n
544 2834 644 2867 questo
663 2834 754 2859 brano
774 2841 792 2859 R
811 2841 895 2867 segue
917 2835 986 2860 Ilm-
1133 2833 1144 2851 ⁵
1162 2835 1175 2859 Ι
1195 2835 1274 2867 Regu,
1294 2835 1396 2866 XVIII,
1419 2842 1450 2868 13
1464 2843 1520 2868 sg.;
1544 2837 1675 2862 Fulvrus
1692 2835 1848 2868 Iomanis,
1868 2835 1950 2862 ’Ima

89 2878 241 2906 romnus,
259 2876 311 2901 loc.
329 2876 378 2901 cit.
1042 2877 1248 2910 ἀρχαιολογίας,
1269 2877 1295 2901 B.
1315 2877 1417 2910 Genium
1438 2885 1484 2909 1=4
1504 2878 1572 2910 (vol.
1592 2877 1628 2908 11,
1649 2877 1720 2910 319).
1980 2887 2009 2911 15

170 2914 182 2932 ³
199 2917 335 2944 smerus
348 2918 494 2943 Eusamus
504 2918 716 2949 Ηιεαοκγκυε,
732 2918 885 2943 Translatio
904 2918 984 2942 homi·
1132 2917 1144 2935 ⁶
1162 2920 1278 2950 Lrvms,
1298 2920 1384 2950 Ht'st„
1403 2920 1424 2950 Ι,
1443 2927 1524 2953 capp.
1542 2920 1638 2951 IV-X3
1658 2920 1805 2951 msa-mus,
1832 2924 1873 2952 op.
1892 2922 1950 2951 cit„

82 2956 184 2985 Rarum
207 2958 331 2992 Origenis
349 2967 379 2984 m
403 2960 503 2984 Lucam
528 2961 605 2985 Hom.
635 2960 673 2988 V,-
693 2960 807 2991 Misus,
827 2961 900 2985 Patr.
928 2960 987 2989 lat,
1043 2962 1145 2992 XLIII,
1166 2968 1190 2992 2,
1211 2961 1225 2994 ξ
1247 2968 1257 2985 1
1280 2968 1322 2994 sg.
1342 2961 1420 2992 (ediz.
1440 2963 1499 2991 cit„
1520 2969 1545 2994 p.
1567 2961 1645 2993 210)3
1672 2961 1791 2987 PAULus
1810 2962 1949 2993 ansrus,

76 2999 139 3027 Vol.
158 3001 324 3032 XXV1,coI.
339 3002 391 3027 228
405 3009 461 3034 sgn
482 3010 528 3027 ma
542 3002 611 3027 da“
622 3003 658 3028 ab
673 3002 724 3027 hoc
738 3003 898 3028 conductus
913 3002 986 3027 The·
1042 3007 1082 3035 op.
1101 3005 1154 3034 cit„
1175 3002 1209 3034 11,
1230 3011 1254 3035 4,
1274 3002 1304 3037 ἐξ
1326 3002 1382 3029 2-6.
1413 3004 1453 3028 Le
1473 3004 1568 3037 parole
1587 3002 1632 3029 fra
1653 3003 1807 3035 virgolette
1827 3011 1898 3029 sono
1919 3004 1950 3033 dl

74 3040 99 3098 3*
107 3043 182 3079 gath·
194 3044 246 3070 ete.
259 3063 273 3078 ,,
293 3044 350 3072 fluo
370 3044 556 3072 a“Ci1·enen
568 3062 581 3076 „
601 3052 620 3070 a
658 3051 727 3078 egue
746 3045 831 3072 Bedeu
1042 3045 1127 3073 Beda,

63 3181 108 3217 a„

67 3328 78 3353 Χ
