<?xml version="1.0" encoding="UTF-8"?>
<!DOCTYPE html PUBLIC "-//W3C//DTD XHTML 1.0 Transitional//EN"
    "http://www.w3.org/TR/xhtml1/DTD/xhtml1-transitional.dtd">
<html xmlns="http://www.w3.org/1999/xhtml" xml:lang="en" lang="en">
 <head>
  <title>
</title>
<meta http-equiv="Content-Type" content="text/html;charset=utf-8" />
  <meta name='ocr-system' content='tesseract 3.04.00' />
  <meta name='ocr-capabilities' content='ocr_page ocr_carea ocr_par ocr_line ocrx_word'/>
</head>
<body>
  <div class='ocr_page' id='page_1' title='image "./rerumitalicarums71murauoft_0179.png"; bbox 0 0 2398 3470; ppageno 0'>
   <div class='ocr_carea' id='block_1_1' title="bbox 0 390 40 3397">
    <p class='ocr_par' dir='ltr' id='par_1_1' title="bbox 0 390 40 3397">
     <span class='ocr_line' id='line_1_1' title="bbox 0 390 40 3397; baseline 0 0"><span class='ocrx_word' id='word_1_1' title='bbox 0 390 40 3397; x_wconf 95' lang='lat' dir='ltr'><strong> </strong></span> 
     </span>
    </p>
   </div>
   <div class='ocr_carea' id='block_1_2' title="bbox 123 223 2224 266">
    <p class='ocr_par' dir='ltr' id='par_1_2' title="bbox 123 223 2224 266">
     <span class='ocr_line' id='line_1_2' title="bbox 123 223 2224 266; baseline 0 -8"><span class='ocrx_word' id='word_1_2' title='bbox 123 230 208 265; x_wconf 70' lang='grc' dir='ltr'><strong>[ΛΑ.</strong></span> <span class='ocrx_word' id='word_1_3' title='bbox 227 231 262 259; x_wconf 84' lang='lat' dir='ltr'><strong>e.</strong></span> <span class='ocrx_word' id='word_1_4' title='bbox 279 231 433 264; x_wconf 76' lang='lat'><strong>⁴⁹⁸-5261</strong></span> <span class='ocrx_word' id='word_1_5' title='bbox 711 223 1007 261; x_wconf 91' lang='lat' dir='ltr'><strong>ROMUALDI</strong></span> <span class='ocrx_word' id='word_1_6' title='bbox 1036 224 1397 262; x_wconf 85' lang='lat' dir='ltr'><strong>SALERNlTAN1</strong></span> <span class='ocrx_word' id='word_1_7' title='bbox 1912 225 1983 266; x_wconf 88' lang='grc'><strong>107</strong></span> <span class='ocrx_word' id='word_1_8' title='bbox 2015 238 2224 265; x_wconf 48' lang='lat' dir='ltr'><strong>numam-107</strong></span> 
     </span>
    </p>
   </div>
   <div class='ocr_carea' id='block_1_3' title="bbox 211 357 2223 410">
    <p class='ocr_par' dir='ltr' id='par_1_3' title="bbox 211 357 2223 410">
     <span class='ocr_line' id='line_1_3' title="bbox 211 357 2223 410; baseline 0.001 -13"><span class='ocrx_word' id='word_1_9' title='bbox 211 365 350 397; x_wconf 81' lang='lat' dir='ltr'><strong>Interea</strong></span> <span class='ocrx_word' id='word_1_10' title='bbox 372 363 574 397; x_wconf 85' lang='lat' dir='ltr'><strong>Simmacho</strong></span> <span class='ocrx_word' id='word_1_11' title='bbox 597 373 689 406; x_wconf 90' lang='lat' dir='ltr'><strong>papa</strong></span> <span class='ocrx_word' id='word_1_12' title='bbox 711 363 784 395; x_wconf 86' lang='lat' dir='ltr'><strong>nita</strong></span> <span class='ocrx_word' id='word_1_13' title='bbox 807 363 1015 401; x_wconf 84' lang='lat' dir='ltr'><strong>decedente,</strong></span> <span class='ocrx_word' id='word_1_14' title='bbox 1044 363 1211 396; x_wconf 87' lang='lat' dir='ltr'><strong>successit</strong></span> <span class='ocrx_word' id='word_1_15' title='bbox 1241 363 1274 394; x_wconf 90' lang='lat' dir='ltr'><strong>ei</strong></span> <span class='ocrx_word' id='word_1_16' title='bbox 1299 363 1487 395; x_wconf 87' lang='lat' dir='ltr'><strong>Hormisda</strong></span> <span class='ocrx_word' id='word_1_17' title='bbox 1518 364 1659 396; x_wconf 85' lang='lat' dir='ltr'><strong>natione</strong></span> <span class='ocrx_word' id='word_1_18' title='bbox 1683 365 1883 407; x_wconf 88' lang='lat' dir='ltr'><strong>Campanus</strong></span> <span class='ocrx_word' id='word_1_19' title='bbox 1894 365 1914 405; x_wconf 92' lang='lat'><strong>¹,</strong></span> <span class='ocrx_word' id='word_1_20' title='bbox 1939 378 1983 399; x_wconf 87' lang='lat' dir='ltr'><strong>ex</strong></span> <span class='ocrx_word' id='word_1_21' title='bbox 2005 357 2223 410; x_wconf 48' lang='lat' dir='ltr'><strong>{iffhg‘xssffiffi</strong></span> 
     </span>
    </p>
   </div>
   <div class='ocr_carea' id='block_1_4' title="bbox 19 411 2207 1046">
    <p class='ocr_par' dir='ltr' id='par_1_4' title="bbox 124 411 2207 570">
     <span class='ocr_line' id='line_1_4' title="bbox 124 411 2207 464; baseline 0.001 -14"><span class='ocrx_word' id='word_1_22' title='bbox 124 423 223 460; x_wconf 84' lang='lat' dir='ltr'><strong>patre</strong></span> <span class='ocrx_word' id='word_1_23' title='bbox 245 418 355 461; x_wconf 81' lang='lat' dir='ltr'><strong>Justo,</strong></span> <span class='ocrx_word' id='word_1_24' title='bbox 378 416 536 460; x_wconf 83' lang='lat' dir='ltr'>seditque</span> <span class='ocrx_word' id='word_1_25' title='bbox 560 415 673 449; x_wconf 89' lang='lat' dir='ltr'><strong>annis&#39;</strong></span> <span class='ocrx_word' id='word_1_26' title='bbox 698 426 777 449; x_wconf 80' lang='lat' dir='ltr'><strong>vnI.</strong></span> <span class='ocrx_word' id='word_1_27' title='bbox 829 416 1058 448; x_wconf 84' lang='lat' dir='ltr'>“Anastasius</span> <span class='ocrx_word' id='word_1_28' title='bbox 1073 422 1189 449; x_wconf 87' lang='lat' dir='ltr'><strong>autem</strong></span> <span class='ocrx_word' id='word_1_29' title='bbox 1205 416 1396 458; x_wconf 86' lang='lat' dir='ltr'><strong>imperator</strong></span> <span class='ocrx_word' id='word_1_30' title='bbox 1420 416 1502 448; x_wconf 92' lang='lat' dir='ltr'><strong>dum</strong></span> <span class='ocrx_word' id='word_1_31' title='bbox 1525 417 1562 448; x_wconf 90' lang='lat' dir='ltr'><strong>in</strong></span> <span class='ocrx_word' id='word_1_32' title='bbox 1584 418 1710 456; x_wconf 86' lang='lat' dir='ltr'><strong>heresi,</strong></span> <span class='ocrx_word' id='word_1_33' title='bbox 1734 429 1802 461; x_wconf 90' lang='lat' dir='ltr'><strong>qua</strong></span> <span class='ocrx_word' id='word_1_34' title='bbox 1822 419 1985 462; x_wconf 85' lang='lat' dir='ltr'><strong>delapsus</strong></span> <span class='ocrx_word' id='word_1_35' title='bbox 2008 411 2207 464; x_wconf 50' lang='grc' dir='ltr'><strong>ἔοὲῗξῗῇᾆζμ</strong></span> 
     </span>
     <span class='ocr_line' id='line_1_5' title="bbox 129 465 2108 518; baseline 0.002 -15"><span class='ocrx_word' id='word_1_36' title='bbox 129 472 143 488; x_wconf 82' lang='lat'><strong>‘⁴</strong></span> <span class='ocrx_word' id='word_1_37' title='bbox 157 470 282 508; x_wconf 74' lang='lat' dir='ltr'><strong>fuerat,</strong></span> <span class='ocrx_word' id='word_1_38' title='bbox 306 476 561 512; x_wconf 86' lang='lat' dir='ltr'><strong>perseueraret,</strong></span> <span class='ocrx_word' id='word_1_39' title='bbox 586 469 738 513; x_wconf 88' lang='lat' dir='ltr'><strong>duasque</strong></span> <span class='ocrx_word' id='word_1_40' title='bbox 762 469 799 500; x_wconf 89' lang='lat' dir='ltr'><strong>in</strong></span> <span class='ocrx_word' id='word_1_41' title='bbox 825 467 966 501; x_wconf 88' lang='lat' dir='ltr'><strong>Christo</strong></span> <span class='ocrx_word' id='word_1_42' title='bbox 999 474 1150 507; x_wconf 86' lang='lat' dir='ltr'><strong>naturas,</strong></span> <span class='ocrx_word' id='word_1_43' title='bbox 1174 468 1314 502; x_wconf 80' lang='lat' dir='ltr'><strong>deitatis</strong></span> <span class='ocrx_word' id='word_1_44' title='bbox 1344 469 1523 507; x_wconf 89' lang='lat' dir='ltr'><strong>uidelicet,</strong></span> <span class='ocrx_word' id='word_1_45' title='bbox 1549 476 1583 502; x_wconf 88' lang='lat' dir='ltr'><strong>et</strong></span> <span class='ocrx_word' id='word_1_46' title='bbox 1607 471 1827 504; x_wconf 87' lang='lat' dir='ltr'><strong>humanitatis</strong></span> <span class='ocrx_word' id='word_1_47' title='bbox 1857 473 1990 518; x_wconf 88' lang='lat' dir='ltr'><strong>Euthy-</strong></span> <span class='ocrx_word' id='word_1_48' title='bbox 2012 465 2108 490; x_wconf 71' lang='lat'><em>“¹³⁰⁶</em></span> 
     </span>
     <span class='ocr_line' id='line_1_6' title="bbox 130 522 1987 570; baseline 0.002 -14"><span class='ocrx_word' id='word_1_49' title='bbox 130 524 274 556; x_wconf 87' lang='lat' dir='ltr'><strong>“chium</strong></span> <span class='ocrx_word' id='word_1_50' title='bbox 297 523 532 556; x_wconf 80' lang='lat' dir='ltr'><strong>heresiarcem</strong></span> <span class='ocrx_word' id='word_1_51' title='bbox 555 533 715 565; x_wconf 86' lang='lat' dir='ltr'><strong>sequens,</strong></span> <span class='ocrx_word' id='word_1_52' title='bbox 740 523 941 565; x_wconf 85' lang='lat' dir='ltr'><strong>denegaret,</strong></span> <span class='ocrx_word' id='word_1_53' title='bbox 966 522 1153 555; x_wconf 87' lang='lat' dir='ltr'><strong>Hormisda</strong></span> <span class='ocrx_word' id='word_1_54' title='bbox 1178 533 1276 565; x_wconf 23' lang='lat' dir='ltr'><strong>*papa</strong></span> <span class='ocrx_word' id='word_1_55' title='bbox 1299 522 1427 555; x_wconf 83' lang='lat' dir='ltr'><strong>direxit</strong></span> <span class='ocrx_word' id='word_1_56' title='bbox 1450 522 1622 555; x_wconf 83' lang='lat' dir='ltr'><strong>Enodiutn</strong></span> <span class='ocrx_word' id='word_1_57' title='bbox 1647 524 1880 564; x_wconf 90' lang='lat' dir='ltr'><strong>Ticinensem,</strong></span> <span class='ocrx_word' id='word_1_58' title='bbox 1913 527 1987 570; x_wconf 90' lang='lat' dir='ltr'><strong>epi-</strong></span> 
     </span>
    </p>

    <p class='ocr_par' dir='ltr' id='par_1_5' title="bbox 80 575 1988 780">
     <span class='ocr_line' id='line_1_7' title="bbox 80 575 1988 621; baseline 0.002 -11"><span class='ocrx_word' id='word_1_59' title='bbox 80 579 100 610; x_wconf 88' lang='lat'>5</span> <span class='ocrx_word' id='word_1_60' title='bbox 129 579 311 619; x_wconf 84' lang='lat' dir='ltr'><strong>“scopum,</strong></span> <span class='ocrx_word' id='word_1_61' title='bbox 335 576 490 619; x_wconf 86' lang='lat' dir='ltr'><strong>aliosque</strong></span> <span class='ocrx_word' id='word_1_62' title='bbox 513 587 592 609; x_wconf 92' lang='lat' dir='ltr'><strong>cum</strong></span> <span class='ocrx_word' id='word_1_63' title='bbox 617 576 710 609; x_wconf 88' lang='lat' dir='ltr'><strong>eoin</strong></span> <span class='ocrx_word' id='word_1_64' title='bbox 727 575 1064 618; x_wconf 88' lang='lat' dir='ltr'><strong>Constantinopolim</strong></span> <span class='ocrx_word' id='word_1_65' title='bbox 1080 576 1223 619; x_wconf 87' lang='lat' dir='ltr'><strong>legatos,</strong></span> <span class='ocrx_word' id='word_1_66' title='bbox 1241 585 1320 608; x_wconf 90' lang='lat' dir='ltr'><strong>cum</strong></span> <span class='ocrx_word' id='word_1_67' title='bbox 1344 576 1518 608; x_wconf 86' lang='lat' dir='ltr'><strong>catholice</strong></span> <span class='ocrx_word' id='word_1_68' title='bbox 1542 577 1622 609; x_wconf 87' lang='lat' dir='ltr'><strong>fidei</strong></span> <span class='ocrx_word' id='word_1_69' title='bbox 1644 578 1793 620; x_wconf 86' lang='lat' dir='ltr'><strong>scriptis,</strong></span> <span class='ocrx_word' id='word_1_70' title='bbox 1818 586 1988 621; x_wconf 85' lang='lat' dir='ltr'><strong>quatenus</strong></span> 
     </span>
     <span class='ocr_line' id='line_1_8' title="bbox 125 628 1985 677; baseline 0.002 -15"><span class='ocrx_word' id='word_1_71' title='bbox 125 631 141 648; x_wconf 76' lang='lat'><strong>‘⁴</strong></span> <span class='ocrx_word' id='word_1_72' title='bbox 155 629 376 663; x_wconf 86' lang='lat' dir='ltr'><strong>Anastasium</strong></span> <span class='ocrx_word' id='word_1_73' title='bbox 398 630 431 662; x_wconf 82' lang='lat' dir='ltr'><strong>si</strong></span> <span class='ocrx_word' id='word_1_74' title='bbox 450 631 648 673; x_wconf 72' lang='lat' dir='ltr'><strong>respiceret,</strong></span> <span class='ocrx_word' id='word_1_75' title='bbox 673 633 774 672; x_wconf 82' lang='lat' dir='ltr'><strong>atque</strong></span> <span class='ocrx_word' id='word_1_76' title='bbox 796 628 956 661; x_wconf 81' lang='lat' dir='ltr'><strong>Acatium</strong></span> <span class='ocrx_word' id='word_1_77' title='bbox 979 639 1054 661; x_wconf 86' lang='lat' dir='ltr'><strong>cum</strong></span> <span class='ocrx_word' id='word_1_78' title='bbox 1077 629 1296 672; x_wconf 58' lang='lat' dir='ltr'><strong>complicibus</strong></span> <span class='ocrx_word' id='word_1_79' title='bbox 1317 630 1396 670; x_wconf 73' lang='lat' dir='ltr'><strong>suis,</strong></span> <span class='ocrx_word' id='word_1_80' title='bbox 1422 630 1468 662; x_wconf 92' lang='lat' dir='ltr'><strong>ad</strong></span> <span class='ocrx_word' id='word_1_81' title='bbox 1491 629 1642 662; x_wconf 80' lang='lat' dir='ltr'><strong>ecclesie</strong></span> <span class='ocrx_word' id='word_1_82' title='bbox 1667 630 1876 665; x_wconf 85' lang='lat' dir='ltr'><strong>reducerent</strong></span> <span class='ocrx_word' id='word_1_83' title='bbox 1905 643 1985 677; x_wconf 90' lang='lat' dir='ltr'><strong>gre-</strong></span> 
     </span>
     <span class='ocr_line' id='line_1_9' title="bbox 130 682 1986 725; baseline 0.002 -9"><span class='ocrx_word' id='word_1_84' title='bbox 130 684 272 716; x_wconf 87' lang='lat' dir='ltr'><strong>“mium.</strong></span> <span class='ocrx_word' id='word_1_85' title='bbox 319 683 352 715; x_wconf 88' lang='lat' dir='ltr'><strong>Is</strong></span> <span class='ocrx_word' id='word_1_86' title='bbox 375 693 445 716; x_wconf 89' lang='lat' dir='ltr'><strong>non</strong></span> <span class='ocrx_word' id='word_1_87' title='bbox 467 683 578 715; x_wconf 86' lang='lat' dir='ltr'><strong>solum</strong></span> <span class='ocrx_word' id='word_1_88' title='bbox 601 683 705 715; x_wconf 88' lang='lat' dir='ltr'><strong>etiam</strong></span> <span class='ocrx_word' id='word_1_89' title='bbox 729 682 878 715; x_wconf 85' lang='lat' dir='ltr'><strong>salubria</strong></span> <span class='ocrx_word' id='word_1_90' title='bbox 901 692 1021 715; x_wconf 91' lang='lat' dir='ltr'><strong>eorum</strong></span> <span class='ocrx_word' id='word_1_91' title='bbox 1046 683 1176 715; x_wconf 86' lang='lat' dir='ltr'><strong>monita</strong></span> <span class='ocrx_word' id='word_1_92' title='bbox 1198 682 1338 725; x_wconf 87' lang='lat' dir='ltr'><strong>spreuit,</strong></span> <span class='ocrx_word' id='word_1_93' title='bbox 1362 682 1450 724; x_wconf 92' lang='lat' dir='ltr'><strong>[sed]</strong></span> <span class='ocrx_word' id='word_1_94' title='bbox 1473 683 1617 725; x_wconf 85' lang='lat' dir='ltr'><strong>insuper</strong></span> <span class='ocrx_word' id='word_1_95' title='bbox 1640 683 1744 716; x_wconf 87' lang='lat' dir='ltr'><strong>etiam</strong></span> <span class='ocrx_word' id='word_1_96' title='bbox 1767 695 1787 716; x_wconf 86' lang='lat' dir='ltr'><strong>a</strong></span> <span class='ocrx_word' id='word_1_97' title='bbox 1811 686 1880 718; x_wconf 89' lang='lat' dir='ltr'><strong>suis</strong></span> <span class='ocrx_word' id='word_1_98' title='bbox 1904 697 1986 720; x_wconf 90' lang='lat' dir='ltr'><strong>con-</strong></span> 
     </span>
     <span class='ocr_line' id='line_1_10' title="bbox 129 732 1986 780; baseline 0.002 -11"><span class='ocrx_word' id='word_1_99' title='bbox 129 738 143 754; x_wconf 86' lang='lat'>“</span> <span class='ocrx_word' id='word_1_100' title='bbox 157 735 334 779; x_wconf 86' lang='lat' dir='ltr'><strong>spectibus</strong></span> <span class='ocrx_word' id='word_1_101' title='bbox 356 746 427 768; x_wconf 88' lang='lat' dir='ltr'><strong>non</strong></span> <span class='ocrx_word' id='word_1_102' title='bbox 456 736 530 768; x_wconf 89' lang='lat' dir='ltr'><strong>sine</strong></span> <span class='ocrx_word' id='word_1_103' title='bbox 553 734 682 780; x_wconf 84' lang='lat' dir='ltr'><strong>(graui)</strong></span> <span class='ocrx_word' id='word_1_104' title='bbox 704 735 915 768; x_wconf 88' lang='lat' dir='ltr'><strong>contumelia</strong></span> <span class='ocrx_word' id='word_1_105' title='bbox 937 732 1027 779; x_wconf 87' lang='lat' dir='ltr'><strong>(eos)</strong></span> <span class='ocrx_word' id='word_1_106' title='bbox 1050 735 1193 778; x_wconf 81' lang='lat' dir='ltr'><strong>expulit,</strong></span> <span class='ocrx_word' id='word_1_107' title='bbox 1225 735 1376 778; x_wconf 87' lang='lat' dir='ltr'><strong>nauique</strong></span> <span class='ocrx_word' id='word_1_108' title='bbox 1408 735 1525 778; x_wconf 76' lang='lat' dir='ltr'><strong>fragili</strong></span> <span class='ocrx_word' id='word_1_109' title='bbox 1555 735 1745 778; x_wconf 89' lang='lat' dir='ltr'><strong>impositos,</strong></span> <span class='ocrx_word' id='word_1_110' title='bbox 1769 739 1911 771; x_wconf 90' lang='lat' dir='ltr'><strong>mandat</strong></span> <span class='ocrx_word' id='word_1_111' title='bbox 1941 750 1986 772; x_wconf 91' lang='lat' dir='ltr'><strong>ne</strong></span> 
     </span>
    </p>

    <p class='ocr_par' dir='ltr' id='par_1_6' title="bbox 25 783 1986 832">
     <span class='ocr_line' id='line_1_11' title="bbox 25 783 1986 832; baseline 0.002 -10"><span class='ocrx_word' id='word_1_112' title='bbox 25 823 27 825; x_wconf 76' lang='grc'><em>,</em></span> <span class='ocrx_word' id='word_1_113' title='bbox 130 790 291 832; x_wconf 80' lang='lat' dir='ltr'><strong>“uspiam</strong></span> <span class='ocrx_word' id='word_1_114' title='bbox 314 799 378 832; x_wconf 88' lang='lat' dir='ltr'><strong>per</strong></span> <span class='ocrx_word' id='word_1_115' title='bbox 400 795 508 822; x_wconf 87' lang='lat' dir='ltr'><strong>totam</strong></span> <span class='ocrx_word' id='word_1_116' title='bbox 533 783 696 822; x_wconf 81' lang='lat' dir='ltr'><strong>Greciam</strong></span> <span class='ocrx_word' id='word_1_117' title='bbox 718 789 764 822; x_wconf 91' lang='lat' dir='ltr'><strong>ad</strong></span> <span class='ocrx_word' id='word_1_118' title='bbox 788 788 938 831; x_wconf 82' lang='lat' dir='ltr'><strong>aliquam</strong></span> <span class='ocrx_word' id='word_1_119' title='bbox 964 788 1139 821; x_wconf 87' lang='lat' dir='ltr'><strong>ciuitatem</strong></span> <span class='ocrx_word' id='word_1_120' title='bbox 1164 788 1386 821; x_wconf 88' lang='lat' dir='ltr'><strong>accederent.</strong></span> <span class='ocrx_word' id='word_1_121' title='bbox 1435 787 1550 826; x_wconf 87' lang='lat' dir='ltr'><strong>Quam</strong></span> <span class='ocrx_word' id='word_1_122' title='bbox 1575 788 1648 832; x_wconf 87' lang='lat' dir='ltr'><strong>ejus</strong></span> <span class='ocrx_word' id='word_1_123' title='bbox 1670 789 1813 832; x_wconf 87' lang='lat' dir='ltr'><strong>impiam</strong></span> <span class='ocrx_word' id='word_1_124' title='bbox 1845 794 1986 825; x_wconf 89' lang='lat' dir='ltr'><strong>temeri-</strong></span> 
     </span>
    </p>

    <p class='ocr_par' dir='ltr' id='par_1_7' title="bbox 16 841 1987 889">
     <span class='ocr_line' id='line_1_12' title="bbox 19 841 1987 889; baseline 0.002 -12.995"><span class='ocrx_word' id='word_1_125' title='bbox 19 845 25 868; x_wconf 70' lang='lat' dir='ltr'><strong><em>f</em></strong></span> <span class='ocrx_word' id='word_1_126' title='bbox 59 844 101 876; x_wconf 86' lang='lat'><strong>10</strong></span> <span class='ocrx_word' id='word_1_127' title='bbox 128 845 143 861; x_wconf 73' lang='lat'><strong>¹¹</strong></span> <span class='ocrx_word' id='word_1_128' title='bbox 156 849 263 876; x_wconf 87' lang='lat' dir='ltr'><strong>tatem</strong></span> <span class='ocrx_word' id='word_1_129' title='bbox 287 843 408 875; x_wconf 89' lang='lat' dir='ltr'><strong>diuina</strong></span> <span class='ocrx_word' id='word_1_130' title='bbox 430 842 594 875; x_wconf 90' lang='lat' dir='ltr'><strong>continuo</strong></span> <span class='ocrx_word' id='word_1_131' title='bbox 617 842 703 875; x_wconf 92' lang='lat' dir='ltr'><strong>ultio</strong></span> <span class='ocrx_word' id='word_1_132' title='bbox 726 841 913 875; x_wconf 87' lang='lat' dir='ltr'><strong>subsecuta</strong></span> <span class='ocrx_word' id='word_1_133' title='bbox 936 848 997 874; x_wconf 86' lang='lat' dir='ltr'><strong>est.</strong></span> <span class='ocrx_word' id='word_1_134' title='bbox 1045 842 1135 874; x_wconf 89' lang='lat' dir='ltr'><strong>Nam</strong></span> <span class='ocrx_word' id='word_1_135' title='bbox 1161 852 1240 874; x_wconf 91' lang='lat' dir='ltr'><strong>cum</strong></span> <span class='ocrx_word' id='word_1_136' title='bbox 1254 842 1326 885; x_wconf 89' lang='lat' dir='ltr'><strong>jam</strong></span> <span class='ocrx_word' id='word_1_137' title='bbox 1341 848 1477 884; x_wconf 84' lang='lat' dir='ltr'><strong>septem</strong></span> <span class='ocrx_word' id='word_1_138' title='bbox 1501 848 1536 874; x_wconf 92' lang='lat' dir='ltr'><strong>et</strong></span> <span class='ocrx_word' id='word_1_139' title='bbox 1558 843 1692 885; x_wconf 80' lang='lat' dir='ltr'><strong>viginti</strong></span> <span class='ocrx_word' id='word_1_140' title='bbox 1712 843 1850 886; x_wconf 86' lang='lat' dir='ltr'><strong>imperii</strong></span> <span class='ocrx_word' id='word_1_141' title='bbox 1868 852 1987 889; x_wconf 85' lang='lat' dir='ltr'><strong>ageret</strong></span> 
     </span>
    </p>

    <p class='ocr_par' dir='ltr' id='par_1_8' title="bbox 129 894 1985 938">
     <span class='ocr_line' id='line_1_13' title="bbox 129 894 1985 938; baseline 0.002 -10"><span class='ocrx_word' id='word_1_142' title='bbox 129 898 144 914; x_wconf 88' lang='lat'>“</span> <span class='ocrx_word' id='word_1_143' title='bbox 157 907 271 938; x_wconf 84' lang='lat' dir='ltr'><strong>annos,</strong></span> <span class='ocrx_word' id='word_1_144' title='bbox 294 895 329 928; x_wconf 91' lang='lat' dir='ltr'><strong>ui</strong></span> <span class='ocrx_word' id='word_1_145' title='bbox 353 895 508 928; x_wconf 78' lang='lat' dir='ltr'><strong>fulminis</strong></span> <span class='ocrx_word' id='word_1_146' title='bbox 530 905 714 938; x_wconf 88' lang='lat' dir='ltr'><strong>percussus</strong></span> <span class='ocrx_word' id='word_1_147' title='bbox 735 895 867 927; x_wconf 89' lang='lat' dir='ltr'><strong>interiit</strong></span> <span class='ocrx_word' id='word_1_148' title='bbox 879 894 923 935; x_wconf 74' lang='lat'><strong>„².</strong></span> <span class='ocrx_word' id='word_1_149' title='bbox 970 895 1156 928; x_wconf 87' lang='lat' dir='ltr'><strong>Hormisda</strong></span> <span class='ocrx_word' id='word_1_150' title='bbox 1178 905 1263 927; x_wconf 90' lang='lat' dir='ltr'><strong>uero</strong></span> <span class='ocrx_word' id='word_1_151' title='bbox 1285 895 1378 927; x_wconf 88' lang='lat' dir='ltr'><strong>inter</strong></span> <span class='ocrx_word' id='word_1_152' title='bbox 1401 894 1509 927; x_wconf 90' lang='lat' dir='ltr'><strong>multa</strong></span> <span class='ocrx_word' id='word_1_153' title='bbox 1531 895 1754 929; x_wconf 85' lang='lat' dir='ltr'><strong>basilicarum</strong></span> <span class='ocrx_word' id='word_1_154' title='bbox 1772 906 1985 938; x_wconf 89' lang='lat' dir='ltr'><strong>ornamenta,</strong></span> 
     </span>
    </p>

    <p class='ocr_par' dir='ltr' id='par_1_9' title="bbox 122 948 1989 993">
     <span class='ocr_line' id='line_1_14' title="bbox 122 948 1989 993; baseline 0.002 -11"><span class='ocrx_word' id='word_1_155' title='bbox 122 960 189 993; x_wconf 91' lang='lat' dir='ltr'><strong>que</strong></span> <span class='ocrx_word' id='word_1_156' title='bbox 214 950 348 983; x_wconf 80' lang='lat' dir='ltr'><strong>fecerat</strong></span> <span class='ocrx_word' id='word_1_157' title='bbox 372 959 450 981; x_wconf 92' lang='lat' dir='ltr'><strong>cum</strong></span> <span class='ocrx_word' id='word_1_158' title='bbox 474 949 705 981; x_wconf 83' lang='lat' dir='ltr'><strong>helemosinas</strong></span> <span class='ocrx_word' id='word_1_159' title='bbox 734 949 946 991; x_wconf 87' lang='lat' dir='ltr'><strong>pauperibus</strong></span> <span class='ocrx_word' id='word_1_160' title='bbox 977 948 1142 988; x_wconf 84' lang='lat' dir='ltr'><strong>studiose,</strong></span> <span class='ocrx_word' id='word_1_161' title='bbox 1167 958 1208 981; x_wconf 88' lang='lat' dir='ltr'><strong>ac</strong></span> <span class='ocrx_word' id='word_1_162' title='bbox 1239 948 1314 980; x_wconf 90' lang='lat' dir='ltr'><strong>sine</strong></span> <span class='ocrx_word' id='word_1_163' title='bbox 1345 948 1598 982; x_wconf 87' lang='lat' dir='ltr'><strong>intermissione</strong></span> <span class='ocrx_word' id='word_1_164' title='bbox 1630 949 1864 990; x_wconf 86' lang='lat' dir='ltr'><strong>distribueret,</strong></span> <span class='ocrx_word' id='word_1_165' title='bbox 1897 953 1989 986; x_wconf 76' lang='lat' dir='ltr'><strong>fecit</strong></span> 
     </span>
    </p>

    <p class='ocr_par' dir='ltr' id='par_1_10' title="bbox 122 1001 1987 1046">
     <span class='ocr_line' id='line_1_15' title="bbox 122 1001 1987 1046; baseline 0.002 -11"><span class='ocrx_word' id='word_1_166' title='bbox 122 1003 217 1046; x_wconf 89' lang='lat' dir='ltr'><strong>apud</strong></span> <span class='ocrx_word' id='word_1_167' title='bbox 239 1008 395 1035; x_wconf 83' lang='lat' dir='ltr'><strong>sanctum</strong></span> <span class='ocrx_word' id='word_1_168' title='bbox 419 1002 561 1034; x_wconf 89' lang='lat' dir='ltr'><strong>Petrum</strong></span> <span class='ocrx_word' id='word_1_169' title='bbox 585 1002 719 1034; x_wconf 87' lang='lat' dir='ltr'><strong>trabem</strong></span> <span class='ocrx_word' id='word_1_170' title='bbox 744 1013 787 1033; x_wconf 82' lang='lat' dir='ltr'><strong>ex</strong></span> <span class='ocrx_word' id='word_1_171' title='bbox 809 1008 955 1045; x_wconf 90' lang='lat' dir='ltr'><strong>argento</strong></span> <span class='ocrx_word' id='word_1_172' title='bbox 978 1011 1031 1033; x_wconf 77' lang='lat' dir='ltr'><strong>ML</strong></span> <span class='ocrx_word' id='word_1_173' title='bbox 1054 1001 1219 1033; x_wconf 89' lang='lat' dir='ltr'><strong>librarum</strong></span> <span class='ocrx_word' id='word_1_174' title='bbox 1243 1002 1445 1034; x_wconf 85' lang='lat' dir='ltr'><strong>decoratam</strong></span> <span class='ocrx_word' id='word_1_175' title='bbox 1458 1001 1480 1033; x_wconf 83' lang='lat'><strong>³.</strong></span> <span class='ocrx_word' id='word_1_176' title='bbox 1528 1002 1601 1041; x_wconf 88' lang='lat' dir='ltr'><strong>Qui</strong></span> <span class='ocrx_word' id='word_1_177' title='bbox 1624 1002 1728 1035; x_wconf 86' lang='lat' dir='ltr'><strong>etiam</strong></span> <span class='ocrx_word' id='word_1_178' title='bbox 1755 1006 1912 1045; x_wconf 87' lang='lat' dir='ltr'><strong>sepultus</strong></span> <span class='ocrx_word' id='word_1_179' title='bbox 1935 1013 1987 1039; x_wconf 90' lang='lat' dir='ltr'><strong>est</strong></span> 
     </span>
    </p>
   </div>
   <div class='ocr_carea' id='block_1_5' title="bbox 122 1054 598 1089">
    <p class='ocr_par' dir='ltr' id='par_1_11' title="bbox 122 1054 598 1089">
     <span class='ocr_line' id='line_1_16' title="bbox 122 1054 598 1089; baseline -0.002 0"><span class='ocrx_word' id='word_1_180' title='bbox 122 1056 161 1089; x_wconf 87' lang='lat' dir='ltr'><strong>in</strong></span> <span class='ocrx_word' id='word_1_181' title='bbox 183 1056 328 1089; x_wconf 87' lang='lat' dir='ltr'><strong>basilica</strong></span> <span class='ocrx_word' id='word_1_182' title='bbox 351 1054 444 1088; x_wconf 85' lang='lat' dir='ltr'><strong>beati</strong></span> <span class='ocrx_word' id='word_1_183' title='bbox 467 1054 563 1088; x_wconf 91' lang='lat' dir='ltr'><strong>Petri</strong></span> <span class='ocrx_word' id='word_1_184' title='bbox 574 1054 598 1088; x_wconf 76' lang='lat'><strong>⁴.</strong></span> 
     </span>
    </p>
   </div>
   <div class='ocr_carea' id='block_1_6' title="bbox 9 1105 2209 1211">
    <p class='ocr_par' dir='ltr' id='par_1_12' title="bbox 9 1105 2209 1211">
     <span class='ocr_line' id='line_1_17' title="bbox 9 1105 2209 1158; baseline 0.003 -18"><span class='ocrx_word' id='word_1_185' title='bbox 9 1110 25 1140; x_wconf 76' lang='grc'><strong>.’</strong></span> <span class='ocrx_word' id='word_1_186' title='bbox 59 1109 98 1143; x_wconf 82' lang='lat'><strong>15</strong></span> <span class='ocrx_word' id='word_1_187' title='bbox 210 1108 315 1142; x_wconf 86' lang='lat' dir='ltr'><strong>Anno</strong></span> <span class='ocrx_word' id='word_1_188' title='bbox 339 1108 510 1141; x_wconf 89' lang='lat' dir='ltr'><strong>dominice</strong></span> <span class='ocrx_word' id='word_1_189' title='bbox 535 1108 788 1141; x_wconf 86' lang='lat' dir='ltr'><strong>incarnationis</strong></span> <span class='ocrx_word' id='word_1_190' title='bbox 810 1108 976 1141; x_wconf 86' lang='lat' dir='ltr'><strong>DXVIII.</strong></span> <span class='ocrx_word' id='word_1_191' title='bbox 1028 1108 1182 1141; x_wconf 78' lang='lat' dir='ltr'><strong>“Punito</strong></span> <span class='ocrx_word' id='word_1_192' title='bbox 1206 1107 1393 1141; x_wconf 86' lang='lat' dir='ltr'><strong>Anastasio</strong></span> <span class='ocrx_word' id='word_1_193' title='bbox 1417 1109 1585 1147; x_wconf 82' lang='lat' dir='ltr'><strong>heretico,</strong></span> <span class='ocrx_word' id='word_1_194' title='bbox 1610 1110 1766 1153; x_wconf 89' lang='lat' dir='ltr'><strong>Justinus</strong></span> <span class='ocrx_word' id='word_1_195' title='bbox 1793 1113 1988 1146; x_wconf 90' lang='lat' dir='ltr'><strong>catholicus</strong></span> <span class='ocrx_word' id='word_1_196' title='bbox 2009 1105 2209 1158; x_wconf 46' lang='lat' dir='ltr'><strong>f‘ff‘gf&#39;ss&#39;gapa</strong></span> 
     </span>
     <span class='ocr_line' id='line_1_18' title="bbox 15 1151 2134 1211; baseline 0.002 -17"><span class='ocrx_word' id='word_1_197' title='bbox 15 1151 16 1154; x_wconf 12' lang='grc' dir='ltr'><strong>Ἴ</strong></span> <span class='ocrx_word' id='word_1_198' title='bbox 128 1161 338 1206; x_wconf 85' lang='lat' dir='ltr'><strong>“Augustali</strong></span> <span class='ocrx_word' id='word_1_199' title='bbox 361 1161 492 1204; x_wconf 87' lang='lat' dir='ltr'><strong>potitus</strong></span> <span class='ocrx_word' id='word_1_200' title='bbox 515 1168 566 1194; x_wconf 89' lang='lat' dir='ltr'><strong>est</strong></span> <span class='ocrx_word' id='word_1_201' title='bbox 589 1161 694 1200; x_wconf 87' lang='lat' dir='ltr'><strong>solio;</strong></span> <span class='ocrx_word' id='word_1_202' title='bbox 718 1162 763 1194; x_wconf 87' lang='lat' dir='ltr'><strong>ad</strong></span> <span class='ocrx_word' id='word_1_203' title='bbox 787 1162 879 1194; x_wconf 89' lang='lat' dir='ltr'><strong>hunc</strong></span> <span class='ocrx_word' id='word_1_204' title='bbox 905 1161 951 1194; x_wconf 89' lang='lat' dir='ltr'><strong>ob</strong></span> <span class='ocrx_word' id='word_1_205' title='bbox 983 1161 1137 1195; x_wconf 67' lang='lat' dir='ltr'><strong>causam*</strong></span> <span class='ocrx_word' id='word_1_206' title='bbox 1162 1162 1411 1205; x_wconf 84' lang='lat' dir='ltr'><strong>reintegraude</strong></span> <span class='ocrx_word' id='word_1_207' title='bbox 1434 1162 1528 1202; x_wconf 87' lang='lat' dir='ltr'><strong>fidei,</strong></span> <span class='ocrx_word' id='word_1_208' title='bbox 1553 1164 1706 1196; x_wconf 84' lang='lat' dir='ltr'><strong>directus</strong></span> <span class='ocrx_word' id='word_1_209' title='bbox 1729 1164 1773 1197; x_wconf 88' lang='lat' dir='ltr'><strong>ab</strong></span> <span class='ocrx_word' id='word_1_210' title='bbox 1804 1165 1991 1200; x_wconf 88' lang='lat' dir='ltr'><strong>Hormisda</strong></span> <span class='ocrx_word' id='word_1_211' title='bbox 2013 1159 2134 1211; x_wconf 57' lang='lat' dir='ltr'><strong>22g12¹⁸</strong></span> 
     </span>
    </p>
   </div>
   <div class='ocr_carea' id='block_1_7' title="bbox 1 1214 2208 2224">
    <p class='ocr_par' dir='ltr' id='par_1_13' title="bbox 127 1214 1986 1261">
     <span class='ocr_line' id='line_1_19' title="bbox 127 1214 1986 1261; baseline 0.003 -13"><span class='ocrx_word' id='word_1_212' title='bbox 127 1215 320 1259; x_wconf 85' lang='lat' dir='ltr'><strong>“pontifice</strong></span> <span class='ocrx_word' id='word_1_213' title='bbox 343 1214 396 1247; x_wconf 90' lang='lat' dir='ltr'><strong>uir</strong></span> <span class='ocrx_word' id='word_1_214' title='bbox 419 1214 603 1248; x_wconf 87' lang='lat' dir='ltr'><strong>sanctitate</strong></span> <span class='ocrx_word' id='word_1_215' title='bbox 626 1217 815 1258; x_wconf 90' lang='lat' dir='ltr'><strong>precipuus</strong></span> <span class='ocrx_word' id='word_1_216' title='bbox 847 1215 1043 1248; x_wconf 86' lang='lat' dir='ltr'><strong>Germanus</strong></span> <span class='ocrx_word' id='word_1_217' title='bbox 1065 1215 1231 1258; x_wconf 90' lang='lat' dir='ltr'><strong>Capuane</strong></span> <span class='ocrx_word' id='word_1_218' title='bbox 1262 1215 1355 1247; x_wconf 88' lang='lat' dir='ltr'><strong>sedis</strong></span> <span class='ocrx_word' id='word_1_219' title='bbox 1378 1215 1554 1258; x_wconf 87' lang='lat' dir='ltr'><strong>episcopis</strong></span> <span class='ocrx_word' id='word_1_220' title='bbox 1582 1216 1689 1260; x_wconf 80' lang='lat' dir='ltr'><strong>digne</strong></span> <span class='ocrx_word' id='word_1_221' title='bbox 1713 1225 1893 1261; x_wconf 88' lang='lat' dir='ltr'><strong>susceptus</strong></span> <span class='ocrx_word' id='word_1_222' title='bbox 1924 1227 1986 1260; x_wconf 87' lang='lat' dir='ltr'><strong>est,</strong></span> 
     </span>
    </p>

    <p class='ocr_par' dir='ltr' id='par_1_14' title="bbox 127 1267 1986 1312">
     <span class='ocr_line' id='line_1_20' title="bbox 127 1267 1986 1312; baseline 0.003 -11"><span class='ocrx_word' id='word_1_223' title='bbox 127 1270 143 1287; x_wconf 72' lang='lat'><strong>¹⁶</strong></span> <span class='ocrx_word' id='word_1_224' title='bbox 155 1269 410 1311; x_wconf 88' lang='lat' dir='ltr'><strong>multorumque</strong></span> <span class='ocrx_word' id='word_1_225' title='bbox 427 1267 568 1301; x_wconf 86' lang='lat' dir='ltr'><strong>dubiam</strong></span> <span class='ocrx_word' id='word_1_226' title='bbox 583 1268 788 1312; x_wconf 85' lang='lat' dir='ltr'><strong>religionem</strong></span> <span class='ocrx_word' id='word_1_227' title='bbox 805 1269 966 1301; x_wconf 84' lang='lat' dir='ltr'><strong>solidauit</strong></span> <span class='ocrx_word' id='word_1_228' title='bbox 978 1269 1000 1301; x_wconf 74' lang='lat'><strong>⁵.</strong></span> <span class='ocrx_word' id='word_1_229' title='bbox 1025 1269 1077 1301; x_wconf 90' lang='lat' dir='ltr'><strong>Eo</strong></span> <span class='ocrx_word' id='word_1_230' title='bbox 1093 1275 1251 1310; x_wconf 87' lang='lat' dir='ltr'><strong>tempore</strong></span> <span class='ocrx_word' id='word_1_231' title='bbox 1268 1269 1363 1311; x_wconf 90' lang='lat' dir='ltr'><strong>apud</strong></span> <span class='ocrx_word' id='word_1_232' title='bbox 1378 1269 1540 1302; x_wconf 74' lang='lat' dir='ltr'><strong>Africam</strong></span> <span class='ocrx_word' id='word_1_233' title='bbox 1555 1271 1724 1303; x_wconf 81' lang='lat' dir='ltr'><strong>defuncto</strong></span> <span class='ocrx_word' id='word_1_234' title='bbox 1741 1272 1986 1308; x_wconf 86' lang='lat' dir='ltr'><strong>Trasamundo</strong></span> 
     </span>
    </p>

    <p class='ocr_par' dir='ltr' id='par_1_15' title="bbox 18 1321 1986 1370">
     <span class='ocr_line' id='line_1_21' title="bbox 18 1321 1986 1370; baseline 0.003 -16"><span class='ocrx_word' id='word_1_235' title='bbox 18 1358 21 1364; x_wconf 34' lang='lat'><strong>¹</strong></span> <span class='ocrx_word' id='word_1_236' title='bbox 127 1324 142 1340; x_wconf 85' lang='lat'>“</span> <span class='ocrx_word' id='word_1_237' title='bbox 156 1321 407 1355; x_wconf 78' lang='lat' dir='ltr'><strong>Wandalorum</strong></span> <span class='ocrx_word' id='word_1_238' title='bbox 431 1331 516 1365; x_wconf 85' lang='lat' dir='ltr'><strong>rege</strong></span> <span class='ocrx_word' id='word_1_239' title='bbox 540 1321 700 1363; x_wconf 88' lang='lat' dir='ltr'><strong>[Arriane</strong></span> <span class='ocrx_word' id='word_1_240' title='bbox 724 1322 882 1364; x_wconf 83' lang='lat' dir='ltr'><strong>perfidie]</strong></span> <span class='ocrx_word' id='word_1_241' title='bbox 906 1322 1075 1355; x_wconf 88' lang='lat' dir='ltr'><strong>Ildericus</strong></span> <span class='ocrx_word' id='word_1_242' title='bbox 1106 1322 1182 1366; x_wconf 82' lang='lat' dir='ltr'><strong>ejus</strong></span> <span class='ocrx_word' id='word_1_243' title='bbox 1201 1321 1293 1362; x_wconf 34' lang='lat' dir='ltr'><strong>,filius</strong></span> <span class='ocrx_word' id='word_1_244' title='bbox 1316 1332 1360 1354; x_wconf 87' lang='lat' dir='ltr'><strong>ex</strong></span> <span class='ocrx_word' id='word_1_245' title='bbox 1383 1323 1522 1365; x_wconf 85' lang='lat' dir='ltr'><strong>captiua</strong></span> <span class='ocrx_word' id='word_1_246' title='bbox 1546 1323 1783 1357; x_wconf 78' lang='lat' dir='ltr'><strong>Valentiniani</strong></span> <span class='ocrx_word' id='word_1_247' title='bbox 1814 1326 1986 1370; x_wconf 86' lang='lat' dir='ltr'><strong>principis</strong></span> 
     </span>
    </p>

    <p class='ocr_par' dir='ltr' id='par_1_16' title="bbox 5 1369 1987 1419">
     <span class='ocr_line' id='line_1_22' title="bbox 56 1372 1987 1419; baseline 0.003 -10.871"><span class='ocrx_word' id='word_1_248' title='bbox 56 1372 105 1408; x_wconf 61' lang='lat'><strong>20&#39;</strong></span> <span class='ocrx_word' id='word_1_249' title='bbox 129 1376 144 1392; x_wconf 75' lang='lat'><strong>&#39;⁴</strong></span> <span class='ocrx_word' id='word_1_250' title='bbox 155 1375 225 1407; x_wconf 87' lang='lat' dir='ltr'><strong>filia</strong></span> <span class='ocrx_word' id='word_1_251' title='bbox 241 1379 348 1412; x_wconf 85' lang='lat' dir='ltr'><strong>ortus,</strong></span> <span class='ocrx_word' id='word_1_252' title='bbox 364 1373 619 1406; x_wconf 86' lang='lat' dir='ltr'><strong>Wandalorum</strong></span> <span class='ocrx_word' id='word_1_253' title='bbox 643 1374 789 1416; x_wconf 91' lang='lat' dir='ltr'><strong>adeptus</strong></span> <span class='ocrx_word' id='word_1_254' title='bbox 805 1381 857 1407; x_wconf 88' lang='lat' dir='ltr'><strong>est</strong></span> <span class='ocrx_word' id='word_1_255' title='bbox 872 1384 1031 1419; x_wconf 88' lang='lat' dir='ltr'><strong>regnum,</strong></span> <span class='ocrx_word' id='word_1_256' title='bbox 1055 1374 1114 1418; x_wconf 93' lang='lat' dir='ltr'><strong>qui</strong></span> <span class='ocrx_word' id='word_1_257' title='bbox 1131 1385 1201 1407; x_wconf 89' lang='lat' dir='ltr'><strong>non</strong></span> <span class='ocrx_word' id='word_1_258' title='bbox 1218 1381 1352 1417; x_wconf 88' lang='lat' dir='ltr'><strong>patrem</strong></span> <span class='ocrx_word' id='word_1_259' title='bbox 1369 1375 1573 1414; x_wconf 88' lang='lat' dir='ltr'><strong>hereticum,</strong></span> <span class='ocrx_word' id='word_1_260' title='bbox 1597 1377 1661 1409; x_wconf 90' lang='lat' dir='ltr'><strong>sed</strong></span> <span class='ocrx_word' id='word_1_261' title='bbox 1676 1378 1797 1411; x_wconf 88' lang='lat' dir='ltr'><strong>matris</strong></span> <span class='ocrx_word' id='word_1_262' title='bbox 1814 1372 1987 1413; x_wconf 70' lang='lat' dir='ltr'><strong>catholice</strong></span> 
     </span>
    </p>

    <p class='ocr_par' dir='ltr' id='par_1_17' title="bbox 127 1427 1986 1470">
     <span class='ocr_line' id='line_1_23' title="bbox 127 1427 1986 1470; baseline 0.003 -10"><span class='ocrx_word' id='word_1_263' title='bbox 127 1427 285 1462; x_wconf 84' lang='lat' dir='ltr'><strong>“monita</strong></span> <span class='ocrx_word' id='word_1_264' title='bbox 307 1428 485 1470; x_wconf 72' lang='lat' dir='ltr'><strong>frequens,</strong></span> <span class='ocrx_word' id='word_1_265' title='bbox 509 1433 606 1460; x_wconf 88' lang='lat' dir='ltr'><strong>recte</strong></span> <span class='ocrx_word' id='word_1_266' title='bbox 630 1427 714 1460; x_wconf 89' lang='lat' dir='ltr'><strong>fidei</strong></span> <span class='ocrx_word' id='word_1_267' title='bbox 737 1428 851 1460; x_wconf 88' lang='lat' dir='ltr'><strong>cultor</strong></span> <span class='ocrx_word' id='word_1_268' title='bbox 873 1429 1008 1460; x_wconf 88' lang='lat' dir='ltr'><strong>enituit.</strong></span> <span class='ocrx_word' id='word_1_269' title='bbox 1054 1428 1159 1460; x_wconf 88' lang='lat' dir='ltr'><strong>Hunc</strong></span> <span class='ocrx_word' id='word_1_270' title='bbox 1182 1433 1282 1470; x_wconf 88' lang='lat' dir='ltr'><strong>pater</strong></span> <span class='ocrx_word' id='word_1_271' title='bbox 1304 1428 1589 1462; x_wconf 84' lang='lat' dir='ltr'><strong>Trasamundus⁶</strong></span> <span class='ocrx_word' id='word_1_272' title='bbox 1612 1431 1659 1463; x_wconf 91' lang='lat' dir='ltr'><strong>ad</strong></span> <span class='ocrx_word' id='word_1_273' title='bbox 1681 1437 1826 1464; x_wconf 89' lang='lat' dir='ltr'><strong>mortem</strong></span> <span class='ocrx_word' id='word_1_274' title='bbox 1843 1434 1986 1466; x_wconf 89' lang='lat' dir='ltr'><strong>ueniens</strong></span> 
     </span>
    </p>

    <p class='ocr_par' dir='ltr' id='par_1_18' title="bbox 128 1480 1986 1529">
     <span class='ocr_line' id='line_1_24' title="bbox 128 1480 1986 1529; baseline 0.003 -15"><span class='ocrx_word' id='word_1_275' title='bbox 128 1483 144 1499; x_wconf 78' lang='lat'><strong>¹⁶</strong></span> <span class='ocrx_word' id='word_1_276' title='bbox 155 1480 363 1514; x_wconf 87' lang='lat' dir='ltr'><strong>sacramenti</strong></span> <span class='ocrx_word' id='word_1_277' title='bbox 385 1480 487 1514; x_wconf 90' lang='lat' dir='ltr'><strong>nodis</strong></span> <span class='ocrx_word' id='word_1_278' title='bbox 509 1481 702 1524; x_wconf 85' lang='lat' dir='ltr'><strong>astringere</strong></span> <span class='ocrx_word' id='word_1_279' title='bbox 720 1481 864 1520; x_wconf 85' lang='lat' dir='ltr'><strong>curauit,</strong></span> <span class='ocrx_word' id='word_1_280' title='bbox 882 1491 926 1513; x_wconf 88' lang='lat' dir='ltr'><strong>ne</strong></span> <span class='ocrx_word' id='word_1_281' title='bbox 942 1492 1105 1525; x_wconf 88' lang='lat' dir='ltr'><strong>umquam</strong></span> <span class='ocrx_word' id='word_1_282' title='bbox 1122 1481 1158 1514; x_wconf 92' lang='lat' dir='ltr'><strong>in</strong></span> <span class='ocrx_word' id='word_1_283' title='bbox 1176 1491 1285 1525; x_wconf 85' lang='lat' dir='ltr'><strong>regno</strong></span> <span class='ocrx_word' id='word_1_284' title='bbox 1308 1492 1371 1514; x_wconf 91' lang='lat' dir='ltr'><strong>suo</strong></span> <span class='ocrx_word' id='word_1_285' title='bbox 1396 1483 1579 1515; x_wconf 86' lang='lat' dir='ltr'><strong>catholicis</strong></span> <span class='ocrx_word' id='word_1_286' title='bbox 1595 1484 1795 1517; x_wconf 89' lang='lat' dir='ltr'><strong>consuleret</strong></span> <span class='ocrx_word' id='word_1_287' title='bbox 1801 1497 1810 1523; x_wconf 80' lang='lat'><em>3</em></span> <span class='ocrx_word' id='word_1_288' title='bbox 1828 1486 1888 1529; x_wconf 93' lang='lat' dir='ltr'><strong>qui</strong></span> <span class='ocrx_word' id='word_1_289' title='bbox 1905 1497 1986 1520; x_wconf 85' lang='lat' dir='ltr'><strong>mox</strong></span> 
     </span>
    </p>

    <p class='ocr_par' dir='ltr' id='par_1_19' title="bbox 128 1532 1987 1582">
     <span class='ocr_line' id='line_1_25' title="bbox 128 1532 1987 1582; baseline 0.003 -15"><span class='ocrx_word' id='word_1_290' title='bbox 128 1537 193 1568; x_wconf 86' lang='lat' dir='ltr'><strong>“ut</strong></span> <span class='ocrx_word' id='word_1_291' title='bbox 214 1545 295 1567; x_wconf 87' lang='lat' dir='ltr'><strong>suus</strong></span> <span class='ocrx_word' id='word_1_292' title='bbox 318 1534 458 1577; x_wconf 86' lang='lat' dir='ltr'><strong>genitor</strong></span> <span class='ocrx_word' id='word_1_293' title='bbox 479 1533 551 1566; x_wconf 88' lang='lat' dir='ltr'><strong>uita</strong></span> <span class='ocrx_word' id='word_1_294' title='bbox 574 1534 695 1572; x_wconf 84' lang='lat' dir='ltr'><strong>caruit,</strong></span> <span class='ocrx_word' id='word_1_295' title='bbox 719 1535 817 1577; x_wconf 88' lang='lat' dir='ltr'><strong>prius</strong></span> <span class='ocrx_word' id='word_1_296' title='bbox 839 1532 971 1578; x_wconf 84' lang='lat' dir='ltr'><strong>(quam)</strong></span> <span class='ocrx_word' id='word_1_297' title='bbox 994 1535 1094 1578; x_wconf 88' lang='lat' dir='ltr'><strong>regni</strong></span> <span class='ocrx_word' id='word_1_298' title='bbox 1116 1534 1193 1579; x_wconf 81' lang='lat' dir='ltr'><strong>jura</strong></span> <span class='ocrx_word' id='word_1_299' title='bbox 1216 1542 1414 1573; x_wconf 89' lang='lat' dir='ltr'><strong>assumeret,</strong></span> <span class='ocrx_word' id='word_1_300' title='bbox 1439 1546 1559 1568; x_wconf 90' lang='lat' dir='ltr'><strong>omnes</strong></span> <span class='ocrx_word' id='word_1_301' title='bbox 1575 1537 1769 1580; x_wconf 89' lang='lat' dir='ltr'><strong>episcopos,</strong></span> <span class='ocrx_word' id='word_1_302' title='bbox 1792 1549 1879 1582; x_wconf 88' lang='lat' dir='ltr'><strong>quos</strong></span> <span class='ocrx_word' id='word_1_303' title='bbox 1897 1540 1987 1573; x_wconf 84' lang='lat' dir='ltr'><strong>Tra-</strong></span> 
     </span>
    </p>

    <p class='ocr_par' dir='ltr' id='par_1_20' title="bbox 9 1587 1985 1636">
     <span class='ocr_line' id='line_1_26' title="bbox 9 1587 1985 1636; baseline 0.003 -16"><span class='ocrx_word' id='word_1_304' title='bbox 9 1622 12 1630; x_wconf 51' lang='lat'><strong>,</strong></span> <span class='ocrx_word' id='word_1_305' title='bbox 125 1589 140 1606; x_wconf 89' lang='lat'>“</span> <span class='ocrx_word' id='word_1_306' title='bbox 156 1588 344 1621; x_wconf 88' lang='lat' dir='ltr'><strong>samundus</strong></span> <span class='ocrx_word' id='word_1_307' title='bbox 366 1587 401 1619; x_wconf 89' lang='lat' dir='ltr'><strong>in</strong></span> <span class='ocrx_word' id='word_1_308' title='bbox 425 1587 565 1620; x_wconf 89' lang='lat' dir='ltr'><strong>exilium</strong></span> <span class='ocrx_word' id='word_1_309' title='bbox 589 1587 742 1629; x_wconf 81' lang='lat' dir='ltr'><strong>miserat,</strong></span> <span class='ocrx_word' id='word_1_310' title='bbox 758 1588 899 1632; x_wconf 86' lang='lat' dir='ltr'><strong>regredi</strong></span> <span class='ocrx_word' id='word_1_311' title='bbox 914 1588 1012 1625; x_wconf 78' lang='lat' dir='ltr'><strong>fecit,</strong></span> <span class='ocrx_word' id='word_1_312' title='bbox 1028 1599 1146 1632; x_wconf 81' lang='lat' dir='ltr'><strong>eosque</strong></span> <span class='ocrx_word' id='word_1_313' title='bbox 1161 1588 1330 1621; x_wconf 90' lang='lat' dir='ltr'><strong>ecclesias</strong></span> <span class='ocrx_word' id='word_1_314' title='bbox 1347 1589 1539 1622; x_wconf 80' lang='lat' dir='ltr'><strong>reformare</strong></span> <span class='ocrx_word' id='word_1_315' title='bbox 1564 1591 1736 1633; x_wconf 86' lang='lat' dir='ltr'><strong>precepit,</strong></span> <span class='ocrx_word' id='word_1_316' title='bbox 1753 1597 1832 1634; x_wconf 92' lang='lat' dir='ltr'><strong>post</strong></span> <span class='ocrx_word' id='word_1_317' title='bbox 1847 1599 1985 1636; x_wconf 87' lang='lat' dir='ltr'><strong>septua-</strong></span> 
     </span>
    </p>

    <p class='ocr_par' dir='ltr' id='par_1_21' title="bbox 3 1639 1334 1686">
     <span class='ocr_line' id='line_1_27' title="bbox 56 1640 1334 1686; baseline 0.005 -17.761"><span class='ocrx_word' id='word_1_318' title='bbox 56 1643 98 1675; x_wconf 88' lang='lat'><strong>25</strong></span> <span class='ocrx_word' id='word_1_319' title='bbox 129 1641 255 1686; x_wconf 84' lang='lat' dir='ltr'><strong>“ginta</strong></span> <span class='ocrx_word' id='word_1_320' title='bbox 278 1646 440 1684; x_wconf 86' lang='lat' dir='ltr'><strong>quattuor</strong></span> <span class='ocrx_word' id='word_1_321' title='bbox 463 1650 583 1680; x_wconf 86' lang='lat' dir='ltr'><strong>annos,</strong></span> <span class='ocrx_word' id='word_1_322' title='bbox 606 1651 707 1683; x_wconf 86' lang='lat' dir='ltr'><strong>quam</strong></span> <span class='ocrx_word' id='word_1_323' title='bbox 730 1641 766 1672; x_wconf 82' lang='lat' dir='ltr'><strong>in</strong></span> <span class='ocrx_word' id='word_1_324' title='bbox 790 1641 927 1673; x_wconf 80' lang='lat' dir='ltr'><strong>exilium</strong></span> <span class='ocrx_word' id='word_1_325' title='bbox 942 1640 1094 1685; x_wconf 77' lang='lat' dir='ltr'><strong>fucrant</strong></span> <span class='ocrx_word' id='word_1_326' title='bbox 1116 1641 1334 1681; x_wconf 75' lang='lat' dir='ltr'><strong>destinati„⁷.</strong></span> 
     </span>
    </p>

    <p class='ocr_par' dir='ltr' id='par_1_22' title="bbox 1 1689 2208 1746">
     <span class='ocr_line' id='line_1_28' title="bbox 1 1689 2208 1746; baseline 0.005 -20"><span class='ocrx_word' id='word_1_327' title='bbox 1 1689 12 1699; x_wconf 51' lang='lat'><strong>&#39;²</strong></span> <span class='ocrx_word' id='word_1_328' title='bbox 210 1694 292 1734; x_wconf 87' lang='lat' dir='ltr'><strong>Quo</strong></span> <span class='ocrx_word' id='word_1_329' title='bbox 315 1701 473 1737; x_wconf 91' lang='lat' dir='ltr'><strong>tempore</strong></span> <span class='ocrx_word' id='word_1_330' title='bbox 495 1694 683 1727; x_wconf 88' lang='lat' dir='ltr'><strong>Hormisda</strong></span> <span class='ocrx_word' id='word_1_331' title='bbox 697 1693 802 1726; x_wconf 90' lang='lat' dir='ltr'><strong>rebus</strong></span> <span class='ocrx_word' id='word_1_332' title='bbox 817 1695 975 1727; x_wconf 88' lang='lat' dir='ltr'><strong>humanis</strong></span> <span class='ocrx_word' id='word_1_333' title='bbox 992 1701 1167 1737; x_wconf 86' lang='lat' dir='ltr'><strong>exempto,</strong></span> <span class='ocrx_word' id='word_1_334' title='bbox 1183 1695 1374 1738; x_wconf 75' lang='lat' dir='ltr'><strong>Johanne8‚</strong></span> <span class='ocrx_word' id='word_1_335' title='bbox 1391 1697 1533 1729; x_wconf 88' lang='lat' dir='ltr'><strong>natione</strong></span> <span class='ocrx_word' id='word_1_336' title='bbox 1549 1697 1697 1736; x_wconf 86' lang='lat' dir='ltr'><strong>Tuscus,</strong></span> <span class='ocrx_word' id='word_1_337' title='bbox 1717 1709 1760 1732; x_wconf 85' lang='lat' dir='ltr'><strong>ex</strong></span> <span class='ocrx_word' id='word_1_338' title='bbox 1776 1706 1875 1743; x_wconf 87' lang='lat' dir='ltr'><strong>patre</strong></span> <span class='ocrx_word' id='word_1_339' title='bbox 1892 1701 1985 1734; x_wconf 87' lang='lat' dir='ltr'><strong>Con-</strong></span> <span class='ocrx_word' id='word_1_340' title='bbox 2009 1692 2208 1746; x_wconf 52' lang='lat' dir='ltr'><strong>{⁰Z‘J’g&#39;2255’3‘3&#39;a</strong></span> 
     </span>
    </p>

    <p class='ocr_par' dir='ltr' id='par_1_23' title="bbox 122 1746 1985 1794">
     <span class='ocr_line' id='line_1_29' title="bbox 122 1746 1985 1794; baseline 0.003 -12"><span class='ocrx_word' id='word_1_341' title='bbox 122 1749 249 1782; x_wconf 84' lang='lat' dir='ltr'><strong>stantio</strong></span> <span class='ocrx_word' id='word_1_342' title='bbox 273 1748 306 1780; x_wconf 90' lang='lat' dir='ltr'><strong>ei</strong></span> <span class='ocrx_word' id='word_1_343' title='bbox 329 1747 364 1779; x_wconf 89' lang='lat' dir='ltr'><strong>in</strong></span> <span class='ocrx_word' id='word_1_344' title='bbox 386 1746 590 1790; x_wconf 88' lang='lat' dir='ltr'><strong>pontificatu</strong></span> <span class='ocrx_word' id='word_1_345' title='bbox 613 1747 790 1786; x_wconf 85' lang='lat' dir='ltr'><strong>successit,</strong></span> <span class='ocrx_word' id='word_1_346' title='bbox 807 1747 968 1790; x_wconf 88' lang='lat' dir='ltr'><strong>seditque</strong></span> <span class='ocrx_word' id='word_1_347' title='bbox 985 1748 1086 1781; x_wconf 87' lang='lat' dir='ltr'><strong>annis</strong></span> <span class='ocrx_word' id='word_1_348' title='bbox 1102 1748 1237 1781; x_wconf 89' lang='lat' dir='ltr'><strong>duobus</strong></span> <span class='ocrx_word' id='word_1_349' title='bbox 1249 1747 1272 1781; x_wconf 81' lang='lat'><strong>⁸.</strong></span> <span class='ocrx_word' id='word_1_350' title='bbox 1318 1748 1366 1781; x_wconf 87' lang='lat' dir='ltr'><strong>At</strong></span> <span class='ocrx_word' id='word_1_351' title='bbox 1389 1760 1471 1782; x_wconf 89' lang='lat' dir='ltr'><strong>uero</strong></span> <span class='ocrx_word' id='word_1_352' title='bbox 1494 1750 1532 1781; x_wconf 90' lang='lat' dir='ltr'><strong>in</strong></span> <span class='ocrx_word' id='word_1_353' title='bbox 1556 1750 1707 1784; x_wconf 88' lang='lat' dir='ltr'><strong>Orientis</strong></span> <span class='ocrx_word' id='word_1_354' title='bbox 1731 1752 1888 1794; x_wconf 89' lang='lat' dir='ltr'><strong>partibus</strong></span> <span class='ocrx_word' id='word_1_355' title='bbox 1903 1754 1985 1787; x_wconf 91' lang='lat' dir='ltr'><strong>dum</strong></span> 
     </span>
    </p>

    <p class='ocr_par' dir='ltr' id='par_1_24' title="bbox 119 1800 1987 1899">
     <span class='ocr_line' id='line_1_30' title="bbox 121 1800 1987 1843; baseline 0.003 -9"><span class='ocrx_word' id='word_1_356' title='bbox 121 1802 237 1834; x_wconf 90' lang='lat' dir='ltr'><strong>adhuc</strong></span> <span class='ocrx_word' id='word_1_357' title='bbox 260 1800 393 1834; x_wconf 85' lang='lat' dir='ltr'><strong>heresis</strong></span> <span class='ocrx_word' id='word_1_358' title='bbox 415 1800 566 1832; x_wconf 86' lang='lat' dir='ltr'><strong>Arriana</strong></span> <span class='ocrx_word' id='word_1_359' title='bbox 588 1800 736 1843; x_wconf 88' lang='lat' dir='ltr'><strong>uigeret‚</strong></span> <span class='ocrx_word' id='word_1_360' title='bbox 758 1800 914 1843; x_wconf 88' lang='lat' dir='ltr'><strong>Justinus</strong></span> <span class='ocrx_word' id='word_1_361' title='bbox 935 1801 1063 1833; x_wconf 88' lang='lat' dir='ltr'><strong>ardore</strong></span> <span class='ocrx_word' id='word_1_362' title='bbox 1089 1801 1284 1834; x_wconf 85' lang='lat' dir='ltr'><strong>orthodoxe</strong></span> <span class='ocrx_word' id='word_1_363' title='bbox 1300 1802 1393 1840; x_wconf 88' lang='lat' dir='ltr'><strong>fidei,</strong></span> <span class='ocrx_word' id='word_1_364' title='bbox 1416 1808 1455 1834; x_wconf 93' lang='lat' dir='ltr'><strong>ut</strong></span> <span class='ocrx_word' id='word_1_365' title='bbox 1477 1803 1713 1836; x_wconf 87' lang='lat' dir='ltr'><strong>hereticorum</strong></span> <span class='ocrx_word' id='word_1_366' title='bbox 1729 1815 1856 1839; x_wconf 90' lang='lat' dir='ltr'><strong>nomen</strong></span> <span class='ocrx_word' id='word_1_367' title='bbox 1872 1807 1987 1840; x_wconf 83' lang='lat' dir='ltr'><strong>extin-</strong></span> 
     </span>
     <span class='ocr_line' id='line_1_31' title="bbox 119 1853 1985 1899; baseline 0.004 -12"><span class='ocrx_word' id='word_1_368' title='bbox 119 1859 254 1899; x_wconf 85' lang='lat' dir='ltr'><strong>gueret,</strong></span> <span class='ocrx_word' id='word_1_369' title='bbox 270 1854 391 1886; x_wconf 85' lang='lat' dir='ltr'><strong>statuit</strong></span> <span class='ocrx_word' id='word_1_370' title='bbox 406 1853 537 1896; x_wconf 90' lang='lat' dir='ltr'><strong>ubique</strong></span> <span class='ocrx_word' id='word_1_371' title='bbox 553 1853 721 1886; x_wconf 88' lang='lat' dir='ltr'><strong>ecclesias</strong></span> <span class='ocrx_word' id='word_1_372' title='bbox 738 1854 912 1886; x_wconf 83' lang='lat' dir='ltr'><strong>catholica</strong></span> <span class='ocrx_word' id='word_1_373' title='bbox 927 1853 1096 1897; x_wconf 86' lang='lat' dir='ltr'><strong>religione</strong></span> <span class='ocrx_word' id='word_1_374' title='bbox 1114 1855 1323 1888; x_wconf 84' lang='lat' dir='ltr'><strong>consecrari.</strong></span> <span class='ocrx_word' id='word_1_375' title='bbox 1353 1854 1461 1894; x_wconf 90' lang='lat' dir='ltr'><strong>Quod</strong></span> <span class='ocrx_word' id='word_1_376' title='bbox 1477 1855 1558 1888; x_wconf 90' lang='lat' dir='ltr'><strong>dum</strong></span> <span class='ocrx_word' id='word_1_377' title='bbox 1574 1857 1609 1888; x_wconf 88' lang='lat' dir='ltr'><strong>in</strong></span> <span class='ocrx_word' id='word_1_378' title='bbox 1627 1857 1726 1890; x_wconf 84' lang='lat' dir='ltr'><strong>Italia</strong></span> <span class='ocrx_word' id='word_1_379' title='bbox 1742 1869 1804 1892; x_wconf 87' lang='lat' dir='ltr'><strong>rex</strong></span> <span class='ocrx_word' id='word_1_380' title='bbox 1821 1860 1985 1895; x_wconf 92' lang='lat' dir='ltr'><strong>Theode-</strong></span> 
     </span>
    </p>

    <p class='ocr_par' dir='ltr' id='par_1_25' title="bbox 19 1906 2109 2168">
     <span class='ocr_line' id='line_1_32' title="bbox 19 1906 2109 1954; baseline 0.002 -12"><span class='ocrx_word' id='word_1_381' title='bbox 19 1910 23 1915; x_wconf 82' lang='lat'>&#39;</span> <span class='ocrx_word' id='word_1_382' title='bbox 56 1910 99 1942; x_wconf 90' lang='grc'><strong>30</strong></span> <span class='ocrx_word' id='word_1_383' title='bbox 121 1908 216 1941; x_wconf 86' lang='lat' dir='ltr'><strong>ricus</strong></span> <span class='ocrx_word' id='word_1_384' title='bbox 239 1908 402 1945; x_wconf 85' lang='lat' dir='ltr'><strong>audisset,</strong></span> <span class='ocrx_word' id='word_1_385' title='bbox 426 1906 622 1949; x_wconf 87' lang='lat' dir='ltr'><strong>Johannem</strong></span> <span class='ocrx_word' id='word_1_386' title='bbox 645 1917 783 1949; x_wconf 88' lang='lat' dir='ltr'><strong>papam,</strong></span> <span class='ocrx_word' id='word_1_387' title='bbox 815 1907 875 1950; x_wconf 91' lang='lat' dir='ltr'><strong>qui</strong></span> <span class='ocrx_word' id='word_1_388' title='bbox 898 1906 1085 1940; x_wconf 81' lang='lat' dir='ltr'><strong>Hormisde</strong></span> <span class='ocrx_word' id='word_1_389' title='bbox 1118 1907 1352 1947; x_wconf 64' lang='lat' dir='ltr'><strong>successerat:</strong></span> <span class='ocrx_word' id='word_1_390' title='bbox 1374 1909 1545 1953; x_wconf 89' lang='lat' dir='ltr'><strong>simulque</strong></span> <span class='ocrx_word' id='word_1_391' title='bbox 1573 1921 1652 1942; x_wconf 83' lang='lat' dir='ltr'><strong>cum</strong></span> <span class='ocrx_word' id='word_1_392' title='bbox 1675 1922 1716 1944; x_wconf 91' lang='lat' dir='ltr'><strong>eo</strong></span> <span class='ocrx_word' id='word_1_393' title='bbox 1748 1912 1986 1954; x_wconf 88' lang='lat' dir='ltr'><strong>Theodorum,</strong></span> <span class='ocrx_word' id='word_1_394' title='bbox 2010 1931 2030 1946; x_wconf 85' lang='lat' dir='ltr'><strong>c.</strong></span> <span class='ocrx_word' id='word_1_395' title='bbox 2044 1926 2109 1950; x_wconf 70' lang='lat'><strong>151⁶</strong></span> 
     </span>
     <span class='ocr_line' id='line_1_33' title="bbox 122 1959 1985 2009; baseline 0.004 -17"><span class='ocrx_word' id='word_1_396' title='bbox 122 1968 227 2005; x_wconf 86' lang='lat' dir='ltr'><strong>atque</strong></span> <span class='ocrx_word' id='word_1_397' title='bbox 244 1959 432 2003; x_wconf 82' lang='lat' dir='ltr'><strong>Agapitum</strong></span> <span class='ocrx_word' id='word_1_398' title='bbox 450 1959 650 1992; x_wconf 88' lang='lat' dir='ltr'><strong>consulares</strong></span> <span class='ocrx_word' id='word_1_399' title='bbox 664 1960 768 1998; x_wconf 86' lang='lat' dir='ltr'><strong>uiros,</strong></span> <span class='ocrx_word' id='word_1_400' title='bbox 785 1960 959 2003; x_wconf 87' lang='lat' dir='ltr'><strong>aliumque</strong></span> <span class='ocrx_word' id='word_1_401' title='bbox 975 1959 1167 2004; x_wconf 85' lang='lat' dir='ltr'><strong>Agapitum</strong></span> <span class='ocrx_word' id='word_1_402' title='bbox 1190 1961 1376 2003; x_wconf 91' lang='lat' dir='ltr'><strong>patricium</strong></span> <span class='ocrx_word' id='word_1_403' title='bbox 1399 1962 1740 2006; x_wconf 87' lang='lat' dir='ltr'><strong>Constantinopolim</strong></span> <span class='ocrx_word' id='word_1_404' title='bbox 1756 1965 1803 1998; x_wconf 87' lang='lat' dir='ltr'><strong>ad</strong></span> <span class='ocrx_word' id='word_1_405' title='bbox 1813 1966 1985 2009; x_wconf 84' lang='lat' dir='ltr'><strong>Justinum</strong></span> 
     </span>
     <span class='ocr_line' id='line_1_34' title="bbox 121 2012 1986 2058; baseline 0.004 -12"><span class='ocrx_word' id='word_1_406' title='bbox 121 2014 315 2058; x_wconf 87' lang='lat' dir='ltr'><strong>principem</strong></span> <span class='ocrx_word' id='word_1_407' title='bbox 340 2013 476 2057; x_wconf 88' lang='lat' dir='ltr'><strong>dirigit;</strong></span> <span class='ocrx_word' id='word_1_408' title='bbox 501 2012 643 2045; x_wconf 90' lang='lat' dir='ltr'><strong>mandat</strong></span> <span class='ocrx_word' id='word_1_409' title='bbox 665 2024 730 2056; x_wconf 89' lang='lat' dir='ltr'><strong>per</strong></span> <span class='ocrx_word' id='word_1_410' title='bbox 761 2023 823 2046; x_wconf 91' lang='lat' dir='ltr'><strong>eos</strong></span> <span class='ocrx_word' id='word_1_411' title='bbox 853 2013 1090 2051; x_wconf 88' lang='lat' dir='ltr'><strong>interminans,</strong></span> <span class='ocrx_word' id='word_1_412' title='bbox 1113 2020 1160 2053; x_wconf 90' lang='lat' dir='ltr'><strong>ut,</strong></span> <span class='ocrx_word' id='word_1_413' title='bbox 1183 2015 1250 2047; x_wconf 90' lang='lat' dir='ltr'><strong>nisi</strong></span> <span class='ocrx_word' id='word_1_414' title='bbox 1280 2016 1488 2058; x_wconf 89' lang='lat' dir='ltr'><strong>quantocius</strong></span> <span class='ocrx_word' id='word_1_415' title='bbox 1511 2017 1678 2049; x_wconf 88' lang='lat' dir='ltr'><strong>hereticis</strong></span> <span class='ocrx_word' id='word_1_416' title='bbox 1708 2029 1787 2051; x_wconf 88' lang='lat' dir='ltr'><strong>suas</strong></span> <span class='ocrx_word' id='word_1_417' title='bbox 1817 2021 1986 2054; x_wconf 89' lang='lat' dir='ltr'><strong>ecclesias</strong></span> 
     </span>
     <span class='ocr_line' id='line_1_35' title="bbox 120 2066 1985 2117; baseline 0.003 -16"><span class='ocrx_word' id='word_1_418' title='bbox 120 2067 296 2106; x_wconf 89' lang='lat' dir='ltr'><strong>redderet,</strong></span> <span class='ocrx_word' id='word_1_419' title='bbox 319 2067 393 2109; x_wconf 88' lang='lat' dir='ltr'><strong>ipse</strong></span> <span class='ocrx_word' id='word_1_420' title='bbox 417 2076 537 2099; x_wconf 86' lang='lat' dir='ltr'><strong>omnes</strong></span> <span class='ocrx_word' id='word_1_421' title='bbox 560 2066 660 2099; x_wconf 91' lang='lat' dir='ltr'><strong>Italie</strong></span> <span class='ocrx_word' id='word_1_422' title='bbox 683 2067 877 2100; x_wconf 88' lang='lat' dir='ltr'><strong>catholicas</strong></span> <span class='ocrx_word' id='word_1_423' title='bbox 900 2067 1068 2100; x_wconf 86' lang='lat' dir='ltr'><strong>ecclesias</strong></span> <span class='ocrx_word' id='word_1_424' title='bbox 1093 2067 1292 2101; x_wconf 88' lang='lat' dir='ltr'><strong>destrueret</strong></span> <span class='ocrx_word' id='word_1_425' title='bbox 1303 2067 1325 2101; x_wconf 86' lang='lat'><strong>⁹.</strong></span> <span class='ocrx_word' id='word_1_426' title='bbox 1378 2071 1393 2087; x_wconf 84' lang='lat'>“</span> <span class='ocrx_word' id='word_1_427' title='bbox 1407 2069 1479 2108; x_wconf 83' lang='lat' dir='ltr'><strong>Qui</strong></span> <span class='ocrx_word' id='word_1_428' title='bbox 1503 2071 1685 2104; x_wconf 88' lang='lat' dir='ltr'><strong>uenientes</strong></span> <span class='ocrx_word' id='word_1_429' title='bbox 1708 2071 1754 2104; x_wconf 90' lang='lat' dir='ltr'><strong>ad</strong></span> <span class='ocrx_word' id='word_1_430' title='bbox 1777 2072 1985 2117; x_wconf 85' lang='lat' dir='ltr'><strong>Augustum,</strong></span> 
     </span>
     <span class='ocr_line' id='line_1_36' title="bbox 126 2120 1982 2168; baseline 0.004 -14"><span class='ocrx_word' id='word_1_431' title='bbox 126 2123 141 2140; x_wconf 73' lang='lat'><strong>⁴⁴</strong></span> <span class='ocrx_word' id='word_1_432' title='bbox 155 2132 233 2154; x_wconf 90' lang='lat' dir='ltr'><strong>cum</strong></span> <span class='ocrx_word' id='word_1_433' title='bbox 256 2120 302 2153; x_wconf 88' lang='lat' dir='ltr'><strong>ab</strong></span> <span class='ocrx_word' id='word_1_434' title='bbox 325 2129 368 2153; x_wconf 90' lang='lat' dir='ltr'><strong>eo</strong></span> <span class='ocrx_word' id='word_1_435' title='bbox 393 2120 511 2164; x_wconf 85' lang='lat' dir='ltr'><strong>digne,</strong></span> <span class='ocrx_word' id='word_1_436' title='bbox 527 2126 565 2152; x_wconf 92' lang='lat' dir='ltr'><strong>ut</strong></span> <span class='ocrx_word' id='word_1_437' title='bbox 580 2120 802 2163; x_wconf 90' lang='lat' dir='ltr'><strong>conpetebat,</strong></span> <span class='ocrx_word' id='word_1_438' title='bbox 827 2121 980 2164; x_wconf 88' lang='lat' dir='ltr'><strong>suscepti</strong></span> <span class='ocrx_word' id='word_1_439' title='bbox 1003 2127 1131 2160; x_wconf 86' lang='lat' dir='ltr'><strong>essent,</strong></span> <span class='ocrx_word' id='word_1_440' title='bbox 1145 2122 1279 2165; x_wconf 84' lang='lat' dir='ltr'><strong>magnis</strong></span> <span class='ocrx_word' id='word_1_441' title='bbox 1303 2133 1382 2155; x_wconf 90' lang='lat' dir='ltr'><strong>eum</strong></span> <span class='ocrx_word' id='word_1_442' title='bbox 1406 2122 1450 2155; x_wconf 93' lang='lat' dir='ltr'><strong>de</strong></span> <span class='ocrx_word' id='word_1_443' title='bbox 1473 2134 1545 2164; x_wconf 86' lang='lat' dir='ltr'><strong>sua,</strong></span> <span class='ocrx_word' id='word_1_444' title='bbox 1562 2135 1769 2168; x_wconf 88' lang='lat' dir='ltr'><strong>suorumque</strong></span> <span class='ocrx_word' id='word_1_445' title='bbox 1785 2127 1898 2160; x_wconf 85' lang='lat' dir='ltr'><strong>salute</strong></span> <span class='ocrx_word' id='word_1_446' title='bbox 1914 2129 1982 2162; x_wconf 90' lang='lat' dir='ltr'><strong>sol-</strong></span> 
     </span>
    </p>

    <p class='ocr_par' dir='ltr' id='par_1_26' title="bbox 55 2173 1984 2224">
     <span class='ocr_line' id='line_1_37' title="bbox 55 2173 1984 2224; baseline 0.003 -16"><span class='ocrx_word' id='word_1_447' title='bbox 55 2175 98 2208; x_wconf 88' lang='grc'><strong>35</strong></span> <span class='ocrx_word' id='word_1_448' title='bbox 127 2177 143 2193; x_wconf 78' lang='lat'><strong>‘¹</strong></span> <span class='ocrx_word' id='word_1_449' title='bbox 156 2174 245 2208; x_wconf 84' lang='lat' dir='ltr'><strong>liciti</strong></span> <span class='ocrx_word' id='word_1_450' title='bbox 266 2174 405 2207; x_wconf 86' lang='lat' dir='ltr'><strong>fletibus</strong></span> <span class='ocrx_word' id='word_1_451' title='bbox 426 2173 611 2216; x_wconf 83' lang='lat' dir='ltr'><strong>postulant,</strong></span> <span class='ocrx_word' id='word_1_452' title='bbox 634 2179 672 2206; x_wconf 91' lang='lat' dir='ltr'><strong>ut</strong></span> <span class='ocrx_word' id='word_1_453' title='bbox 694 2184 754 2206; x_wconf 92' lang='lat' dir='ltr'><strong>sue</strong></span> <span class='ocrx_word' id='word_1_454' title='bbox 775 2174 960 2218; x_wconf 87' lang='lat' dir='ltr'><strong>legationis</strong></span> <span class='ocrx_word' id='word_1_455' title='bbox 975 2175 1111 2215; x_wconf 85' lang='lat' dir='ltr'><strong>seriem,</strong></span> <span class='ocrx_word' id='word_1_456' title='bbox 1128 2185 1336 2218; x_wconf 88' lang='lat' dir='ltr'><strong>quamquam</strong></span> <span class='ocrx_word' id='word_1_457' title='bbox 1361 2182 1452 2209; x_wconf 89' lang='lat' dir='ltr'><strong>esset</strong></span> <span class='ocrx_word' id='word_1_458' title='bbox 1475 2176 1610 2220; x_wconf 82' lang='lat' dir='ltr'><strong>injusta,</strong></span> <span class='ocrx_word' id='word_1_459' title='bbox 1627 2177 1777 2212; x_wconf 89' lang='lat' dir='ltr'><strong>libenter</strong></span> <span class='ocrx_word' id='word_1_460' title='bbox 1793 2181 1984 2224; x_wconf 88' lang='lat' dir='ltr'><strong>exciperet,</strong></span> 
     </span>
    </p>
   </div>
   <div class='ocr_carea' id='block_1_8' title="bbox 76 2308 1989 2515">
    <p class='ocr_par' dir='ltr' id='par_1_27' title="bbox 211 2308 1984 2347">
     <span class='ocr_line' id='line_1_38' title="bbox 211 2308 1984 2347; baseline 0.004 -13"><span class='ocrx_word' id='word_1_461' title='bbox 211 2317 266 2342; x_wconf 91' lang='lat'><strong>3-4.</strong></span> <span class='ocrx_word' id='word_1_462' title='bbox 285 2308 488 2334; x_wconf 76' lang='lat' dir='ltr'><strong>Eutichlanam</strong></span> <span class='ocrx_word' id='word_1_463' title='bbox 506 2308 692 2333; x_wconf 82' lang='lat' dir='ltr'><strong>heresiatcem</strong></span> <span class='ocrx_word' id='word_1_464' title='bbox 710 2309 788 2338; x_wconf 79' lang='lat' dir='ltr'><strong>AB,-</strong></span> <span class='ocrx_word' id='word_1_465' title='bbox 805 2310 982 2335; x_wconf 70' lang='lat' dir='ltr'><strong>euticIanam</strong></span> <span class='ocrx_word' id='word_1_466' title='bbox 1006 2310 1195 2335; x_wconf 84' lang='lat' dir='ltr'><strong>hereslarcam</strong></span> <span class='ocrx_word' id='word_1_467' title='bbox 1219 2310 1257 2339; x_wconf 84' lang='lat' dir='ltr'><strong>C,-</strong></span> <span class='ocrx_word' id='word_1_468' title='bbox 1276 2310 1408 2336; x_wconf 60' lang='lat' dir='ltr'><strong>Pauus:</strong></span> <span class='ocrx_word' id='word_1_469' title='bbox 1432 2312 1627 2345; x_wconf 80' lang='lat' dir='ltr'><strong>Euthychium</strong></span> <span class='ocrx_word' id='word_1_470' title='bbox 1645 2326 1680 2332; x_wconf 88' lang='lat'>-</span> <span class='ocrx_word' id='word_1_471' title='bbox 1698 2322 1722 2347; x_wconf 91' lang='lat'><strong>4.</strong></span> <span class='ocrx_word' id='word_1_472' title='bbox 1743 2314 1887 2341; x_wconf 87' lang='lat' dir='ltr'><strong>Euodium</strong></span> <span class='ocrx_word' id='word_1_473' title='bbox 1905 2317 1930 2341; x_wconf 80' lang='lat' dir='ltr'><em>A</em></span> <span class='ocrx_word' id='word_1_474' title='bbox 1940 2317 1967 2341; x_wconf 84' lang='lat' dir='ltr'><em>B</em></span> <span class='ocrx_word' id='word_1_475' title='bbox 1972 2328 1984 2346; x_wconf 84' lang='grc'><strong>,-</strong></span> 
     </span>
    </p>

    <p class='ocr_par' dir='ltr' id='par_1_28' title="bbox 121 2350 1989 2388">
     <span class='ocr_line' id='line_1_39' title="bbox 121 2350 1989 2388; baseline 0.004 -11"><span class='ocrx_word' id='word_1_476' title='bbox 121 2351 174 2377; x_wconf 66' lang='lat' dir='ltr'><strong>cosi</strong></span> <span class='ocrx_word' id='word_1_477' title='bbox 191 2351 216 2376; x_wconf 76' lang='lat' dir='ltr'><strong>a</strong></span> <span class='ocrx_word' id='word_1_478' title='bbox 231 2351 308 2376; x_wconf 77' lang='lat' dir='ltr'><strong>Sasso</strong></span> <span class='ocrx_word' id='word_1_479' title='bbox 328 2364 361 2370; x_wconf 89' lang='lat'><em>-</em></span> <span class='ocrx_word' id='word_1_480' title='bbox 381 2356 405 2383; x_wconf 87' lang='lat'><strong>7.</strong></span> <span class='ocrx_word' id='word_1_481' title='bbox 423 2351 476 2375; x_wconf 86' lang='lat' dir='ltr'><strong>His</strong></span> <span class='ocrx_word' id='word_1_482' title='bbox 494 2351 520 2375; x_wconf 88' lang='lat' dir='ltr'><em>B</em></span> <span class='ocrx_word' id='word_1_483' title='bbox 532 2350 556 2375; x_wconf 87' lang='lat' dir='ltr'><em>C</em></span> <span class='ocrx_word' id='word_1_484' title='bbox 572 2364 606 2369; x_wconf 97' lang='lat'><strong>—</strong></span> <span class='ocrx_word' id='word_1_485' title='bbox 625 2350 649 2375; x_wconf 87' lang='grc'><strong>8.</strong></span> <span class='ocrx_word' id='word_1_486' title='bbox 669 2351 815 2384; x_wconf 73' lang='lat' dir='ltr'><strong>Impositis</strong></span> <span class='ocrx_word' id='word_1_487' title='bbox 833 2351 893 2377; x_wconf 77' lang='lat' dir='ltr'><strong>AB</strong></span> <span class='ocrx_word' id='word_1_488' title='bbox 905 2366 938 2370; x_wconf 94' lang='lat'><strong>—</strong></span> <span class='ocrx_word' id='word_1_489' title='bbox 953 2351 1006 2385; x_wconf 86' lang='lat'><strong>8-9.</strong></span> <span class='ocrx_word' id='word_1_490' title='bbox 1022 2353 1169 2385; x_wconf 69' lang='lat' dir='ltr'><strong>neuspIam</strong></span> <span class='ocrx_word' id='word_1_491' title='bbox 1187 2352 1211 2376; x_wconf 82' lang='grc' dir='ltr'><em>Α</em></span> <span class='ocrx_word' id='word_1_492' title='bbox 1222 2353 1249 2377; x_wconf 85' lang='lat' dir='ltr'><em>B</em></span> <span class='ocrx_word' id='word_1_493' title='bbox 1262 2368 1294 2372; x_wconf 89' lang='lat'>—</span> <span class='ocrx_word' id='word_1_494' title='bbox 1310 2360 1350 2378; x_wconf 86' lang='lat'><strong>10.</strong></span> <span class='ocrx_word' id='word_1_495' title='bbox 1364 2354 1484 2388; x_wconf 85' lang='lat' dir='ltr'><strong>viginti]</strong></span> <span class='ocrx_word' id='word_1_496' title='bbox 1499 2355 1583 2379; x_wconf 85' lang='lat' dir='ltr'><strong>annis</strong></span> <span class='ocrx_word' id='word_1_497' title='bbox 1606 2355 1674 2379; x_wconf 74' lang='grc'><strong>6-</strong></span> <span class='ocrx_word' id='word_1_498' title='bbox 1689 2363 1729 2382; x_wconf 83' lang='lat'><strong>12.</strong></span> <span class='ocrx_word' id='word_1_499' title='bbox 1742 2357 1948 2384; x_wconf 83' lang='lat' dir='ltr'><strong>helemosinam</strong></span> <span class='ocrx_word' id='word_1_500' title='bbox 1965 2359 1989 2383; x_wconf 86' lang='lat' dir='ltr'><em>C</em></span> 
     </span>
    </p>

    <p class='ocr_par' dir='ltr' id='par_1_29' title="bbox 123 2392 1988 2427">
     <span class='ocr_line' id='line_1_40' title="bbox 123 2392 1988 2427; baseline 0.003 -8"><span class='ocrx_word' id='word_1_501' title='bbox 123 2407 157 2413; x_wconf 85' lang='lat'>—</span> <span class='ocrx_word' id='word_1_502' title='bbox 178 2401 219 2426; x_wconf 87' lang='lat'><strong>13.</strong></span> <span class='ocrx_word' id='word_1_503' title='bbox 239 2394 405 2419; x_wconf 77' lang='lat' dir='ltr'><strong>decoratum</strong></span> <span class='ocrx_word' id='word_1_504' title='bbox 422 2393 450 2417; x_wconf 89' lang='lat' dir='ltr'><em>B</em></span> <span class='ocrx_word' id='word_1_505' title='bbox 461 2392 485 2417; x_wconf 88' lang='lat' dir='ltr'><em>C</em></span> <span class='ocrx_word' id='word_1_506' title='bbox 503 2406 534 2411; x_wconf 94' lang='lat'>—</span> <span class='ocrx_word' id='word_1_507' title='bbox 558 2399 597 2426; x_wconf 86' lang='lat'><strong>15.</strong></span> <span class='ocrx_word' id='word_1_508' title='bbox 611 2393 699 2418; x_wconf 90' lang='lat' dir='ltr'><strong>Anno</strong></span> <span class='ocrx_word' id='word_1_509' title='bbox 711 2393 833 2419; x_wconf 82' lang='lat' dir='ltr'><strong>Domini</strong></span> <span class='ocrx_word' id='word_1_510' title='bbox 852 2394 878 2418; x_wconf 90' lang='lat' dir='ltr'><em>B</em></span> <span class='ocrx_word' id='word_1_511' title='bbox 892 2394 915 2418; x_wconf 88' lang='lat' dir='ltr'><em>C</em></span> <span class='ocrx_word' id='word_1_512' title='bbox 926 2409 958 2413; x_wconf 87' lang='lat'><em>-</em></span> <span class='ocrx_word' id='word_1_513' title='bbox 976 2402 1015 2427; x_wconf 91' lang='lat'><strong>19.</strong></span> <span class='ocrx_word' id='word_1_514' title='bbox 1029 2393 1246 2420; x_wconf 82' lang='lat' dir='ltr'><strong>Guandalorum</strong></span> <span class='ocrx_word' id='word_1_515' title='bbox 1265 2396 1292 2419; x_wconf 87' lang='lat' dir='ltr'><em>B</em></span> <span class='ocrx_word' id='word_1_516' title='bbox 1305 2396 1328 2419; x_wconf 86' lang='lat' dir='ltr'><em>C</em></span> <span class='ocrx_word' id='word_1_517' title='bbox 1345 2410 1377 2414; x_wconf 89' lang='lat'><strong>—-</strong></span> <span class='ocrx_word' id='word_1_518' title='bbox 1392 2403 1434 2421; x_wconf 84' lang='lat'><strong>20.</strong></span> <span class='ocrx_word' id='word_1_519' title='bbox 1454 2396 1671 2422; x_wconf 86' lang='lat' dir='ltr'><strong>Guandalorum</strong></span> <span class='ocrx_word' id='word_1_520' title='bbox 1685 2399 1711 2422; x_wconf 86' lang='lat' dir='ltr'><em>B</em></span> <span class='ocrx_word' id='word_1_521' title='bbox 1724 2398 1748 2423; x_wconf 79' lang='lat' dir='ltr'><em>C</em></span> <span class='ocrx_word' id='word_1_522' title='bbox 1764 2412 1774 2417; x_wconf 98' lang='lat'><em>-</em></span> <span class='ocrx_word' id='word_1_523' title='bbox 1794 2402 1912 2425; x_wconf 87' lang='lat' dir='ltr'><strong>matrem</strong></span> <span class='ocrx_word' id='word_1_524' title='bbox 1925 2401 1951 2425; x_wconf 88' lang='lat' dir='ltr'><em>B</em></span> <span class='ocrx_word' id='word_1_525' title='bbox 1964 2401 1988 2425; x_wconf 90' lang='lat' dir='ltr'><em>C</em></span> 
     </span>
    </p>

    <p class='ocr_par' dir='ltr' id='par_1_30' title="bbox 76 2435 1983 2515">
     <span class='ocr_line' id='line_1_41' title="bbox 124 2435 1983 2474; baseline 0.004 -13"><span class='ocrx_word' id='word_1_526' title='bbox 124 2450 157 2456; x_wconf 87' lang='lat'>—</span> <span class='ocrx_word' id='word_1_527' title='bbox 178 2443 219 2461; x_wconf 84' lang='lat'><strong>22.</strong></span> <span class='ocrx_word' id='word_1_528' title='bbox 239 2443 364 2468; x_wconf 81' lang='lat' dir='ltr'><strong>unquam</strong></span> <span class='ocrx_word' id='word_1_529' title='bbox 382 2435 442 2460; x_wconf 79' lang='lat' dir='ltr'><strong>AB</strong></span> <span class='ocrx_word' id='word_1_530' title='bbox 460 2449 492 2454; x_wconf 96' lang='lat'><strong>—</strong></span> <span class='ocrx_word' id='word_1_531' title='bbox 514 2442 555 2468; x_wconf 89' lang='lat'><strong>²3·</strong></span> <span class='ocrx_word' id='word_1_532' title='bbox 575 2435 696 2461; x_wconf 80' lang='lat' dir='ltr'><strong>decessit</strong></span> <span class='ocrx_word' id='word_1_533' title='bbox 713 2437 793 2465; x_wconf 65' lang='lat'><strong>213,-</strong></span> <span class='ocrx_word' id='word_1_534' title='bbox 811 2436 943 2462; x_wconf 72' lang='lat' dir='ltr'><strong>PAULus:</strong></span> <span class='ocrx_word' id='word_1_535' title='bbox 963 2438 1056 2462; x_wconf 82' lang='lat' dir='ltr'><strong>caruit</strong></span> <span class='ocrx_word' id='word_1_536' title='bbox 1076 2450 1086 2456; x_wconf 92' lang='lat'><em>—</em></span> <span class='ocrx_word' id='word_1_537' title='bbox 1106 2439 1276 2472; x_wconf 75' lang='lat' dir='ltr'><strong>susciperet3</strong></span> <span class='ocrx_word' id='word_1_538' title='bbox 1290 2438 1422 2464; x_wconf 61' lang='lat' dir='ltr'><strong>Faunus:</strong></span> <span class='ocrx_word' id='word_1_539' title='bbox 1441 2439 1602 2465; x_wconf 83' lang='lat' dir='ltr'><strong>adsumeret</strong></span> <span class='ocrx_word' id='word_1_540' title='bbox 1620 2455 1653 2459; x_wconf 84' lang='lat'><strong>—</strong></span> <span class='ocrx_word' id='word_1_541' title='bbox 1674 2440 1716 2466; x_wconf 81' lang='lat'><strong>26.</strong></span> <span class='ocrx_word' id='word_1_542' title='bbox 1730 2441 1856 2474; x_wconf 77' lang='lat' dir='ltr'><strong>Joannes</strong></span> <span class='ocrx_word' id='word_1_543' title='bbox 1875 2443 1936 2468; x_wconf 79' lang='lat' dir='ltr'><strong>AB</strong></span> <span class='ocrx_word' id='word_1_544' title='bbox 1949 2457 1983 2462; x_wconf 97' lang='lat'><strong>—</strong></span> 
     </span>
     <span class='ocr_line' id='line_1_42' title="bbox 76 2477 1353 2515; baseline 0.002 -11"><span class='ocrx_word' id='word_1_545' title='bbox 76 2485 91 2512; x_wconf 85' lang='grc'><strong>5</strong></span> <span class='ocrx_word' id='word_1_546' title='bbox 123 2486 165 2513; x_wconf 82' lang='lat'><strong>29.</strong></span> <span class='ocrx_word' id='word_1_547' title='bbox 185 2479 283 2511; x_wconf 76' lang='lat' dir='ltr'><strong>ibique</strong></span> <span class='ocrx_word' id='word_1_548' title='bbox 306 2478 329 2503; x_wconf 86' lang='lat' dir='ltr'><em>C</em></span> <span class='ocrx_word' id='word_1_549' title='bbox 345 2492 378 2497; x_wconf 92' lang='lat'><strong>—</strong></span> <span class='ocrx_word' id='word_1_550' title='bbox 398 2484 440 2510; x_wconf 79' lang='lat'><strong>3²·</strong></span> <span class='ocrx_word' id='word_1_551' title='bbox 460 2480 639 2511; x_wconf 84' lang='lat' dir='ltr'><strong>quantocyus</strong></span> <span class='ocrx_word' id='word_1_552' title='bbox 656 2477 702 2507; x_wconf 73' lang='grc'><strong>3,·</strong></span> <span class='ocrx_word' id='word_1_553' title='bbox 719 2486 804 2511; x_wconf 86' lang='lat' dir='ltr'><strong>quam</strong></span> <span class='ocrx_word' id='word_1_554' title='bbox 823 2480 918 2504; x_wconf 84' lang='lat' dir='ltr'><strong>tocius</strong></span> <span class='ocrx_word' id='word_1_555' title='bbox 941 2479 964 2504; x_wconf 86' lang='lat' dir='ltr'><em>C</em></span> <span class='ocrx_word' id='word_1_556' title='bbox 982 2494 1013 2497; x_wconf 88' lang='lat'>—</span> <span class='ocrx_word' id='word_1_557' title='bbox 1033 2487 1076 2512; x_wconf 81' lang='lat'><strong>34.</strong></span> <span class='ocrx_word' id='word_1_558' title='bbox 1096 2481 1274 2515; x_wconf 84' lang='lat' dir='ltr'><strong>competebat</strong></span> <span class='ocrx_word' id='word_1_559' title='bbox 1292 2481 1353 2505; x_wconf 80' lang='lat' dir='ltr'><strong>AB</strong></span> 
     </span>
    </p>
   </div>
   <div class='ocr_carea' id='block_1_9' title="bbox 120 2567 1983 2647">
    <p class='ocr_par' dir='ltr' id='par_1_31' title="bbox 120 2567 1983 2647">
     <span class='ocr_line' id='line_1_43' title="bbox 210 2567 1983 2609; baseline 0.006 -18"><span class='ocrx_word' id='word_1_560' title='bbox 210 2567 219 2585; x_wconf 78' lang='lat'>¹</span> <span class='ocrx_word' id='word_1_561' title='bbox 237 2569 268 2594; x_wconf 82' lang='lat' dir='ltr'><strong>L.</strong></span> <span class='ocrx_word' id='word_1_562' title='bbox 280 2568 395 2601; x_wconf 74' lang='lat' dir='ltr'><strong>R,I,p.</strong></span> <span class='ocrx_word' id='word_1_563' title='bbox 407 2567 630 2602; x_wconf 72' lang='lat' dir='ltr'><strong>269=decivitate</strong></span> <span class='ocrx_word' id='word_1_564' title='bbox 638 2569 794 2598; x_wconf 71' lang='lat' dir='ltr'><strong>Fron&#39;none,</strong></span> <span class='ocrx_word' id='word_1_565' title='bbox 805 2570 874 2595; x_wconf 70' lang='lat' dir='ltr'><strong>sedit</strong></span> <span class='ocrx_word' id='word_1_566' title='bbox 885 2578 929 2596; x_wconf 78' lang='lat' dir='ltr'><strong>an.</strong></span> <span class='ocrx_word' id='word_1_567' title='bbox 946 2570 1031 2595; x_wconf 85' lang='lat' dir='ltr'><em>VIIII</em></span> <span class='ocrx_word' id='word_1_568' title='bbox 1080 2572 1182 2596; x_wconf 87' lang='lat' dir='ltr'><strong>scritto</strong></span> <span class='ocrx_word' id='word_1_569' title='bbox 1209 2572 1244 2597; x_wconf 83' lang='lat' dir='ltr'><strong>da</strong></span> <span class='ocrx_word' id='word_1_570' title='bbox 1265 2571 1410 2602; x_wconf 66' lang='lat' dir='ltr'><strong>silverius,</strong></span> <span class='ocrx_word' id='word_1_571' title='bbox 1435 2573 1517 2605; x_wconf 88' lang='lat' dir='ltr'><strong>figllo</strong></span> <span class='ocrx_word' id='word_1_572' title='bbox 1543 2573 1573 2597; x_wconf 86' lang='lat' dir='ltr'><strong>di</strong></span> <span class='ocrx_word' id='word_1_573' title='bbox 1599 2573 1760 2605; x_wconf 80' lang='lat' dir='ltr'><strong>Hormisda,</strong></span> <span class='ocrx_word' id='word_1_574' title='bbox 1790 2575 1840 2600; x_wconf 88' lang='lat' dir='ltr'><strong>che</strong></span> <span class='ocrx_word' id='word_1_575' title='bbox 1859 2575 1890 2601; x_wconf 81' lang='lat' dir='ltr'><strong>fu</strong></span> <span class='ocrx_word' id='word_1_576' title='bbox 1910 2584 1983 2609; x_wconf 85' lang='lat' dir='ltr'><strong>papa</strong></span> 
     </span>
     <span class='ocr_line' id='line_1_44' title="bbox 120 2610 1207 2647; baseline 0.003 -11"><span class='ocrx_word' id='word_1_577' title='bbox 120 2611 145 2636; x_wconf 76' lang='lat' dir='ltr'><strong>d.</strong></span> <span class='ocrx_word' id='word_1_578' title='bbox 164 2610 259 2637; x_wconf 71' lang='lat' dir='ltr'><em>XVII.</em></span> <span class='ocrx_word' id='word_1_579' title='bbox 1080 2614 1126 2638; x_wconf 88' lang='lat' dir='ltr'><strong>nel</strong></span> <span class='ocrx_word' id='word_1_580' title='bbox 1147 2613 1207 2647; x_wconf 80' lang='lat'><strong>536.</strong></span> 
     </span>
    </p>
   </div>
   <div class='ocr_carea' id='block_1_10' title="bbox 208 2651 1025 2687">
    <p class='ocr_par' dir='ltr' id='par_1_32' title="bbox 208 2651 1025 2687">
     <span class='ocr_line' id='line_1_45' title="bbox 208 2651 1025 2687; baseline 0.004 -10"><span class='ocrx_word' id='word_1_581' title='bbox 208 2651 219 2668; x_wconf 82' lang='lat'><strong>⁴²</strong></span> <span class='ocrx_word' id='word_1_582' title='bbox 239 2652 364 2682; x_wconf 69' lang='lat' dir='ltr'><strong>PAmus,</strong></span> <span class='ocrx_word' id='word_1_583' title='bbox 383 2652 457 2683; x_wconf 84' lang='lat' dir='ltr'><strong>XVI,</strong></span> <span class='ocrx_word' id='word_1_584' title='bbox 477 2660 505 2683; x_wconf 85' lang='lat' dir='ltr'><strong>v,</strong></span> <span class='ocrx_word' id='word_1_585' title='bbox 525 2660 573 2687; x_wconf 86' lang='lat' dir='ltr'><strong>pp.</strong></span> <span class='ocrx_word' id='word_1_586' title='bbox 594 2659 643 2686; x_wconf 82' lang='lat'><strong>²17</strong></span> <span class='ocrx_word' id='word_1_587' title='bbox 657 2661 672 2678; x_wconf 89' lang='lat' dir='ltr'><strong>e</strong></span> <span class='ocrx_word' id='word_1_588' title='bbox 686 2652 737 2679; x_wconf 81' lang='lat'><strong>218</strong></span> <span class='ocrx_word' id='word_1_589' title='bbox 750 2654 966 2680; x_wconf 85' lang='lat' dir='ltr'><strong>letteralmente.</strong></span> <span class='ocrx_word' id='word_1_590' title='bbox 992 2655 1025 2679; x_wconf 67' lang='lat' dir='ltr'><strong>Vs·</strong></span> 
     </span>
    </p>
   </div>
   <div class='ocr_carea' id='block_1_11' title="bbox 111 2676 1981 2729">
    <p class='ocr_par' dir='ltr' id='par_1_33' title="bbox 111 2676 1981 2729">
     <span class='ocr_line' id='line_1_46' title="bbox 111 2676 1981 2729; baseline 0.004 -31"><span class='ocrx_word' id='word_1_591' title='bbox 111 2694 246 2726; x_wconf 51' lang='lat' dir='ltr'><strong>fulminis</strong></span> <span class='ocrx_word' id='word_1_592' title='bbox 259 2698 403 2727; x_wconf 55' lang='lat' dir='ltr'><strong>mmm</strong></span> <span class='ocrx_word' id='word_1_593' title='bbox 420 2696 528 2720; x_wconf 55' lang='lat' dir='ltr'><strong>interiit</strong></span> <span class='ocrx_word' id='word_1_594' title='bbox 545 2694 560 2720; x_wconf 65' lang='grc' dir='ltr'>ὲ</span> <span class='ocrx_word' id='word_1_595' title='bbox 579 2703 662 2729; x_wconf 66' lang='lat' dir='ltr'><strong>preso</strong></span> <span class='ocrx_word' id='word_1_596' title='bbox 681 2696 717 2721; x_wconf 69' lang='lat' dir='ltr'><strong>da</strong></span> <span class='ocrx_word' id='word_1_597' title='bbox 737 2696 827 2727; x_wconf 63' lang='lat' dir='ltr'><strong>Bam,</strong></span> <span class='ocrx_word' id='word_1_598' title='bbox 847 2698 902 2722; x_wconf 53' lang='lat' dir='ltr'><strong>loc·</strong></span> <span class='ocrx_word' id='word_1_599' title='bbox 921 2698 971 2723; x_wconf 49' lang='lat' dir='ltr'><strong>cit·</strong></span> <span class='ocrx_word' id='word_1_600' title='bbox 1080 2676 1229 2708; x_wconf 73' lang='lat' dir='ltr'><strong>“Quamvis</strong></span> <span class='ocrx_word' id='word_1_601' title='bbox 1246 2677 1331 2710; x_wconf 74' lang='lat' dir='ltr'><strong>digna</strong></span> <span class='ocrx_word' id='word_1_602' title='bbox 1350 2679 1405 2701; x_wconf 76' lang='lat' dir='ltr'><strong>tuis</strong></span> <span class='ocrx_word' id='word_1_603' title='bbox 1424 2686 1476 2703; x_wconf 77' lang='lat' dir='ltr'><strong>non</strong></span> <span class='ocrx_word' id='word_1_604' title='bbox 1488 2680 1556 2708; x_wconf 78' lang='lat' dir='ltr'><strong>sint,</strong></span> <span class='ocrx_word' id='word_1_605' title='bbox 1565 2682 1655 2711; x_wconf 77' lang='lat' dir='ltr'><strong>pater,</strong></span> <span class='ocrx_word' id='word_1_606' title='bbox 1674 2682 1726 2705; x_wconf 77' lang='lat' dir='ltr'><strong>ista</strong></span> <span class='ocrx_word' id='word_1_607' title='bbox 1737 2681 1877 2712; x_wconf 75' lang='lat' dir='ltr'><strong>sepulcris,</strong></span> <span class='ocrx_word' id='word_1_608' title='bbox 1890 2684 1981 2707; x_wconf 54' lang='lat' dir='ltr'><strong>ulcu..</strong></span> 
     </span>
    </p>
   </div>
   <div class='ocr_carea' id='block_1_12' title="bbox 21 2735 2046 2995">
    <p class='ocr_par' dir='ltr' id='par_1_34' title="bbox 21 2735 2046 2862">
     <span class='ocr_line' id='line_1_47' title="bbox 21 2735 2046 2776; baseline 0.006 -16"><span class='ocrx_word' id='word_1_609' title='bbox 21 2742 24 2746; x_wconf 66' lang='grc'><strong>’</strong></span> <span class='ocrx_word' id='word_1_610' title='bbox 61 2745 93 2764; x_wconf 81' lang='lat'><strong>10</strong></span> <span class='ocrx_word' id='word_1_611' title='bbox 208 2735 220 2753; x_wconf 77' lang='lat'>³</span> <span class='ocrx_word' id='word_1_612' title='bbox 238 2736 270 2763; x_wconf 77' lang='lat' dir='ltr'><strong>L.</strong></span> <span class='ocrx_word' id='word_1_613' title='bbox 287 2737 332 2766; x_wconf 73' lang='grc' dir='ltr'><strong>Ρ..</strong></span> <span class='ocrx_word' id='word_1_614' title='bbox 350 2745 378 2770; x_wconf 78' lang='lat' dir='ltr'><strong>p.</strong></span> <span class='ocrx_word' id='word_1_615' title='bbox 398 2744 463 2771; x_wconf 80' lang='lat'>271:</span> <span class='ocrx_word' id='word_1_616' title='bbox 476 2737 574 2762; x_wconf 80' lang='lat' dir='ltr'><strong>Eodem</strong></span> <span class='ocrx_word' id='word_1_617' title='bbox 587 2737 777 2770; x_wconf 78' lang='lat' dir='ltr'><strong>temporefecit</strong></span> <span class='ocrx_word' id='word_1_618' title='bbox 790 2741 863 2772; x_wconf 70' lang='lat' dir='ltr'><strong>papa</strong></span> <span class='ocrx_word' id='word_1_619' title='bbox 879 2739 1024 2764; x_wconf 76' lang='lat' dir='ltr'><strong>Hormtsda</strong></span> <span class='ocrx_word' id='word_1_620' title='bbox 1167 2740 1178 2757; x_wconf 80' lang='lat'>⁵</span> <span class='ocrx_word' id='word_1_621' title='bbox 1198 2741 1324 2773; x_wconf 58' lang='lat' dir='ltr'><strong>Pilutus,</strong></span> <span class='ocrx_word' id='word_1_622' title='bbox 1342 2742 1417 2772; x_wconf 84' lang='lat' dir='ltr'><strong>XVI,</strong></span> <span class='ocrx_word' id='word_1_623' title='bbox 1437 2749 1477 2773; x_wconf 78' lang='lat' dir='ltr'><strong>vr,</strong></span> <span class='ocrx_word' id='word_1_624' title='bbox 1497 2752 1526 2776; x_wconf 91' lang='lat' dir='ltr'><strong>p.</strong></span> <span class='ocrx_word' id='word_1_625' title='bbox 1546 2743 1607 2769; x_wconf 85' lang='lat'><strong>218.</strong></span> <span class='ocrx_word' id='word_1_626' title='bbox 2012 2754 2046 2772; x_wconf 84' lang='lat'><strong>20</strong></span> 
     </span>
     <span class='ocr_line' id='line_1_48' title="bbox 118 2779 1982 2819; baseline 0.005 -16"><span class='ocrx_word' id='word_1_627' title='bbox 118 2779 192 2812; x_wconf 67' lang='lat' dir='ltr'><strong>apud</strong></span> <span class='ocrx_word' id='word_1_628' title='bbox 208 2779 313 2804; x_wconf 58' lang='lat' dir='ltr'><strong>hatum</strong></span> <span class='ocrx_word' id='word_1_629' title='bbox 333 2779 443 2804; x_wconf 71' lang='lat' dir='ltr'><strong>Petrum</strong></span> <span class='ocrx_word' id='word_1_630' title='bbox 467 2781 611 2812; x_wconf 74' lang='lat' dir='ltr'><strong>apostolum</strong></span> <span class='ocrx_word' id='word_1_631' title='bbox 633 2781 734 2805; x_wconf 75' lang='lat' dir='ltr'><strong>trabem</strong></span> <span class='ocrx_word' id='word_1_632' title='bbox 758 2787 791 2805; x_wconf 69' lang='lat' dir='ltr'><strong>ex</strong></span> <span class='ocrx_word' id='word_1_633' title='bbox 814 2784 923 2814; x_wconf 75' lang='lat' dir='ltr'><strong>argento</strong></span> <span class='ocrx_word' id='word_1_634' title='bbox 947 2788 1024 2813; x_wconf 76' lang='lat' dir='ltr'><strong>quem</strong></span> <span class='ocrx_word' id='word_1_635' title='bbox 1167 2782 1178 2799; x_wconf 80' lang='lat'><strong>⁶</strong></span> <span class='ocrx_word' id='word_1_636' title='bbox 1196 2791 1215 2808; x_wconf 82' lang='lat' dir='ltr'>R</span> <span class='ocrx_word' id='word_1_637' title='bbox 1228 2786 1347 2809; x_wconf 88' lang='lat' dir='ltr'><strong>omette=</strong></span> <span class='ocrx_word' id='word_1_638' title='bbox 1361 2787 1427 2816; x_wconf 80' lang='lat' dir='ltr'><strong>quia</strong></span> <span class='ocrx_word' id='word_1_639' title='bbox 1439 2786 1560 2810; x_wconf 77' lang='lat' dir='ltr'><strong>cernebat</strong></span> <span class='ocrx_word' id='word_1_640' title='bbox 1572 2794 1631 2810; x_wconf 81' lang='lat' dir='ltr'><strong>eum</strong></span> <span class='ocrx_word' id='word_1_641' title='bbox 1644 2786 1786 2811; x_wconf 67' lang='lat' dir='ltr'><strong>catholicae</strong></span> <span class='ocrx_word' id='word_1_642' title='bbox 1795 2787 1982 2819; x_wconf 70' lang='lat' dir='ltr'><strong>partisavere.</strong></span> 
     </span>
     <span class='ocr_line' id='line_1_49' title="bbox 118 2816 1980 2862; baseline 0.004 -15"><span class='ocrx_word' id='word_1_643' title='bbox 118 2823 262 2856; x_wconf 62' lang='lat' dir='ltr'><strong>cooperuit,</strong></span> <span class='ocrx_word' id='word_1_644' title='bbox 281 2825 331 2855; x_wconf 78' lang='lat' dir='ltr'><strong>qui</strong></span> <span class='ocrx_word' id='word_1_645' title='bbox 344 2827 417 2855; x_wconf 74' lang='lat' dir='ltr'><strong>pens.</strong></span> <span class='ocrx_word' id='word_1_646' title='bbox 439 2823 484 2849; x_wconf 74' lang='lat' dir='ltr'><strong>ub.</strong></span> <span class='ocrx_word' id='word_1_647' title='bbox 503 2816 525 2849; x_wconf 76' lang='grc' dir='ltr'><strong>Ϊ.</strong></span> <span class='ocrx_word' id='word_1_648' title='bbox 545 2823 604 2850; x_wconf 82' lang='lat' dir='ltr'><strong>XL.</strong></span> <span class='ocrx_word' id='word_1_649' title='bbox 1168 2824 1179 2841; x_wconf 90' lang='lat'>⁷</span> <span class='ocrx_word' id='word_1_650' title='bbox 1199 2825 1324 2856; x_wconf 61' lang='lat' dir='ltr'><strong>Pactus,</strong></span> <span class='ocrx_word' id='word_1_651' title='bbox 1344 2826 1419 2857; x_wconf 86' lang='lat' dir='ltr'><strong>XVI,</strong></span> <span class='ocrx_word' id='word_1_652' title='bbox 1439 2833 1492 2851; x_wconf 87' lang='lat' dir='ltr'><strong>vn.</strong></span> <span class='ocrx_word' id='word_1_653' title='bbox 1512 2827 1618 2852; x_wconf 85' lang='lat' dir='ltr'><strong>Alcuni</strong></span> <span class='ocrx_word' id='word_1_654' title='bbox 1639 2828 1721 2853; x_wconf 83' lang='lat' dir='ltr'><strong>brani</strong></span> <span class='ocrx_word' id='word_1_655' title='bbox 1741 2836 1793 2854; x_wconf 85' lang='lat' dir='ltr'><strong>son</strong></span> <span class='ocrx_word' id='word_1_656' title='bbox 1813 2829 1880 2862; x_wconf 74' lang='lat' dir='ltr'><strong>pero</strong></span> <span class='ocrx_word' id='word_1_657' title='bbox 1901 2832 1980 2855; x_wconf 84' lang='lat' dir='ltr'><strong>tratti</strong></span> 
     </span>
    </p>

    <p class='ocr_par' dir='ltr' id='par_1_35' title="bbox 2 2864 2042 2995">
     <span class='ocr_line' id='line_1_50' title="bbox 207 2864 1368 2900; baseline 0.003 -10"><span class='ocrx_word' id='word_1_658' title='bbox 207 2864 218 2881; x_wconf 82' lang='lat'>⁴</span> <span class='ocrx_word' id='word_1_659' title='bbox 235 2865 323 2897; x_wconf 74' lang='lat' dir='ltr'><strong>Inau,</strong></span> <span class='ocrx_word' id='word_1_660' title='bbox 343 2865 413 2890; x_wconf 87' lang='lat' dir='ltr'><em>VIII</em></span> <span class='ocrx_word' id='word_1_661' title='bbox 419 2866 456 2892; x_wconf 79' lang='lat' dir='ltr'><strong>id.</strong></span> <span class='ocrx_word' id='word_1_662' title='bbox 470 2872 533 2898; x_wconf 67' lang='lat' dir='ltr'><strong>aug.</strong></span> <span class='ocrx_word' id='word_1_663' title='bbox 545 2866 685 2891; x_wconf 71' lang='lat' dir='ltr'><strong>consulatu</strong></span> <span class='ocrx_word' id='word_1_664' title='bbox 702 2866 822 2891; x_wconf 69' lang='lat' dir='ltr'><strong>Maximi</strong></span> <span class='ocrx_word' id='word_1_665' title='bbox 839 2866 926 2900; x_wconf 76' lang='lat'><strong><em>[52³]·</em></strong></span> <span class='ocrx_word' id='word_1_666' title='bbox 962 2867 1023 2892; x_wconf 86' lang='lat' dir='ltr'><strong>L&#39;e-</strong></span> <span class='ocrx_word' id='word_1_667' title='bbox 1079 2869 1114 2893; x_wconf 84' lang='lat' dir='ltr'><strong>da</strong></span> <span class='ocrx_word' id='word_1_668' title='bbox 1133 2868 1223 2898; x_wconf 57' lang='lat' dir='ltr'><strong>Ennii,</strong></span> <span class='ocrx_word' id='word_1_669' title='bbox 1243 2868 1298 2893; x_wconf 90' lang='lat' dir='ltr'><strong>loc.</strong></span> <span class='ocrx_word' id='word_1_670' title='bbox 1319 2870 1368 2893; x_wconf 85' lang='lat' dir='ltr'><strong>cit.</strong></span> 
     </span>
     <span class='ocr_line' id='line_1_51' title="bbox 121 2907 1981 2944; baseline 0.003 -12"><span class='ocrx_word' id='word_1_671' title='bbox 121 2908 231 2941; x_wconf 81' lang='lat' dir='ltr'><strong>pitaffio</strong></span> <span class='ocrx_word' id='word_1_672' title='bbox 253 2908 282 2933; x_wconf 86' lang='lat' dir='ltr'><strong>di</strong></span> <span class='ocrx_word' id='word_1_673' title='bbox 308 2909 348 2933; x_wconf 84' lang='lat' dir='ltr'><strong>lui</strong></span> <span class='ocrx_word' id='word_1_674' title='bbox 375 2909 405 2933; x_wconf 83' lang='lat' dir='ltr'><strong>su</strong></span> <span class='ocrx_word' id='word_1_675' title='bbox 428 2908 475 2933; x_wconf 84' lang='lat' dir='ltr'><strong>dal</strong></span> <span class='ocrx_word' id='word_1_676' title='bbox 496 2908 543 2933; x_wconf 67' lang='lat' dir='ltr'><strong>Da</strong></span> <span class='ocrx_word' id='word_1_677' title='bbox 560 2907 658 2939; x_wconf 81' lang='lat' dir='ltr'><strong>Rossx,</strong></span> <span class='ocrx_word' id='word_1_678' title='bbox 684 2908 766 2934; x_wconf 80' lang='lat' dir='ltr'><strong>Inscr.</strong></span> <span class='ocrx_word' id='word_1_679' title='bbox 786 2909 892 2939; x_wconf 68' lang='lat' dir='ltr'><strong>christ„</strong></span> <span class='ocrx_word' id='word_1_680' title='bbox 911 2910 969 2935; x_wconf 82' lang='lat' dir='ltr'><strong>vol.</strong></span> <span class='ocrx_word' id='word_1_681' title='bbox 988 2910 1023 2941; x_wconf 83' lang='lat'><strong>11,</strong></span> <span class='ocrx_word' id='word_1_682' title='bbox 1168 2908 1179 2925; x_wconf 80' lang='lat'><strong>²³</strong></span> <span class='ocrx_word' id='word_1_683' title='bbox 1197 2910 1227 2934; x_wconf 81' lang='lat' dir='ltr'><strong>L.</strong></span> <span class='ocrx_word' id='word_1_684' title='bbox 1246 2911 1290 2940; x_wconf 73' lang='lat' dir='ltr'><strong>P..</strong></span> <span class='ocrx_word' id='word_1_685' title='bbox 1308 2910 1330 2941; x_wconf 84' lang='lat'><strong>1,</strong></span> <span class='ocrx_word' id='word_1_686' title='bbox 1349 2918 1377 2944; x_wconf 90' lang='lat' dir='ltr'><strong>p.</strong></span> <span class='ocrx_word' id='word_1_687' title='bbox 1397 2917 1463 2944; x_wconf 79' lang='lat'><strong>275:</strong></span> <span class='ocrx_word' id='word_1_688' title='bbox 1487 2912 1556 2936; x_wconf 80' lang='lat' dir='ltr'><strong>sedit</strong></span> <span class='ocrx_word' id='word_1_689' title='bbox 1576 2920 1620 2936; x_wconf 83' lang='lat' dir='ltr'><strong>an.</strong></span> <span class='ocrx_word' id='word_1_690' title='bbox 1641 2911 1675 2936; x_wconf 88' lang='lat' dir='ltr'><strong>II</strong></span> <span class='ocrx_word' id='word_1_691' title='bbox 1689 2920 1722 2937; x_wconf 88' lang='lat' dir='ltr'><strong>m.</strong></span> <span class='ocrx_word' id='word_1_692' title='bbox 1748 2912 1831 2938; x_wconf 85' lang='lat' dir='ltr'><em>VIIII</em></span> <span class='ocrx_word' id='word_1_693' title='bbox 1846 2914 1870 2939; x_wconf 80' lang='lat' dir='ltr'><strong>d.</strong></span> <span class='ocrx_word' id='word_1_694' title='bbox 1890 2913 1981 2941; x_wconf 76' lang='lat' dir='ltr'><em>XVIL</em></span> 
     </span>
     <span class='ocr_line' id='line_1_52' title="bbox 61 2950 2042 2995; baseline 0.005 -19.711"><span class='ocrx_word' id='word_1_695' title='bbox 61 2959 91 2986; x_wconf 82' lang='lat'><strong>15</strong></span> <span class='ocrx_word' id='word_1_696' title='bbox 119 2959 147 2984; x_wconf 87' lang='lat' dir='ltr'><strong>p.</strong></span> <span class='ocrx_word' id='word_1_697' title='bbox 172 2950 230 2983; x_wconf 86' lang='lat'><strong>108,</strong></span> <span class='ocrx_word' id='word_1_698' title='bbox 251 2953 446 2977; x_wconf 85' lang='lat' dir='ltr'><strong>riconosciuto</strong></span> <span class='ocrx_word' id='word_1_699' title='bbox 466 2952 512 2977; x_wconf 87' lang='lat' dir='ltr'><strong>nel</strong></span> <span class='ocrx_word' id='word_1_700' title='bbox 531 2959 631 2984; x_wconf 85' lang='lat' dir='ltr'><strong>poema</strong></span> <span class='ocrx_word' id='word_1_701' title='bbox 654 2951 827 2978; x_wconf 81' lang='lat' dir='ltr'><strong>d&#39;Alcuino&#39;.</strong></span> <span class='ocrx_word' id='word_1_702' title='bbox 858 2952 1024 2985; x_wconf 67' lang='lat' dir='ltr'><strong>Diluntum,</strong></span> <span class='ocrx_word' id='word_1_703' title='bbox 1168 2951 1180 2968; x_wconf 83' lang='lat'>⁹</span> <span class='ocrx_word' id='word_1_704' title='bbox 1199 2952 1324 2984; x_wconf 72' lang='grc' dir='ltr'>ΡΔυῐ-υὸ,</span> <span class='ocrx_word' id='word_1_705' title='bbox 1343 2953 1403 2983; x_wconf 75' lang='lat' dir='ltr'><strong>XV,</strong></span> <span class='ocrx_word' id='word_1_706' title='bbox 1424 2960 1490 2979; x_wconf 80' lang='lat' dir='ltr'><strong>vm·</strong></span> <span class='ocrx_word' id='word_1_707' title='bbox 1508 2961 1527 2978; x_wconf 80' lang='lat' dir='ltr'>R</span> <span class='ocrx_word' id='word_1_708' title='bbox 1546 2953 1614 2987; x_wconf 59' lang='lat' dir='ltr'><strong>per&amp;</strong></span> <span class='ocrx_word' id='word_1_709' title='bbox 1629 2957 1735 2980; x_wconf 78' lang='lat' dir='ltr'><strong>omette</strong></span> <span class='ocrx_word' id='word_1_710' title='bbox 1754 2963 1771 2980; x_wconf 89' lang='grc' dir='ltr'><strong>ο</strong></span> <span class='ocrx_word' id='word_1_711' title='bbox 1791 2959 1868 2981; x_wconf 74' lang='lat' dir='ltr'><strong>muta</strong></span> <span class='ocrx_word' id='word_1_712' title='bbox 1883 2957 1983 2982; x_wconf 75' lang='lat' dir='ltr'><strong>alcune</strong></span> <span class='ocrx_word' id='word_1_713' title='bbox 2010 2967 2042 2995; x_wconf 85' lang='lat'><strong>²⁵</strong></span> 
     </span>
    </p>
   </div>
   <div class='ocr_carea' id='block_1_13' title="bbox 118 2983 1311 3029">
    <p class='ocr_par' dir='ltr' id='par_1_36' title="bbox 118 2983 1311 3029">
     <span class='ocr_line' id='line_1_53' title="bbox 118 2983 1311 3029; baseline 0.003 -11"><span class='ocrx_word' id='word_1_714' title='bbox 118 2991 212 3018; x_wconf 62' lang='lat' dir='ltr'><strong>Aeta</strong></span> <span class='ocrx_word' id='word_1_715' title='bbox 230 2983 277 3018; x_wconf 65' lang='lat' dir='ltr'><strong>the.</strong></span> <span class='ocrx_word' id='word_1_716' title='bbox 296 2994 356 3017; x_wconf 73' lang='lat' dir='ltr'><strong>aevi</strong></span> <span class='ocrx_word' id='word_1_717' title='bbox 377 2992 510 3022; x_wconf 69' lang='lat' dir='ltr'><strong>Cerauni,</strong></span> <span class='ocrx_word' id='word_1_718' title='bbox 537 2992 594 3018; x_wconf 88' lang='lat' dir='ltr'><strong>vol.</strong></span> <span class='ocrx_word' id='word_1_719' title='bbox 613 2992 634 3023; x_wconf 88' lang='grc' dir='ltr'><strong>Ι,</strong></span> <span class='ocrx_word' id='word_1_720' title='bbox 653 3001 680 3027; x_wconf 89' lang='lat' dir='ltr'><strong>p.</strong></span> <span class='ocrx_word' id='word_1_721' title='bbox 702 3000 762 3027; x_wconf 82' lang='lat'><strong>144.</strong></span> <span class='ocrx_word' id='word_1_722' title='bbox 798 2993 967 3027; x_wconf 75' lang='lat' dir='ltr'><strong>L’epitaffio</strong></span> <span class='ocrx_word' id='word_1_723' title='bbox 994 2995 1024 3020; x_wconf 84' lang='lat' dir='ltr'><strong>fu</strong></span> <span class='ocrx_word' id='word_1_724' title='bbox 1080 2996 1149 3020; x_wconf 75' lang='lat' dir='ltr'><strong>{rasi</strong></span> <span class='ocrx_word' id='word_1_725' title='bbox 1170 3003 1185 3020; x_wconf 86' lang='lat' dir='ltr'><strong>e</strong></span> <span class='ocrx_word' id='word_1_726' title='bbox 1204 2994 1311 3029; x_wconf 69' lang='lat' dir='ltr'><strong>parole.</strong></span> 
     </span>
    </p>
   </div>
  </div>
 </body>
</html>
