2398 3470
135 236 219 274 [ΑΛ.
239 241 272 268 o
293 240 387 268 ὅτε-5
395 240 447 274 82]

714 234 1002 271 ROMUALDI
1031 234 1391 272 SALERNITANI

145 309 172 317 ..-
173 308 1059 318 .................................................................................................

1061 309 1990 318 ------------------------------------------------------------------------------------------------------

135 366 378 400 assertionibus
401 367 583 400 destruens
606 367 818 400 deliberaret
840 368 983 400 flammis
1008 369 1165 400 cremari.
1211 366 1370 399 Docebat
1393 368 1482 399 enim
1507 368 1599 400 idem
1624 368 1840 411 Euthychius
1856 378 1982 410 corpus

136 422 287 451 nostrum
311 417 347 449 in
369 417 428 450 illa
450 418 712 451 resurrectionis
734 419 845 462 gloria
876 418 1126 461 [inpalpabile],
1149 425 1184 450 et
1210 418 1306 451 uenti
1337 418 1493 461 aerisque
1524 418 1681 451 subtilius
1712 429 1786 452 esse
1818 420 1984 457 futurum,

135 476 255 503 contra
276 469 371 503 illud'
396 470 621 503 dominicum:
646 471 796 514 palpate,
822 478 857 504 et
879 472 995 505 uidete
1020 472 1101 514 quia
1125 471 1262 514 spiritus
1279 480 1419 503 carnem
1436 477 1471 503 et
1487 481 1563 504 ossa
1587 482 1656 504 non
1673 471 1788 511 habet,
1812 472 1903 504 sicut
1925 483 1980 503 me

48 558 54 561 ,
134 523 262 555 uidetis
284 523 412 556 habere
426 522 447 557 ¹.
478 525 492 541 “
505 523 666 558 Tiberius
681 524 790 564 uero?B
806 525 1050 558 Constantinus
1066 531 1248 567 postquam
1263 524 1444 565 imperium
1467 530 1602 566 septem
1621 531 1759 557 rexerat
1775 526 1884 564 annis,
1907 535 1986 557 sen-

43 585 50 590 ’
94 573 112 606 5
143 575 158 591 “
170 573 260 606 tiens
274 573 341 606 sibi
366 574 456 607 diem
472 575 592 608 mortis
607 576 787 608 imminere
800 575 823 614 ³,
840 575 1058 614 Mauricium,
1073 585 1202 619 genere
1219 575 1477 617 Cappadocem,
1494 576 1605 607 uirum
1622 581 1798 608 strenuum
1812 600 1843 616 „‚
1859 576 1986 608 tradita

136 623 200 656 sibi
223 624 258 656 in
282 625 499 658 matrimonio
523 626 594 658 filia
615 637 686 668 sua,

716 628 731 643 “
743 626 790 658 ad
811 626 993 668 imperium
1017 626 1122 669 elegit
1135 650 1149 666 „
1167 626 1190 658 ⁴¹.

135 674 264 707 ximum
287 674 417 708 luctum
439 677 577 719 populis
600 678 644 709 de
668 688 730 709 sua
752 683 863 709 morte
886 677 1098 719 relinquens.

1237 626 1295 658 Sic
1318 626 1364 658 ad
1387 632 1541 658 eternam
1565 626 1710 667 patriam
1727 626 1895 669 migrauit,
1912 637 1985 659 ma-

1136 680 1149 694 “
1163 677 1242 710 Fuit
1265 682 1380 709 autem
1404 687 1534 708 summe
1559 676 1732 716 bonitatis,
1757 677 1988 720 eleemosynis

140 724 155 740 ‘⁶
169 730 359 767 promptus,
382 726 418 759 in
442 726 580 760 iudiciis
602 728 718 766 iustus,
742 728 779 759 in
801 727 991 760 iudicando
1015 728 1244 766 cautissimus,
1269 726 1399 759 nullum
1423 727 1630 769 despiciens,
1653 728 1716 760 sed
1732 738 1851 760 omnes
1867 728 1903 759 in
1926 739 1988 760 sua

47 815 115 870 ⁵4¹⁰
226 825 320 859 Anni
343 827 484 860 Domini
505 828 711 861 DLXXXII
724 827 747 861 ⁶.

140 926 155 943 “
167 938 299 972 genere
322 929 358 960 in
380 929 527 979 imperio
551 930 777 963 confirmatus
798 936 849 962 est
861 929 884 963 ⁷.

139 774 155 791 ‘⁶
170 775 262 808 bona
283 776 464 810 uoluntate
488 778 733 820 complectens,
759 787 877 810 omnes
901 777 1061 822 diligens,
1086 778 1160 820 ipse
1184 788 1322 821 quoque
1347 788 1367 809 a
1391 778 1526 811 cunctis
1549 784 1600 810 est
1624 777 1798 818 dilectus„
1818 778 1839 811 ⁵.

795 830 809 846 “
823 828 1014 861 Mauricius
1036 829 1176 862 indutus
1198 839 1361 871 purpura,
1378 828 1558 861 redimitus
1574 829 1770 862 diademate
1788 829 1833 861 ad
1857 830 1989 862 circum

141 877 348 919 “processit,
373 878 643 922 ecclamatisque
666 878 732 912 sibi
757 879 925 918 laudibus,
950 880 1087 924 largitis
1109 891 1171 922 per
1196 879 1344 923 populos
1366 879 1567 911 muneribus
1583 879 1713 922 primus
1729 891 1773 912 ex
1798 880 1989 913 Grecorum

930 930 979 964 At
1002 940 1087 963 uero
1111 930 1334 974 Langobardi
1358 941 1436 963 curn
1460 940 1525 972 per
1547 940 1657 964 annos
1673 931 1795 963 decem
1812 931 1875 964 sub
1891 937 1990 973 pote-

141 979 155 996 “
169 983 258 1011 state
282 980 413 1012 ducum·
431 979 589 1019 fuissent,
612 982 751 1014 tandem
778 981 953 1014 communi
977 981 1122 1014 consilio
1153 981 1303 1014 Authari
1332 981 1440 1013 filium
1464 980 1653 1024 Clephonis
1681 992 1785 1025 supra
1807 982 1990 1015 memorati

94 1079 112 1112 5
139 1027 155 1045 ⁸
168 1029 342 1072 principis
375 1041 493 1075 regem
517 1031 583 1064 sibi
606 1037 809 1065 statuerunt.

42 1080 86 1115 <gi
142 1080 157 1097 ⁸

859 1031 974 1071 Quem
997 1032 1100 1065 etiam
1129 1038 1275 1075 propter
1305 1032 1510 1076 dignitatem
1533 1032 1692 1065 Flauium
1717 1032 1989 1075 appellauerunt,

169 1090 238 1123 quo
252 1081 454 1122 prenomine
471 1092 601 1122 omues,
617 1083 676 1126 qui
692 1089 812 1126 postea
828 1084 970 1116 fuerunt
985 1083 1296 1127 Langobardorum
1311 1093 1410 1126 reges
1425 1083 1476 1115 usi
1492 1089 1581 1123 sunt,
1597 1089 1634 1115 ut
1650 1083 1761 1117 Flauii
1774 1083 1989 1117 dicerentur:

140 1131 155 1148 ²
168 1132 244 1166 Cui'
267 1133 312 1166 ob
335 1135 621 1168 restaurationem
637 1137 735 1180 regni
752 1136 871 1177 duces,
887 1138 945 1181 qui
969 1143 1052 1171 tunc
1075 1143 1183 1175 erant,
1209 1137 1360 1170 mediam
1385 1136 1490 1169 totius
1512 1136 1703 1170 substantie
1727 1136 1949 1177 tribuerunt„
1967 1136 1990 1169 ⁸.

138 1185 362 1220 Guthrannus
385 1194 499 1221 autem
523 1199 585 1222 rex
608 1191 822 1223 Francorum
845 1191 995 1234 propriis
1011 1190 1150 1224 orbatus
1172 1190 1260 1230 filiis,
1285 1201 1374 1222 anno
1391 1190 1491 1233 regni
1508 1190 1700 1233 Chliperici
1715 1191 1836 1233 quinto
1854 1190 1991 1223 decimo

43 1277 55 1315 1³

138 1235 356 1271 Chilbertum
371 1245 532 1282 nepotem
548 1251 646 1273 suum
662 1241 839 1284 adoptauit
862 1242 897 1273 in
921 1242 1039 1281 filium,
1055 1252 1203 1285 eumque
1218 1251 1335 1285 regem
1353 1241 1531 1273 constituit
1543 1239 1566 1273 ⁹.

42 1329 50 1333 .,
143 1287 276 1321 “ricius
297 1289 503 1332 imperator;
529 1291 754 1324 Childeberto
777 1293 852 1336 regi
872 1293 1086 1326 Francorum
1110 1292 1363 1336 quinquaginta
1385 1291 1493 1324 millia
1516 1292 1646 1325 solidos
1669 1301 1733 1335 per
1756 1291 1890 1336 legatos
1913 1303 1992 1325 suos

43 1342 55 1352 ²
73 1338 116 1384 20
146 1337 313 1379 “direxit‚
337 1346 375 1373 ut
398 1351 477 1374 cum
501 1342 654 1375 exercitu
678 1353 782 1385 super
805 1343 1059 1387 Langobardos
1081 1344 1226 1376 irrueret
1250 1353 1377 1387 eosque
1402 1343 1500 1376 Italia
1523 1342 1735 1385 propelleret
1746 1341 1781 1376 ¹⁰.

3 1380 13 1436 ξ’
49 1386 61 1436 J*
143 1389 261 1422 “lecta
284 1391 505 1425 multitudine
520 1418 535 1435 „
552 1392 573 1410 ¹¹
598 1394 665 1426 hoc
693 1389 797 1438 agere
829 1395 1020 1438 temptauit,
1050 1394 1112 1428 sed
1147 1394 1287 1426 minime
1318 1394 1440 1437 potuit.

4 1439 13 1452 ’”
137 1439 352 1474 Francorum
376 1442 504 1475 bellum
528 1444 693 1477 aduersus
717 1445 853 1478 Gothos
875 1455 994 1490 agens,
1018 1455 1078 1478 eos
1101 1445 1177 1478 acie
1205 1445 1389 1488 superauit.

1611 1241 1664 1274 Eo
1681 1247 1838 1284 tempore
1863 1241 1877 1257 “
1891 1241 1992 1274 Mau-

1859 1343 1895 1375 ui
1920 1343 1993 1376 col-

1487 1393 1625 1426 Interea
1655 1341 1898 1426 Childebe3tus
1928 1405 1991 1426 rex

1436 1445 1572 1477 Rursus
1601 1453 1687 1477 uero
1714 1442 1905 1477 Mauricius
1927 1445 1991 1476 im-

136 1498 278 1534 perator
299 1493 432 1537 legatos
456 1495 500 1527 ad
534 1495 798 1529 Childebertum
823 1497 1035 1529 Francorum
1067 1506 1184 1540 regem
1215 1496 1320 1535 misit,
1344 1506 1445 1528 orans
1467 1501 1504 1528 ut
1535 1496 1727 1529 exercitum
1752 1501 1875 1529 contra
1896 1495 1990 1528 Lan-

54 1581 61 1586 *
138 1543 311 1587 gobardos
334 1546 500 1585 mitteret;
517 1546 764 1581 Childebertus
787 1549 903 1592 itaque
926 1549 1050 1593 legatis
1072 1549 1234 1581 Mauricii
1259 1549 1497 1592 acquiescens,
1512 1548 1636 1581 iterum
1654 1548 1870 1581 Francorum
1894 1558 1994 1581 exer-

58 1591 115 1626 :25
139 1594 243 1627 citum
267 1602 371 1639 atque
393 1596 695 1641 (Alamannorum)
710 1600 755 1631 ad
778 1599 913 1632 Italiam
936 1600 1073 1641 (contra
1095 1597 1363 1644 Longobardos)
1379 1599 1504 1632 direxit
1518 1598 1552 1630 ¹².

56 1659 60 1661 >
136 1645 246 1678 aciem
269 1648 466 1689 producere
490 1655 594 1692 atque
629 1650 837 1683 aduersariis
859 1651 911 1683 ire
942 1650 1080 1683 obuiam
1110 1649 1367 1689 meditantibus,
1396 1652 1411 1668 “
1426 1651 1552 1683 Franci
1587 1661 1628 1682 ac
1653 1650 1837 1683 Alamanni
1860 1650 1994 1683 dissen—

137 1698 268 1730 sionem
291 1698 381 1731 iuter
403 1709 441 1732 se
465 1699 643 1739 habente&
667 1702 742 1734 sine
765 1701 868 1734 ullius
890 1702 978 1734 lucri
1002 1702 1254 1745 conquisitione
1286 1702 1332 1734 ad
1361 1701 1508 1744 patriam
1531 1706 1728 1733 remearunt
1742 1700 1777 1734 ¹³.

138 1748 251 1782 multo
279 1755 359 1792 post
381 1749 625 1784 Childebertus
658 1752 900 1796 “legationem
931 1753 978 1785 ad
1007 1753 1216 1785 Maurieium
1243 1753 1486 1795 imperatorem
1518 1752 1656 1791 direxit,
1691 1753 1860 1785 mandans
1895 1753 1927 1785 ei
1956 1759 1995 1785 ut

145 1799 267 1843 “quod
299 1800 395 1843 prius
427 1801 505 1834 non'
539 1803 684 1842 fecerat,
718 1814 811 1836 nunc
835 1810 957 1837 contra
986 1803 1296 1847 Langobardorum
1322 1809 1461 1847 gentem
1484 1803 1677 1846 susciperet
1706 1803 1845 1843 bellum,
1869 1813 1929 1837 eos
1952 1804 1995 1837 ab

1598 1599 1729 1632 Uerum
1752 1599 1994 1643 Langobardis

1826 1700 1896 1734 Sed
1922 1711 1993 1734 non

52 1850 118 1883 30
145 1851 160 1868 “
173 1849 275 1883 Italia
298 1859 504 1886 remoueret.
545 1852 618 1892 Qui
648 1854 737 1887 nihil
768 1860 921 1888 moratus
951 1855 1142 1887 exercitum
1173 1865 1270 1887 suum
1302 1853 1347 1886 ad
1381 1853 1692 1912 Langobardorum
1723 1854 1996 1888 debellationem

231 2458 243 2476 ²
261 2461 347 2492 Iuni,
367 2470 427 2496 cap.
446 2462 513 2488 XV:
533 2464 629 2496 igitur.

17 2504 20 2522 j
84 2513 116 2533 ιο
230 2501 242 2520 ³
261 2511 279 2529 R
298 2507 420 2531 omette:
441 2505 455 2519 α

20 2575 22 2577 .
232 2545 244 2561 ⁴
263 2547 389 2579 PAULvs,
409 2549 464 2575 loc.
483 2550 545 2573 cit.:
569 2549 648 2574 (Κ...
669 2551 763 2574 virum
777 2551 931 2579 strenuum,
946 2551 980 2575 ad
993 2550 1044 2574 lm-

146 2585 159 2600 “
169 2589 282 2620 perium
300 2589 396 2622 elegit,
423 2591 609 2622 ornatamque
631 2597 708 2615 suam
734 2590 821 2615 filiam
842 2590 982 2622 regalibus
1001 2599 1044 2616 or-

145 2628 159 2642 “
172 2633 312 2656 namentis
332 2633 357 2657 ei
378 2639 438 2657 eam
458 2633 626 2658 tradldlt...
654 2651 667 2664 n

232 2671 244 2688 ⁵
263 2673 350 2706 lnam,
371 2674 425 2699 loc.
446 2675 493 2700 cit.

233 2713 246 2731 ⁶
266 2715 387 2741 &scorta
406 2716 538 2748 Mssa-elta,
560 2725 636 2742 anno
657 2724 716 2751 577.

234 2755 246 2773 ⁷
266 2758 390 2789 Faunus,
410 2759 463 2784 loc.
484 2760 540 2789 cit„
561 2760 664 2784 ultimo
684 2761 812 2793 periodo,
833 2768 892 2794 cap.
910 2760 972 2786 XV.

146 2839 199 2865 “ob
223 2843 444 2866 restaurationem
453 2859 519 2873 .....
539 2843 568 2867 in
592 2842 646 2867 Cui
668 2843 698 2867 ab
723 2845 959 2872 restaurationem,-
981 2851 1037 2868 mo·

148 2881 269 2908 “dificat
288 2884 367 2909 duces
385 2885 434 2915 qut
456 2888 519 2909 tunc
536 2888 615 2909 erant
632 2892 732 2909 omnem
753 2885 962 2909 substantiarum
979 2893 1039 2910 ma—

87 2922 162 2953 20⁶¹
171 2931 233 2949 rum
251 2924 415 2950 meduntam
435 2925 568 2957 regalibus
586 2926 677 2950 usibus
695 2925 815 2950 tribuent
824 2935 853 2957 ης
866 2933 881 2950 e
901 2928 1044 2959 sopprime

146 2965 169 2991 n
188 2969 265 2992 resto
284 2967 330 2992 del
351 2967 479 3006 periodo.

235 3008 246 3026 ⁹
266 3009 440 3035 Garcoaws
459 3009 662 3041 Tunoxrusxs,
682 3011 700 3035 l.
721 3019 743 3035 c.

235 2374 243 2392 ¹
263 2376 389 2408 Pauus,
409 2378 457 2408 ΙΙΙ,
477 2385 544 2405 xin.
563 2378 610 2405 Cs.
629 2387 698 2412 pure
721 2380 810 2409 Bana,
829 2380 951 2405 Historia
969 2380 1045 2404 eccle-

140 2417 259 2447 eiastz'ca,
278 2419 312 2450 ΙΙ,
333 2426 354 2450 1,
375 2422 404 2445 in
423 2421 537 2451 Μιωτιῑ,
556 2422 631 2447 Patr.
651 2422 707 2451 lat,
726 2422 812 2454 XCV,
838 2422 893 2447 col.
917 2428 948 2455 75
968 2431 982 2447 e
1003 2421 1045 2455 76.

467 2514 524 2532 una
538 2515 601 2531 cum
616 2508 744 2533 consilio
757 2507 864 2540 SophIe
883 2508 1011 2540 Auguste
1022 2525 1046 2541 η.

231 2796 243 2814 ³
261 2799 348 2830 IDEM,
363 2800 413 2826 lib.
427 2799 474 2831 111,
488 2808 548 2833 cap.
562 2807 624 2826 xvr.
638 2808 664 2826 a.
677 2802 769 2826 muta:
786 2800 898 2826 “Huius
909 2802 939 2826 tn
951 2802 1043 2827 diaebus
1087 2825 1089 2827 .

144 1902 159 1919 ²
172 1901 299 1936 direxit
320 1902 358 1934 in
380 1903 524 1937 Italiam.
570 1904 658 1938 Cum
675 1915 743 1949 quo
765 1904 915 1938 Authari
937 1915 1000 1938 rex
1022 1910 1059 1938 et
1072 1905 1383 1949 Langobardorum
1398 1904 1492 1938 acies
1507 1915 1576 1937 non
1594 1905 1739 1948 signiter
1756 1905 1948 1949 confligunt
1961 1905 1985 1923 ¹⁴

143 1952 157 1968 “
173 1952 213 1985 In
237 1963 279 1985 ea
301 1964 419 1997 pugna
441 1953 665 1999 Langobardi
688 1956 871 1989 uictoriam
895 1957 1047 1999 capiunt,
1071 1957 1199 1989 Franci
1223 1957 1450 1989 uehementer
1472 1956 1557 1995 cesi,
1582 1956 1740 1989 nonnulli
1764 1955 1877 1998 (uero)
1893 1957 1996 1999 capti,

231 2085 252 2103 1.
272 2079 479 2105 assercionibus
494 2081 521 2105 B
533 2081 557 2105 C
572 2094 582 2100 -
602 2081 731 2107 Euticius
748 2082 772 2106 C
782 2096 814 2099 -
829 2088 852 2106 2.
867 2080 1077 2115 [impalbabile]
1090 2081 1114 2106 Α
1125 2083 1151 2106 Β
1169 2089 1277 2110 mancas
1298 2081 1390 2106 uentii
1408 2079 1469 2113 (sic)
1485 2080 1509 2105 C
1519 2095 1552 2098 —
1566 2088 1621 2114 4-5.
1641 2081 1768 2106 senciens
1783 2082 1809 2106 B
1823 2081 1846 2105 C
1857 2094 1890 2099 -
1904 2086 1929 2113 7.
1942 2081 1996 2106 ele-

142 2121 262 2146 mosinis
276 2123 303 2147 Β
315 2121 378 2146 C—
392 2121 416 2148 8.
430 2125 473 2148 set
485 2125 514 2149 B
526 2123 550 2148 C
560 2137 593 2142 —
606 2132 632 2157 9.
645 2126 687 2149 est
699 2132 794 2149 manca
804 2125 830 2149 Β
844 2138 875 2142 -—
893 2131 932 2149 10.
947 2125 1034 2149 Anno
1047 2125 1081 2148 ab
1096 2124 1295 2149 incarnatione
1308 2124 1418 2149 domini
1434 2125 1460 2148 Β
1473 2123 1512 2147 C·
1526 2123 1683 2149 Mauricius
1695 2123 1805 2148 z‘m'niate
1817 2126 1912 2148 onusta
1928 2124 1952 2148 C
1962 2138 1995 2142 ——

122 2174 125 2178 ·
142 2169 183 2188 ιι.
201 2163 291 2197 largis
308 2172 358 2198 per
376 2165 500 2199 populos
514 2167 548 2195 B.
566 2166 618 2191 cosi
631 2166 714 2191 Sasso.
731 2180 762 2185 —
778 2173 818 2192 12.
833 2174 882 2200 per
896 2168 978 2191 annis
993 2165 1102 2191 Christi
1126 2167 1158 2195 C,
1172 2173 1264 2191 manca
1279 2167 1373 2191 decem
1388 2180 1420 2183 —
1437 2173 1476 2199 13.
1491 2166 1593 2191 Autari
1609 2167 1636 2190 B
1648 2165 1672 2191 C
1683 2179 1715 2184 —
1731 2173 1771 2198 14.
1786 2166 1875 2191 eciam
1889 2167 1916 2190 B
1929 2165 1953 2190 C
1963 2180 1995 2184 -—

143 2203 184 2230 16.
203 2206 298 2231 tocius
317 2207 344 2232 B
356 2207 379 2231 C
396 2216 405 2226 ι
426 2209 643 2234 contribuerunt
661 2209 688 2233 B
706 2223 739 2226 —
762 2214 800 2241 17.
821 2208 1028 2234 Gunthrannus
1042 2210 1076 2238 B,
1095 2209 1146 2233 cosi
1165 2209 1241 2233 Sasso
1260 2222 1268 2227 -
1287 2208 1459 2233 Francorum
1480 2215 1521 2232 res
1546 2208 1569 2232 C
1586 2222 1594 2226 -
1615 2206 1762 2241 Chilperci
1779 2207 1845 2232 0—-
1862 2207 1902 2233 18.
1916 2216 1996 2234 suum

96 2251 110 2279 5
138 2249 270 2281 nepotem
290 2249 353 2274 BC
370 2264 402 2268 -—
425 2257 464 2283 19.
484 2251 566 2276 milia
586 2250 648 2276 BC
665 2265 697 2270 —-
718 2258 760 2277 21.
779 2259 806 2281 s;
825 2252 849 2276 A
863 2251 887 2276 C
904 2265 936 2269 —
956 2251 999 2276 26.
1018 2252 1131 2276 obuiam
1151 2251 1192 2275 ire
1212 2252 1239 2275 B
1252 2251 1275 2275 C
1298 2264 1331 2269 ——
1358 2250 1447 2283 26-27.
1473 2250 1681 2276 discensionem
1706 2251 1728 2274 C
1747 2264 1760 2277 .-
1781 2252 1998 2282 conquisicione

142 2292 169 2317 B
181 2291 206 2316 C
220 2305 231 2311 -
251 2295 294 2319 set
313 2295 339 2319 Β
351 2294 376 2319 C
392 2309 424 2312 —
445 2301 487 2328 ²9·
506 2296 613 2320 bellum
632 2297 788 2329 susciperet
809 2295 844 2326 σς
863 2296 989 2327 ΡΑυιυε,
1008 2296 1082 2321 bella
1103 2309 1134 2313 —
1154 2302 1196 2328 30.
1217 2296 1306 2321 nichil
1328 2297 1355 2320 B
1367 2295 1390 2319 C
1407 2309 1440 2313 —-
1460 2303 1502 2328 31.
1523 2294 1577 2320 Cui
1598 2296 1701 2320 Autari
1725 2294 1758 2325 C,
1775 2303 1845 2320 come
1863 2296 1980 2321 ΡΑυωε

1177 2377 1199 2395 ¹⁰
1218 2378 1343 2409 Plutus,
1369 2379 1418 2403 lib.
1446 2380 1503 2408 cit„
1528 2378 1616 2408 XVII,
1642 2385 1668 2403 R.
1691 2378 1835 2403 modifica:
1857 2385 1949 2410 eosque·
1966 2379 1997 2402 de

1101 2417 1182 2443 Italia
1199 2420 1395 2445 exterminaret.

1180 2459 1199 2477 ¹¹
1219 2469 1237 2486 a
1255 2461 1293 2486 fin
1312 2462 1362 2494 qui
1381 2462 1416 2487 da
1436 2461 1562 2493 PAULus,
1582 2462 1637 2486 loc.
1657 2462 1705 2486 cit.

1179 2502 1202 2520 ¹²
1220 2504 1346 2536 Pilutus,
1357 2504 1410 2530 loc.
1425 2505 1482 2533 cit„
1496 2503 1583 2529 xxn:
1599 2503 1613 2516 “
1623 2503 1747 2528 Rursum
1760 2510 1828 2527 vero
1841 2502 1996 2527 Mauricius

1104 2544 1117 2558 ⁴¹
1128 2545 1283 2578 Augustus,
1304 2546 1428 2578 legatum
1447 2546 1482 2571 ad
1503 2544 1718 2570 Childebertum
1738 2545 1863 2574 mlttens‚
1883 2552 1946 2570 eum
1965 2546 1997 2569 ut

1103 2587 1116 2601 “
1129 2590 1228 2613 contra
1242 2588 1448 2620 Langobardos
1467 2589 1498 2613 in
1517 2588 1631 2613 Italiam
1644 2588 1800 2612 exercitum
1813 2586 1921 2619 diriget
1934 2594 1997 2619 per-

1103 2629 1117 2642 “
1130 2631 1227 2655 suasit.
1242 2629 1442 2655 childebertus
1455 2631 1623 2654 existimans
1638 2637 1715 2654 suam
1731 2629 1820 2653 adhuc
1833 2636 1996 2661 germanam

1103 2672 1117 2686 “
1128 2673 1202 2706 apud
1214 2671 1503 2705 Constantinopolim
1518 2672 1622 2701 virere,
1631 2671 1733 2703 legatis
1743 2670 1875 2695 Mauricii
1889 2671 1998 2702 acquie—
2027 2678 2038 2685 “

1102 2716 1115 2729 “
1124 2722 1212 2745 scens,
1221 2715 1333 2741 ut'suam
1344 2717 1439 2748 posset·
1454 2722 1578 2740 sororem
1590 2714 1721 2747 recipere,
1734 2715 1836 2738 iterum
1847 2713 1996 2738 adversum

1100 2758 1114 2772 ‘⁴
1127 2757 1332 2792 Langobardos
1341 2757 1514 2783 Francorum
1528 2758 1683 2782 exercitum
1692 2756 1726 2781 ad
1738 2756 1851 2781 Italiam
1862 2755 1996 2787 direxitn.

1176 2797 1199 2815 ¹³
1218 2799 1343 2829 muzus,
1363 2801 1416 2824 loe.
1446 2800 1493 2824 cit.
1513 2806 1532 2823 R
1552 2797 1681 2823 modifica
1708 2805 1764 2822 una
1787 2798 1867 2830 parte
1886 2797 1930 2821 del
1951 2805 1996 2830 pe-

1097 2842 1179 2867 riodo
1198 2849 1213 2867 e
1233 2843 1315 2874 copia
1335 2842 1357 2866 ll
1377 2843 1462 2872 resto,
1480 2843 1598 2873 segnato
1627 2841 1668 2865 fra
1692 2839 1853 2872 virgolette,
1874 2839 1955 2864 salvo
1982 2847 1997 2864 a

1098 2886 1207 2910 mutare
1227 2885 1248 2908 il
1267 2887 1331 2909 sunt
1348 2885 1448 2909 reversi
1467 2885 1494 2908 in
1515 2886 1676 2908 remearunt.

1175 2924 1200 2943 ¹⁴
1219 2927 1305 2956 IDEM,
1326 2927 1376 2952 lib.
1400 2926 1450 2958 111,
1476 2934 1536 2959 cap.
1564 2925 1691 2951 XXVIII.
1718 2932 1744 2955 R,
1765 2925 1839 2958 dopo
1854 2925 1928 2949 acies
1946 2931 1997 2949 non

1096 2970 1211 3001 sigum»-
1225 2970 1343 2994 omette:
1360 2969 1373 2982 “
1386 2970 1499 2994 obviam
1514 2970 1643 3001 pergunt,
1657 2974 1745 3002 prope
1759 2966 1900 2992 libertatis
1920 2968 1996 2992 statu

1100 3011 1114 3025 ⁸
1128 3012 1242 3037 sortiter
1259 3013 1408 3045 confingunt
1420 3030 1443 3043 „.

2058 488 2077 502 c,
2095 488 2132 507 144
2141 482 2154 502 b

2065 845 2084 859 a.
2101 840 2127 858 C.
2144 840 2182 863 582

2067 1148 2087 1162 c.
2104 1148 2141 1166 145
2152 1148 2165 1162 ss

2071 1821 2091 1836 c.
2109 1821 2148 1841 1⁴5
2156 1815 2168 1835 b

2025 2466 2056 2493 ²5

2026 2889 2056 2916 35
