2398 3470
153 237 349 269 itm-„emas
390 227 438 267 24
974 215 1268 260 ROMUALDI
1295 213 1665 256 SALERNITANI
1891 218 1975 259 [AA.
1994 230 2035 252 m.
2056 220 2254 258 ποτε-3389]

235 1362 353 1387 λῐικ.,23

218 1521 231 1535 ³
280 1530 284 1534 -
300 1519 351 1539 3377

300 1880 352 1903 3339

336 908 349 922 a
386 892 426 931 in
445 890 556 924 terra'
578 889 680 934 Juda,
705 887 790 920 alter
811 886 850 918 in
873 884 1065 930 Babylone.
1110 883 1195 917 Post
1217 883 1400 916 exordium
1424 883 1516 917 enim
1538 883 1798 916 uaticinationis
1819 882 1998 916 Hieremie
2012 883 2185 926 prophete
2200 882 2257 916 Ie·
2282 882 2323 916 10

389 363 504 405 itaque
529 364 666 392 sanctus
690 355 880 389 Hieremias
902 356 940 388 in
962 353 1078 387 medio
1103 363 1232 392 eorum,
1258 351 1317 395 qui
1339 356 1577 383 remanserant
1600 350 1636 382 in
1668 348 1846 392 Masphat:
1873 348 2005 392 quique
2028 349 2153 382 iterum
2183 360 2254 383 non

387 409 587 448 desinentes
615 423 636 444 a
663 410 781 454 prauis
803 415 839 443 et
868 408 998 441 illicitis
1026 406 1140 446 rebus,
1173 404 1448 438 abominationes
1477 403 1672 447 prohibitas
1702 408 1872 445 ceperunt
1895 401 2116 436 committere
2147 403 2256 437 Idolis

386 468 584 506 seruientes,
608 471 643 498 et
663 463 849 497 Dominum
870 461 976 505 impie
1001 458 1269 494 contemnendo.
1314 456 1534 501 Adjecerunt
1557 457 1672 496 etiam,
1694 462 1734 489 ut
1753 456 1866 499 ipsum
1882 456 2096 490 Hieremiam
2117 462 2255 500 pertra-

386 523 509 554 herent
530 529 648 552 secum
673 518 762 551 sicut
785 517 961 559 captiuum
986 515 1023 547 in
1046 513 1186 558 Egypto
1209 521 1327 545 secum
1350 511 1580 551 deduxerunt,
1604 516 1640 544 et
1663 509 1711 543 ibi
1727 509 1855 543 dicitur
1870 519 1946 543 esse
1963 509 2152 544 defunctus
2167 510 2255 555 lapi-

387 574 486 608 dibus
509 572 652 607 obrutus
664 571 685 604 ¹.
2301 563 2320 597 5

1214 651 1425 685 Jerom’mus:

473 729 591 764 Ceteri
614 728 799 772 prophete,
821 730 860 759 ut
882 724 1019 763 Ysaias,
1043 723 1147 769 Osee,
1171 722 1285 767 Johel,
1309 723 1452 755 fuerunt
1475 727 1556 755 ante
1572 721 1809 765 captiuitatem
1826 720 1951 755 decem
1967 720 2122 755 tribuum
2137 721 2255 761 Israel,

386 784 459 818 siue
483 783 629 817 duarum
651 781 801 814 tribuum
824 779 924 822 Jude,
947 784 982 811 et
1004 776 1199 816 Beniamin,
1224 776 1283 808 alii
1305 782 1386 819 post
1409 776 1659 819 captiuitatem,
1674 781 1713 809 ut
1727 774 1881 808 Danihel
1896 775 2053 820 Aggeus,
2070 780 2105 808 et
2120 775 2256 808 Zacha-

385 838 453 871 rias
465 837 488 871 ².
534 835 726 870 Hieremias
740 843 827 866 uero
843 838 879 865 et
893 830 1059 864 Ezechiel
1075 830 1278 863 imminente
1296 829 1498 873 captiuitate
1514 829 1715 863 uaticinium
1731 835 1933 869 texuerunt3
1950 829 2014 862 sed
2030 829 2120 863 alter
2134 838 2256 863 eorum

387 945 535 978 rusalem
557 942 736 988 trigesimo
761 940 881 984 quinto
906 938 979 983 ejus
1002 948 1095 971 anno
1118 937 1289 971 Ezechiel
1310 937 1347 970 in
1362 936 1544 978 Babilone,
1559 937 1625 978 his,
1641 937 1702 981 qui
1718 947 1797 970 cum
1814 947 1858 971 eo
1876 937 1969 982 capti
1987 937 2138 977 fuerant,
2155 946 2257 970 exor-

384 1009 442 1031 sus
465 1004 517 1031 est
538 997 764 1040 prophetare:
789 994 909 1038 quinto
925 991 1092 1025 uidelicet
1107 1001 1200 1024 anno
1216 990 1528 1035 transmigrationis
1544 990 1726 1034 Jechonie.
1773 990 1972 1034 Sophonias
1987 1000 2074 1024 uero
2096 996 2256 1035 tempore

386 1053 481 1097 Josie
495 1049 728 1096 prophetauit.
773 1047 906 1081 Hebrei
923 1046 1135 1080 arbitrantur
1150 1045 1370 1086 Danihelem,
1384 1050 1420 1078 et
1434 1044 1617 1084 Ananiam,
1635 1050 1671 1078 et
1683 1044 1902 1085 Mishaelem,
1919 1051 1955 1078 et
1969 1044 2132 1078 Azariam
2148 1043 2255 1078 fuisse

386 1105 577 1140 Eunuchos
598 1104 635 1137 in
656 1102 882 1147 Babylonem.

1074 1171 1256 1206 Exrmcrr
1280 1180 1440 1210 QUARTA
1463 1180 1565 1205 mas.
2284 1168 2323 1204 15
2380 1211 2381 1214 Ἴ

972 1348 1193 1385 INCIPIT
1226 1346 1459 1386 QUINTA
1490 1346 1651 1382 ETAS.

482 1453 496 1470 ⁸
511 1448 644 1489 Quinta
665 1455 739 1484 etas
762 1448 806 1483 ab
830 1448 1034 1483 exterminio
1058 1448 1154 1492 cepit
1175 1446 1278 1492 regni
1301 1447 1450 1492 judaici,
1467 1447 1562 1491 quod
1576 1446 1673 1491 juxta
1688 1445 1908 1491 prophetiam
1924 1445 2101 1480 Hieremie
2116 1449 2258 1489 septua-

393 1504 516 1550 “ginta
541 1504 640 1537 annis
663 1503 853 1547 permansit
866 1528 881 1544 „
909 1493 1220 1538 ITI‘CCCLXXVI.

481 1559 496 1576 “
508 1557 613 1592 Anno
637 1567 702 1590 XIV
723 1562 908 1602 postquam
927 1566 1095 1600 percussa
1118 1561 1171 1589 est
1195 1556 1329 1596 ciuitas,
1353 1555 1413 1600 qui
1436 1561 1489 1589 est
1504 1555 1690 1590 uicesimus
1706 1554 1847 1600 quintus
1862 1565 1974 1589 annus
1988 1554 2162 1599 Joachim,
2179 1563 2259 1589 cum
2319 1599 2322 1601 Δ

394 1613 408 1630 ‘⁴
421 1622 489 1656 quo
513 1616 549 1645 et
569 1610 737 1644 Ezechiel
754 1610 948 1654 captiuatus
964 1615 1030 1643 est:
1055 1609 1130 1653 ipse
1153 1609 1321 1643 Ezechiel
1336 1609 1374 1643 in
1389 1608 1584 1644 uisionibus
1606 1609 1674 1642 Dei
1687 1609 1861 1644 adductus
1876 1614 1930 1642 est
1946 1608 1982 1643 in
1997 1613 2125 1643 terram
2139 1606 2258 1648 Israel,
2280 1606 2337 1642 20v

394 1667 409 1683 “
421 1671 458 1699 et
477 1664 565 1698 uidit
585 1664 851 1698 renouationem
875 1663 1036 1703 ciuitatis,
1059 1673 1102 1696 ac
1125 1663 1247 1706 templi
1270 1662 1618 1707 ceremoniarumque
1634 1661 1740 1707 ejus³.
1785 1662 2027 1696 Romanorum
2042 1660 2258 1697 sextusSer-

393 1719 496 1753 “nius
518 1718 654 1751 Tullius
677 1718 838 1762 regnauit
861 1717 960 1751 annis
982 1727 1099 1751 xxxw
1123 1717 1184 1762 qui
1207 1723 1278 1751 tres
1300 1723 1437 1753 montes
1467 1716 1546 1751 urbi
1576 1716 1730 1758 addidit,
1762 1715 1995 1756 Quirinalem,
2026 1715 2258 1761 Esquilinum,

393 1773 409 1790 ‘⁴
420 1771 638 1806 viminalem.
683 1771 714 1806 F
715 1781 810 1805 ossas
833 1770 964 1805 circum
985 1781 1102 1806 muros
1124 1770 1236 1806 duxit.
1282 1771 1416 1805 Census
1440 1770 1571 1805 ciuium
1586 1771 1829 1805 Romanorum
1845 1770 1979 1814 primus
1992 1769 2140 1803 instituit
2151 1793 2184 1810 „,
2199 1769 2260 1814 qui

388 1825 504 1862 adhuc
526 1835 591 1871 per
615 1823 735 1858 orbem
758 1830 928 1875 terra-rum
943 1824 1143 1869 incognitus
1157 1830 1249 1863 erat3
1272 1829 1356 1860 tunc
1372 1825 1513 1859 inuenta
1528 1830 1608 1859 sunt
1624 1823 1741 1868 capita
1756 1823 1997 1859 Romanorum
2009 1823 2144 1859 ‘ciuium
2157 1828 2260 1860 octo·
2382 1862 2398 1875 1

388 1879 486 1923 ginta
508 1884 670 1924 quattuor
691 1877 810 1912 milia⁴
834 1877 1181 1912 IIICCCLXXXIX.
2276 1873 2324 1912 ‘25
2367 1872 2398 1898 '³

480 1935 495 1951 “
507 1931 613 1967 Anno
636 1942 701 1965 xw
724 1937 803 1976 post
826 1931 1044 1965 euersionem
1067 1931 1266 1973 Ierusalem,
1295 1932 1354 1976 qui
1386 1937 1438 1967 est
1469 1942 1600 1966 xxxvii
1632 1931 1944 1976 transmigrationis
1974 1930 2068 1976 regis
2096 1930 2259 1975 joachim
2383 1931 2398 1946 ‘'

393 1985 614 2021 “subleuauit
635 1985 931 2020 Euuilmerodach
955 1995 1018 2018 rex
1039 1984 1217 2019 Babilonis
1240 1996 1344 2025 ann0,
1375 1997 1445 2030 quo
1474 1995 1626 2031 regnare
1659 1991 1810 2029 ceperat,
1833 1985 1951 2029 capud
1971 1984 2134 2029 joachim
2162 1984 2259 2029 regis

393 2042 408 2058 ⁸
419 2040 511 2085 Jude
535 2039 580 2073 de
605 2050 759 2079 carcere,
782 2044 818 2072 et
840 2039 938 2082 ponit
961 2039 1122 2073 thronum
1138 2038 1212 2084 ejus
1227 2050 1332 2083 super
1348 2040 1511 2075 thronum
1526 2050 1661 2084 regum,
1674 2039 1733 2084 qui
1750 2044 1851 2073 erant
1867 2049 1947 2073 cum
1963 2048 2007 2075 eo
2021 2038 2060 2072 in
2074 2037 2257 2075 Babnone.

393 2094 408 2111 ‘⁴
421 2093 582 2127 Meminit
602 2092 704 2137 hujus
727 2092 893 2137 temporis
915 2093 1032 2126 adhuc
1055 2093 1163 2127 futuri
1186 2094 1358 2137 propheta
1380 2093 1588 2133 Hieremias,
1600 2093 1652 2128 ita
1667 2093 1840 2131 scribens:
1865 2093 1962 2127 Ecce
1978 2101 2046 2140 ego
2062 2092 2206 2134 mittam.
2223 2097 2260 2130 et
2360 2133 2378 2143 ⁸.

395 2148 410 2165 “
421 2157 592 2181 assumam
613 2146 792 2180 uniuersas
815 2145 1053 2191 cognationes·
1065 2145 1266 2191 Babylonis,
1283 2147 1332 2181 ait
1347 2147 1527 2188 Dominus,
1544 2153 1580 2181 et
1596 2146 1770 2183 adducam
1792 2157 1855 2180 eos
1877 2156 1983 2190 super
1997 2151 2128 2180 terram
2139 2146 2258 2187 ittam,
2274 2146 2317 2183 30
2356 2159 2385 2191 Ι’

392 2202 407 2219 “
421 2206 456 2234 et
471 2209 576 2243 super
598 2199 813 2233 habitatores
835 2199 923 2244 ejus,
945 2203 981 2234 et
1004 2210 1108 2243 super
1130 2210 1251 2234 omnes
1266 2201 1437 2243 nationes,
1460 2211 1530 2245 que
1552 2201 1590 2235 in
1615 2200 1766 2235 circuitu
1787 2199 1881 2235 illius
1894 2205 1986 2241 sunt,
2001 2205 2037 2234 et
2051 2198 2258 2236 interficiam
2364 2197 2367 2200 ⁴

393 2255 408 2271 ‘⁴
422 2264 493 2294 eos,
510 2260 545 2287 et
560 2264 688 2297 ponam
712 2262 772 2286 eos
795 2252 831 2286 in
854 2258 1043 2296 stuporem,
1059 2258 1095 2286 et
1110 2253 1145 2286 in
1161 2253 1310 2294 sibilum,
1326 2260 1362 2288 et
1377 2253 1414 2287 in
1429 2254 1637 2289 solitudines
1652 2254 1892 2298 sempiternas,
1917 2259 1952 2287 et
1966 2253 2121 2288 servient
2136 2262 2259 2290 omne·

392 2308 407 2324 “
419 2311 544 2351 gentes
559 2306 624 2340 iste
640 2306 715 2351 regi
729 2305 919 2351 Babylonis
934 2316 1011 2339 Lxx
1025 2306 1137 2340 annis.
1173 2307 1331 2352 Cumque
1345 2307 1480 2352 impleti
1497 2307 1631 2343 fuerint
1647 2307 1730 2342 anni
1746 2316 1831 2347 Lxx,
1848 2306 1999 2343 nisit-abo
2015 2317 2122 2351 super
2135 2317 2257 2352 regem

393 2362 407 2378 “
416 2359 615 2404 Babylonis,
631 2365 665 2392 et
680 2369 785 2402 super
800 2365 942 2403 gentem
954 2359 1059 2399 illam,
1069 2359 1121 2393 ait
1131 2360 1313 2401 Dominus,
1324 2361 1529 2405 iniquitates
1544 2371 1675 2402 eorem,
1692 2367 1728 2394 et
1742 2371 1849 2405 super
1864 2366 1995 2394 terram
2011 2359 2259 2401 chaldeorum,
2363 2397 2378 2405 ,-

391 2414 406 2431 “
420 2418 456 2446 et
467 2423 597 2457 ponam
612 2412 691 2446 illas
705 2412 743 2446 in
757 2411 964 2446 solitudines
979 2413 1207 2456 sempiternas
1215 2413 1237 2447 ⁵.
1260 2414 1307 2447 Et
1318 2414 1404 2449 alibi
1419 2414 1577 2448 scribens
1591 2415 1639 2448 ad
1654 2414 2009 2458 transmigrationem,
2025 2423 2131 2458 quam
2147 2418 2258 2449 tram-
2281 2411 2324 2448 35
2344 2446 2346 2448 .
2361 2411 2370 2440 ῑ(

392 2467 567 2500 “duxerat
589 2465 916 2499 Nabuchodonosor
938 2465 984 2499 de
1008 2465 1225 2501 Hierusalem
1247 2467 1283 2501 in
1305 2467 1525 2514 Babylonem
1550 2478 1630 2503 cum
1651 2468 1850 2503 Hiechonia
1873 2477 1972 2512 rege:
1998 2477 2078 2502 cum
2098 2466 2259 2512 ceperint
2348 2473 2351 2476 ’

393 2519 559 2563 “impleri
582 2519 804 2563 septuaginta
827 2519 910 2551 anni
924 2518 961 2551 in
976 2518 1191 2564 Babylonem
1214 2520 1362 2555 visitabo
1386 2532 1459 2561 vos,
1483 2527 1519 2556 et
1541 2521 1717 2556 suscitabo
1741 2532 1845 2565 super
1868 2531 1931 2554 vos
1945 2531 2075 2555 nomen
2090 2531 2206 2554 meum
2221 2520 2257 2553 in

475 2664 502 2684 2.
516 2657 771 2684 abhominationes
793 2657 817 2682 C
833 2670 845 2678 -
863 2657 1009 2684 comittere
1034 2656 1057 2681 C
1073 2670 1105 2675 --
1127 2663 1152 2690 3.
1172 2657 1324 2684 serviendo
1341 2658 1369 2683 B
1387 2671 1399 2678 -
1417 2658 1652 2693 contempnendo
1670 2659 1697 2684 B
1710 2658 1734 2683 C
1749 2671 1760 2678 -
1780 2659 1870 2685 eciam
1888 2658 1915 2683 B
1928 2658 1952 2684 C
1975 2670 1987 2678 ·
2010 2657 2153 2692 Ieremyu
2174 2657 2199 2684 C
2221 2671 2254 2679 -

387 2705 412 2732 7.
430 2707 496 2737 oseg
513 2700 538 2727 A
557 2713 591 2720 -—
609 2706 636 2733 9.
654 2699 794 2734 Ieremyu
817 2699 841 2724 C
856 2712 867 2718 -
885 2698 1019 2725 Iezechiel
1042 2699 1065 2723 C
1081 2712 1093 2718 -
1111 2698 1279 2725 imminente
1297 2700 1404 2727 AB-
1421 2708 1463 2727 ιι.
1480 2700 1616 2727 Ieuechiel
1638 2701 1663 2726 C
1675 2715 1708 2720 —
1723 2707 1813 2728 11-12.
1831 2708 1964 2727 exorsum
1987 2700 2055 2727 0-
2071 2707 2113 2733 13.
2131 2700 2254 2729 Munus·

386 2743 441 2768 lem
463 2742 488 2767 C
501 2757 535 2762 —
557 2747 598 2774 15.
613 2742 734 2776 expltelt
751 2742 851 2775 quarta
868 2742 930 2768 etas
947 2749 996 2766 om-
1021 2740 1045 2765 C
1061 2754 1093 2759 —-
1116 2745 1158 2773 17.
1175 2742 1360 2777 propheciam
1384 2743 1407 2768 C
1423 2756 1435 2762 -
1455 2743 1595 2777 Ieremyas
1618 2743 1642 2768 C
1657 2757 1692 2762 —
1713 2750 1755 2769 22.
1769 2743 1819 2776 qul
1837 2745 1948 2771 montes
1966 2744 2027 2769 tre·
2039 2742 2103 2769 urbi
2116 2743 2170 2769 etc.
2184 2743 2209 2771 C
2220 2756 2254 2763 —-

387 2784 429 2811 28.
447 2785 482 2811 de
498 2791 609 2811 carcere
627 2791 675 2809 om.
694 2784 722 2808 B
740 2797 751 2803 -
770 2783 867 2817 posuit
884 2784 911 2808 Β
925 2782 949 2808 C
964 2796 975 2802 -
993 2784 1110 2809 tronum
1133 2783 1156 2808 C
1172 2798 1205 2803 --
1224 2791 1266 2817 30.
1288 2784 1449 2818 Baonnis]
1469 2785 1625 2818 Aqui-Ionio
1643 2786 1670 2810 Β
1689 2799 1723 2807 --
1742 2792 1786 2819 ³1·
1799 2785 1866 2812 llius
1883 2785 1906 2810 C
1918 2798 1951 2804 -
1965 2784 2009 2819 36.
2027 2785 2176 2812 Iechoniu
2193 2785 2221 2811 B
2235 2785 2258 2811 C

389 2924 431 2949 24,
449 2917 501 2942 col.
522 2916 573 2951 813
584 2923 652 2950 vagg.
671 2925 687 2942 e
704 2917 835 2943 Fuvws
854 2917 1005 2948 Ionem,
1023 2919 1064 2949 op.
1084 2924 1099 2942 e
1117 2917 1169 2943 loc.
1188 2917 1238 2942 cit.
1437 2917 1449 2934 ⁴
1469 2919 1586 2951 L1v1uS,
1605 2920 1627 2951 1,
1641 2925 1684 2952 47,
1698 2919 1748 2952 483
1762 2919 1835 2945 fflst.
1847 2919 1937 2949 Mz'sc..
1950 2921 1989 2951 ap.
2009 2919 2067 2948 cit..
2086 2918 2110 2950 1,
2125 2924 2168 2951 η,
2186 2926 2215 2952 p.
2229 2919 2256 2946 8.
2286 2922 2320 2942 xo

476 2957 488 2974 2
506 2958 642 2984 Smer-us
654 2959 802 2984 Eusannss
815 2958 1026 2989 Hmaommus,
1041 2958 1136 2984 Comm.
1151 2960 1181 2984 in
1194 2959 1292 2985 [satam
1437 2957 1448 2976 ⁵
1467 2961 1651 2993 Hmnamxas,
1671 2961 1703 2992 L,
1723 2968 1740 2994 9
1759 2967 1800 2993 ng.
2350 2958 2354 2961 ’

477 2873 486 2891 ¹
504 2875 641 2901 Saucrus
659 2875 807 2901 Eusanxus
820 2875 1033 2906 meomrmus,
1046 2877 1085 2907 op.
1099 2874 1164 2904 (Αἰ..-
1176 2874 1292 2908 ΜῙΘΝΕ,
1436 2874 1448 2892 ³
1467 2877 1626 2909 Ezscnmn,
1646 2877 1776 2903 XXXVI.
2347 2845 2373 2929 ἒ

2346 2953 2363 2989 ,ξ

383 3000 538 3032 prophetam
555 3001 615 3028 cit..
633 3000 686 3024 loc.
706 3000 772 3032 clt.;
794 2999 907 3031 Mroua,
927 3006 970 3033 24,
989 3001 1045 3026 col.
1065 3007 1097 3025 21
1118 3007 1159 3033 ag.
2351 2992 2367 3049 Ξ

2351 3047 2360 3074 2
