2398 3470
204 220 279 243 Mun„
296 225 427 244 ccam-1⁵³
449 208 515 244 154
1211 204 1527 242 CHRONICON
2018 210 2069 246 [Α.
2089 211 2122 240 c.
2143 213 2294 247 sio-⁸1⁷]

203 326 338 345 Hadrmuus
353 327 384 349 pa

385 328 416 350 pa

203 353 214 377 ’γ
234 353 278 373 V11
299 352 350 373 Kal.
370 352 416 372 ian.

203 385 241 403 795

226 407 270 425 Leo
285 405 325 425 Il!
332 406 393 430 papa

265 433 353 457 795-816

231 655 327 674 Carolus
344 659 390 673 rex

255 766 275 781 ε.
294 761 334 780 186
342 766 355 779 a

263 1563 283 1578 e.
299 1558 338 1577 186
346 1557 359 1577 b

266 2360 285 2373 (ς.
303 2357 362 2378 ιό7α

420 802 711 846 >comprehensus
735 807 797 840 est,
822 807 857 833 et
880 806 1075 834 excecatus.
1124 801 1238 832 Rome
1267 810 1351 833 uero
1375 800 1449 834 Leo
1477 811 1580 843 papa,
1604 807 1643 833 ut
1666 800 1726 842 [in]
1755 800 1905 833 historiis
1932 801 2144 834 Francorum
2160 801 2296 845 legitur,
2324 803 2363 834 10

265 2137 323 2150 1¹0⁴!ss
347 2137 375 2150 lm
394 2145 398 2150 .

243 2164 267 2182 ²5
285 2158 321 2177 dic
348 2159 387 2177 8ου

390 2858 421 2874 10

450 275 1326 286 ...............................................................................................
1327 275 1354 289 ¹..0
1358 275 1363 281 .
1367 274 1583 281 ..n-..nn--n---uuu
1587 275 1721 282 nnn-...nu-
1725 274 2294 284 ...-...nunu-...nnu-unua-nuu-uu--n--n-n—

440 327 548 359 solum
573 327 608 358 in
634 330 800 367 cospectu
824 324 984 362 Concilii,
1010 325 1073 357 sed
1097 324 1199 357 etiam
1223 333 1302 355 cum
1318 322 1355 354 in
1370 322 1548 365 presentia
1571 322 1739 354 Hadriani
1764 333 1853 365 pape
1877 324 2027 356 Romam
2050 325 2171 357 missus
2194 330 2294 363 esset,

436 379 627 421 apostolica
651 377 859 410 auctoritate
883 378 1066 411 damnatus
1089 383 1150 409 est.
1197 374 1246 408 At
1267 385 1352 408 uero
1377 377 1490 408 Rome
1523 376 1703 408 Hadriano
1730 386 1822 418 papa
1857 377 2036 415 defuncto,
2072 377 2146 410 Leo
2176 379 2295 410 tertius

437 432 495 475 qui
519 430 792 464 Sermocinarius
816 436 868 463 est
883 430 1078 472 appellatus
1094 429 1289 462 Romanum
1317 429 1555 470 pontificatum
1578 429 1740 471 suscepit.
1790 428 1861 467 Qui
1884 439 1968 463 mox
1983 441 2049 472 per
2066 431 2197 474 legatos
2213 441 2293 464 suos

439 484 554 516 claues
577 482 807 516 confessionis
830 482 940 515 sancti
964 482 1058 514 Petri
1083 492 1123 514 ac
1148 481 1312 513 uexillum
1339 481 1499 514 Romane
1523 481 1617 514 urbis
1640 481 1715 524 regi
1739 481 1867 514 Carolo
1889 481 1991 520 misit,
2014 492 2143 527 rogans
2173 489 2212 516 ut
2235 483 2296 515 ali-

441 547 542 579 quem
568 537 612 569 de
636 537 705 568 suis
729 536 952 578 optimatibus
975 536 1138 571 mitteret,
1163 534 1223 576 qui
1247 534 1412 576 populum
1443 535 1641 567 Romanum
1656 535 1703 566 ad
1726 544 1821 567 suam
1845 534 1959 575 fidem,
1983 542 2088 579 atque
2105 535 2294 569 subiectio-
2342 535 2381 568 5

440 599 519 621 nem
543 594 759 622 sacramento
786 589 938 621 firmaret
952 587 972 620 ¹.
1749 628 1752 634 Ι

528 642 631 674 Tunc
654 642 762 686 legati
786 641 975 674 Adelfonsi
998 641 1075 684 regi
1097 640 1237 672 Asturie
1262 646 1364 683 atque
1390 640 1540 674 Gallicie
1562 651 1687 683 pacem
1705 646 1863 683 petentes
1893 641 1968 685 regi
1992 641 2121 675 Carolo
2147 642 2297 674 maxima

440 696 532 728 dona
555 695 762 733 detulerunt,
787 704 932 737 quorum
956 693 1098 738 quidem
1123 693 1346 735 petitionibus
1369 704 1536 732 annuens,
1561 703 1621 726 eos
1643 694 1680 725 in
1704 703 1793 736 pace
1817 693 1948 727 dimisit
1960 693 1982 726 ².

529 748 593 781 His
610 755 722 780 autem
747 747 870 780 diebus
895 748 987 789 apud
1011 746 1349 789 Constantinopolim
1372 746 1620 779 Constantinus
1643 747 1732 779 filius
1756 747 1898 791 Hyreue
1923 746 2161 790 im'peratn'cis
2184 758 2204 780 a
2226 748 2296 780 suis

439 865 517 887 cum
542 856 587 888 ad
612 854 775 887 letaniam
798 854 995 896 procedens
1019 854 1063 885 de
1086 853 1270 885 Lateranis
1293 859 1458 897 pergeret
1473 864 1493 885 a
1508 853 1676 886 Romanis
1700 859 1824 896 captus
1840 860 1875 886 et
1891 854 1997 886 erutis
2024 853 2144 894 oculis,
2166 859 2205 887 ut
2219 854 2295 897 qui-

442 909 587 942 busdam
611 908 723 941 uisum
747 913 799 940 est
822 907 940 951 lingua
963 916 1101 949 quoque
1125 912 1312 948 amputata,
1336 907 1449 939 nudus
1473 917 1513 939 ac
1537 907 1724 939 semiuiuus
1746 906 1781 938 in
1814 907 2061 940 monasterium
2087 907 2208 940 missus
2235 914 2299 940 est.

439 963 576 994 Dehinc
599 963 643 994 ad
667 972 787 1005 regem
811 961 982 994 deductus
1015 966 1048 993 et
1070 960 1175 992 ualde
1198 966 1236 992 ut
1258 960 1408 993 uicarius
1431 961 1543 993 sancti
1566 960 1664 993 Petri
1693 961 1885 994 honorifice
1910 967 2092 1003 susceptus
2114 966 2150 994 et
2171 971 2251 994 eum
2265 961 2299 994 ei

441 1021 567 1048 cuncta
589 1021 821 1058 propterque
844 1019 989 1046 uenerat
1019 1013 1222 1052 intimasset,
1245 1024 1307 1046 rex
1330 1024 1391 1055 pre
1415 1013 1521 1046 nimio
1546 1012 1660 1046 cordis
1685 1014 1806 1047 dolore
1829 1014 1926 1046 fleuit
1956 1014 2139 1057 statimque
2166 1014 2300 1058 legatos

440 1080 518 1101 suos
542 1069 690 1101 Romam
721 1068 814 1100 misit
837 1073 873 1100 et
897 1077 974 1099 cum
999 1066 1133 1099 honore
1166 1077 1243 1099 eum
1267 1067 1303 1098 in
1335 1067 1450 1099 locum
1474 1077 1572 1099 suum
1602 1067 1752 1099 restituit
1763 1066 1786 1099 ³.
1833 1067 1932 1100 Sedit
1963 1073 2078 1099 autem
2102 1067 2178 1100 Leo
2207 1077 2300 1111 papa
2327 1066 2371 1112 15κ

438 1123 536 1154 annis
559 1122 639 1154 ΧΧ.
664 1122 840 1154 mensibus
856 1120 920 1153 V.⁴
936 1121 1019 1153 Rex
1041 1125 1159 1152 tamen
1175 1120 1243 1152 iter
1259 1130 1356 1152 suum
1380 1120 1476 1162 quod
1492 1120 1527 1152 in
1543 1119 1729 1153 Saxoniam
1746 1121 1864 1153 facere
1889 1121 2107 1163 disposuerat
2129 1130 2200 1154 non
2214 1120 2300 1153 omi·-

442 1177 494 1214 sit,
518 1187 596 1208 nam
614 1185 710 1208 more
727 1175 828 1208 solito
845 1179 989 1216 propter
1012 1174 1298 1207 contundendam
1322 1174 1455 1215 perfide
1471 1173 1586 1217 gentis
1602 1174 1868 1213 contumaciam,
1893 1174 2083 1207 Saxoniam
2106 1179 2302 1207 uastaturus

440 1230 579 1262 intrauit
601 1239 667 1261 nec
691 1228 826 1260 destitit
840 1228 1041 1270 priusquam
1058 1238 1178 1259 omnes
1201 1226 1369 1259 terminos
1391 1227 1465 1259 eius
1487 1233 1718 1270 peragrasset.
1767 1227 1854 1259 Nam
1871 1237 1982 1270 usque
1998 1227 2043 1259 ad
2058 1227 2198 1261 ultimos
2212 1227 2298 1260 fines

441 1284 525 1321 eius,
550 1294 618 1326 qua
640 1282 731 1314 inter
754 1281 896 1313 Albiam
920 1287 954 1313 et
977 1280 1152 1313 Wisuram
1176 1280 1299 1312 fluuios
1323 1290 1454 1312 oceano
1479 1280 1628 1319 alluitur,
1652 1279 1818 1312 accessit:
1842 1290 2032 1323 omnesque
2047 1280 2106 1323 qui
2121 1286 2217 1313 trans
2230 1280 2299 1314 La·
2346 1295 2348 1297 >
2368 1280 2377 1286 ⁴

441 1337 532 1369 biam
555 1335 714 1368 habitant
737 1335 892 1368 Saxones
915 1344 993 1366 cum
1018 1333 1218 1366 mulieribus
1233 1339 1267 1366 et
1282 1333 1473 1366 infantibus
1488 1333 1662 1366 transtulit
1678 1334 1713 1365 in
1732 1333 1917 1366 Franciam
1930 1333 1952 1366 ⁵.
2002 1333 2017 1350 “
2031 1333 2201 1367 Ultimum
2215 1343 2301 1366 uero
2323 1334 2373 1367 21’

445 1391 593 1422 “contra
616 1389 835 1421 Normannos
858 1387 916 1430 qui
939 1387 1030 1419 Dani
1060 1393 1233 1419 uocantur
1255 1386 1438 1429 piraticam
1470 1392 1677 1420 exercentes
1702 1393 1736 1418 et
1759 1386 1882 1418 maiori
1914 1387 2024 1419 classe
2056 1386 2159 1420 litora
2185 1386 2301 1420 Gallie
2369 1377 2370 1380 Ἴ

446 1446 460 1460 “
474 1448 578 1485 atque
603 1441 790 1474 Germanie
813 1446 988 1473 uastantes
1011 1440 1140 1483 bellum
1164 1440 1208 1473 ab
1232 1449 1275 1472 eo
1298 1445 1498 1482 susceptum
1522 1446 1574 1472 est
1588 1451 1625 1479 „z
1650 1439 1674 1471 ii
1698 1439 1767 1472 iam
1784 1438 1976 1472 Abodritos
1991 1439 2126 1473 uicinos
2141 1449 2220 1474 suos
2234 1438 2301 1472 sibi

443 1496 653 1539 subegerant
675 1494 892 1536 Frisiamque
916 1504 957 1526 ac
983 1491 1169 1526 Saxoniam
1186 1493 1285 1525 bellis
1307 1493 1375 1525 iam
1398 1493 1553 1536 plurimis
1577 1493 1812 1536 fatigauerant
1824 1492 1846 1526 ⁸.
1893 1493 2109 1526 Normannis
2124 1502 2215 1536 pene
2236 1491 2303 1526 sibi

441 1546 603 1583 subactis,
627 1546 774 1578 classem
798 1545 834 1576 in
857 1545 943 1578 mari
966 1543 1165 1582 constituit,'
1188 1544 1342 1587 presidia
1358 1544 1404 1576 ad
1420 1543 1655 1576 contuendum
1680 1543 1746 1576 sibi
1768 1554 1914 1587 regnum
1938 1543 2107 1586 disposuit
2128 1542 2300 1587 rebusque

441 1610 504 1642 pro
528 1609 642 1631 rerum
666 1598 981 1640 opportunitatibus
1009 1597 1183 1640 dispositis
1205 1608 1270 1640 per
1293 1598 1416 1630 oceani
1439 1597 1519 1630 litus
1547 1598 1613 1630 iter
1636 1607 1756 1640 agens,
1779 1596 1961 1630 Britonum
1984 1597 2201 1640 prouinciam
2224 1597 2299 1641 ple-
2322 1596 2374 1634 25

441 1662 585 1696 rumque
609 1652 676 1684 sibi
701 1651 927 1684 rebellantem
949 1657 1061 1684 totam
1083 1650 1232 1690 domuit;
1257 1657 1416 1694 essetque
1439 1650 1505 1683 sibi
1529 1651 1564 1682 in
1589 1651 1656 1683 fide
1680 1650 1836 1689 subacta,
1853 1650 1919 1683 nisi
1942 1650 2036 1684 illius
2057 1650 2166 1684 infide
2181 1650 2302 1694 ⁴gentis

441 1706 649 1739 instabilitas
672 1711 774 1748 atque
799 1705 946 1748 perfidia
969 1705 1040 1737 cito
1065 1705 1210 1738 aliorum
1233 1715 1330 1737 more
1353 1714 1390 1736 se
1414 1704 1517 1737 solito
1541 1709 1786 1737 commutasset
1799 1703 1821 1736 ⁷.
1869 1705 1916 1737 Et
1937 1709 2125 1747 propterea
2154 1703 2301 1738 Carolus

441 1769 503 1792 rex
526 1759 667 1792 eosdem
690 1758 851 1790 Britones
881 1757 1082 1790 tributarios
1113 1758 1218 1791 fecit:
1252 1757 1375 1801 quibus
1399 1757 1538 1790 domitis
1561 1757 1597 1789 in
1621 1757 1804 1790 Franciam
1833 1757 2033 1790 reuertitur.
2078 1757 2160 1790 Rex
2183 1762 2300 1790 autem

442 1823 520 1845 cum
544 1811 756 1856 Aquisgrani
778 1821 940 1844 reuersus
964 1817 1055 1843 esset
1077 1811 1113 1843 in
1139 1811 1271 1844 Italiam
1295 1821 1375 1843 cum
1397 1811 1557 1843 exercitu
1573 1811 1780 1843 Rauennam
1805 1815 1839 1842 et
1862 1819 1972 1853 usque
1996 1808 2180 1843 Anconam
2195 1809 2300 1843 uenit.

443 1866 579 1898 Deinde
603 1865 752 1897 Romam
783 1864 993 1907 profiscitur,
1023 1863 1141 1906 ibique
1174 1864 1364 1896 honorifice
1387 1874 1408 1895 a
1431 1862 1526 1895 clero
1551 1863 1740 1906 etvpopulo
1771 1873 1849 1894 cum
1873 1862 2002 1905 gaudio
2033 1867 2214 1905 susceptus
2234 1867 2298 1895 est.

441 1919 597 1960 Cumque
622 1918 665 1950 de
689 1917 941 1960 inuestigandis
965 1927 1032 1960 que
1054 1917 1211 1959 pontifici
1235 1917 1488 1955 obiciebantur,
1513 1915 1716 1948 criminibus
1746 1915 1965 1958 perquireret
1987 1921 2022 1947 et
2045 1915 2159 1948 nullus
2183 1924 2301 1948 eorum

442 1971 619 2004 criminum
643 1970 811 2012 probator
835 1980 909 2001 esse
932 1969 1117 2007 uoluisset3
1150 1970 1225 2013 ipse
1249 1969 1410 2012 pontifex
1433 1979 1550 2002 coram
1575 1968 1667 2001 omni
1698 1968 1828 2010 populo
1851 1968 1888 2000 in
1911 1967 2063 2000 ecclesia
2090 1967 2184 2001 beati
2207 1967 2301 2001 Petri

445 2025 490 2057 ad
513 2023 697 2066 euangelia
720 2033 757 2055 se
782 2023 953 2065 purgauit.
1000 2022 1079 2054 Rex
1103 2029 1218 2055 autem
1243 2033 1322 2055 cum
1347 2022 1405 2056 die
1429 2022 1554 2055 natalis
1577 2021 1708 2055 domini
1732 2022 1778 2054 ad
1794 2021 1975 2053 missarum
1997 2020 2166 2053 solemnia
2187 2019 2302 2053 inba-

442 2077 540 2110 silica
563 2076 657 2110 beati
682 2076 775 2108 Petri
799 2076 949 2118 apostoli
967 2086 1082 2108 coram
1101 2076 1201 2108 altari
1218 2075 1405 2114 assisteret,
1421 2076 1496 2108 Leo
1512 2085 1605 2118 papa
1629 2085 1796 2107 coronam
1812 2074 1919 2116 capiti
1943 2073 2015 2106 eius
2039 2073 2202 2116 imposuit
2217 2084 2301 2106 cun·
2364 2110 2369 2116 2

445 2136 502 2164 cto
526 2130 656 2173 populo
680 2130 841 2162 Romano
865 2129 1097 2162 acclamante:
1128 2131 1142 2147 ‘⁴
1157 2129 1284 2162 Cat-olo
1307 2128 1466 2173 Augusto
1484 2139 1503 2162 a
1518 2129 1594 2161 Deo
1618 2133 1795 2166 coronato,
1823 2137 1949 2171 magno
1965 2132 1999 2159 et
2014 2127 2164 2170 pacifico
2191 2126 2302 2171 impe-
2323 2129 2344 2159 3
2362 2165 2371 2169 r

447 2183 582 2216 “ratori
606 2183 844 2215 Romanorum
868 2182 942 2214 uita
965 2189 1000 2215 et
1022 2183 1189 2223 uittoria„
1208 2182 1230 2215 ⁸.
1276 2182 1362 2215 Post
1390 2193 1475 2226 quas
1504 2182 1626 2214 laudes
1649 2191 1745 2214 more
1769 2181 1991 2224 antiquorum
2021 2180 2232 2223 principum,
2255 2180 2300 2214 ab
2365 2175 2367 2177 ¹

442 2237 564 2269 eodem
587 2235 753 2278 pontifice
777 2235 940 2268 adoratus
963 2241 1017 2268 est
1039 2245 1082 2267 ac
1106 2235 1235 2269 deinde
1260 2235 1386 2268 omisso
1410 2234 1550 2278 patricii
1574 2235 1724 2273 nomine,
1747 2234 1937 2276 imperator
1953 2239 1988 2266 et
2004 2239 2167 2278 augustus
2184 2233 2300 2276 appel-

442 2291 530 2322 latus
554 2295 614 2321 est.
661 2288 788 2321 Filium
812 2298 896 2320 uero
920 2289 994 2320 eius
1019 2288 1178 2331 Pipinum
1202 2289 1238 2320 in
1261 2298 1381 2333 regem
1404 2288 1515 2326 unxit,
1532 2287 1631 2320 unxit
1655 2287 1761 2319 etiam
1777 2292 1812 2319 et
1826 2286 2044 2319 Ludouicum
2067 2287 2210 2319 fratrem
2227 2286 2303 2319 eius

445 2343 626 2380 minorem,
651 2341 786 2383 'quibus
809 2346 844 2372 et
870 2351 1017 2373 coronas
1039 2341 1212 2384 imposuit,
1236 2342 1392 2374 similiter
1414 2347 1449 2373 et
1472 2341 1634 2374 Carolum
1660 2340 1768 2379 unxit,
1792 2340 1853 2383 qui
1869 2339 1981 2372 maior
1995 2345 2077 2371 natu
2101 2344 2175 2372 erat
2187 2338 2210 2372 ⁹.
2257 2339 2303 2372 Et

536 2451 556 2468 1.
578 2444 700 2469 Adriani
719 2441 743 2465 C
761 2454 792 2458 —
814 2448 838 2467 2.
853 2442 1025 2474 dampnatus
1047 2442 1071 2465 C
1087 2455 1095 2459 -
1115 2441 1248 2466 Adriano
1270 2442 1293 2468 C
1312 2455 1343 2460 ——
1364 2447 1387 2472 7.
1407 2441 1564 2466 Adelfonsl
1580 2442 1603 2465 C
1615 2454 1645 2458 -
1665 2447 1705 2465 10.
1718 2440 1777 2465 Leo
1793 2441 1920 2465 Cmanca
1933 2453 1966 2457 —
1983 2446 2023 2464 11.
2036 2439 2143 2464 eructis
2164 2440 2188 2465 C
2205 2451 2237 2457 -
2261 2445 2300 2471 ¹3·

446 2489 527 2512 ualde
541 2489 698 2514 honorifice
712 2489 744 2513 ut
754 2489 879 2512 nicatius
892 2488 916 2512 C
928 2499 955 2504 —
975 2486 1062 2518 16-17.
1077 2487 1195 2510 obmisit
1208 2488 1231 2512 C
1243 2501 1271 2504 —-
1288 2486 1327 2511 18.
1338 2487 1472 2511 destituit
1485 2487 1508 2511 C
1517 2499 1548 2503 -
1561 2492 1603 2510 21.
1616 2486 1783 2519 piractIcam
1801 2486 1824 2510 C
1835 2499 1843 2503 -
1858 2485 1959 2510 littora
1975 2485 1998 2509 C
2010 2497 2042 2503 —
2057 2488 2098 2515 25.
2118 2484 2301 2517 oportuniu—

445 2533 521 2557 tibus
542 2534 566 2559 C
583 2547 615 2550 —
636 2532 678 2558 26.
699 2533 871 2558 reuelantem
896 2531 919 2556 C
935 2546 967 2548 —
989 2537 1030 2563 27.
1050 2531 1085 2555 ad
1106 2531 1242 2556 aliorsum
1257 2538 1333 2555 more
1356 2533 1379 2556 C
1391 2545 1422 2548 —
1439 2530 1481 2557 28.
1495 2531 1622 2555 bittones
1637 2531 1660 2556 C
1672 2544 1704 2548 —
1720 2537 1762 2562 31.
1777 2529 1985 2554 inuesticandis
2008 2527 2032 2553 C
2046 2542 2078 2547 —
2098 2535 2142 2561 33.
2161 2527 2300 2553 solemnia

448 2578 470 2601 C
488 2590 520 2595 —
541 2577 583 2609 36.
603 2577 672 2602 Post
692 2585 774 2609 quam
796 2578 820 2602 C

536 2638 543 2655 ¹
563 2641 596 2665 L.
616 2641 659 2669 P.‚
679 2640 713 2669 11,
740 2639 768 2664 1²³
793 2647 851 2671 sg.:
880 2638 956 2663 “....
982 2639 1056 2662 sedit
1081 2645 1146 2662 ann.
1173 2638 1234 2669 XX,
1258 2646 1293 2662 m.
1319 2645 1347 2667 v,
1490 2635 1502 2653 ⁶
1521 2638 1609 2668 lnam,
1629 2637 1643 2668 ἓ
1664 2644 1705 2670 14,
1725 2645 1751 2669 p.
1771 2641 1831 2669 450.
2362 2667 2372 2672 Ι

446 2681 507 2706 dies
526 2683 578 2706 xvi
589 2681 612 2706 ‘¹.
651 2682 695 2707 Cs.
716 2689 784 2714 pure
805 2689 850 2713 pp.
872 2688 886 2714 5
907 2689 921 2705 e
940 2680 966 2710 6,
986 2680 999 2712 ᾖ
1018 2680 1091 2705 XVI.
1490 2679 1501 2695 ⁷
1520 2680 1607 2709 ΙυΕΜ,
1627 2680 1641 2711 §
1663 2686 1703 2709 ιο,
1723 2687 1750 2712 p.
1770 2678 1831 2712 448.
2334 2685 2344 2702 1
2367 2675 2374 2697 l

535 2723 546 2740 ²
566 2724 751 2754 Eun-mimus,
771 2727 811 2755 op.
830 2724 884 2754 cit„
906 2723 919 2754 ἕ
941 2722 980 2752 16,
1001 2730 1027 2755 p.
1047 2729 1108 2754 451.
1489 2722 1501 2739 ⁸
1521 2723 1553 2747 L.
1572 2723 1616 2753 P„
1635 2722 1669 2751 11,
1691 2727 1715 2754 7,
1735 2722 1830 2747 donde
1855 2728 1882 2746 κ.
1902 2723 1971 2749 trae,
1998 2718 2057 2745 cosi
2082 2721 2192 2752 riperta
2211 2719 2237 2743 le
2256 2726 2303 2752 pa—
2359 2752 2361 2754 r

535 2763 546 2780 ³
566 2766 653 2795 Ioum,
673 2767 751 2794 idem,
770 2765 784 2797 ξ
804 2765 854 2790 28:
878 2766 881 2769 ’
1402 2764 1477 2788 rolez
1499 2767 1511 2777 ‘⁴
1524 2764 1642 2795 Karolo,
1661 2765 1793 2797 piissimo
1813 2763 1946 2795 Augusto
1960 2771 1975 2788 a
1994 2763 2055 2787 Deo
2079 2762 2228 2791 coronato,
2246 2767 2304 2785 ma·
2356 2770 2363 2780 ἐ

537 2806 548 2822 ⁴
570 2807 615 2832 Cr.
636 2809 704 2832 nota
727 2815 749 2832 1.
1404 2806 1486 2838 “gno
1507 2809 1534 2830 et
1554 2806 1674 2838 pacifico
1695 2807 1876 2838 imperatore,
1897 2805 1958 2830 vita
1978 2807 2006 2830 et
2025 2805 2193 2836 victoriat„

536 2848 546 2864 ⁵
567 2849 752 2878 Eunu-nnus,
765 2853 806 2880 op.
825 2850 879 2880 cit„
901 2849 914 2880 ἓ
935 2853 959 2880 7,
981 2848 994 2861 “
1006 2864 1058 2873 ....
1071 2849 1119 2880 qui
1134 2850 1215 2872 trans
1228 2848 1347 2872 Labi-am
1490 2847 1501 2862 ⁹
1520 2848 1607 2879 IDEM,
1627 2849 1647 2872 l.
1668 2857 1690 2873 c.
1710 2848 1723 2880 ξ
1742 2854 1826 2879 xxxv,
1840 2848 1921 2881 pai-la
1934 2847 1998 2872 solo
2024 2845 2306 2871 dellrcoronazione
2368 2870 2380 2875 ,y

451 2891 644 2916 “habitabant
654 2909 679 2923 η,
709 2892 778 2916 deve
807 2891 976 2919 intendent,
1007 2891 1020 2903 “
1034 2892 1114 2914 trans
1143 2890 1304 2921 Albiam„;
1327 2891 1347 2914 il
1402 2890 1431 2914 di
1452 2889 1540 2915 Cario
1559 2890 1639 2924 figlio
1659 2890 1687 2914 di
1709 2890 1797 2915 Cario
1817 2890 1942 2922 Magum·
1961 2897 2006 2913 ma
2024 2889 2050 2913 la
2066 2887 2236 2914 Continuam>
2250 2888 2304 2912 Ro·

449 2940 532 2965 passo
552 2934 579 2957 di
601 2933 729 2958 Einardo
749 2934 811 2958 dice
826 2933 943 2957 infatti:
965 2932 1099 2964 “....qui
1124 2934 1258 2963 utrasque
1270 2932 1349 2965 ripas
1402 2941 1481 2956 mana
1501 2933 1529 2956 di
1551 2933 1659 2963 ΡΑοιο,
1679 2935 1719 2962 op.
1740 2933 1801 2963 ciza}
1820 2930 1880 2956 cosi
1900 2932 1976 2956 dice:
2003 2931 2117 2955 “Anno
2137 2929 2196 2962 781.
2216 2929 2304 2955 Caro·
2357 2932 2385 2964 ¹*ae

451 2974 558 2998 “Albis
578 2975 704 2999 fluminis
729 2975 993 3005 incolebant....„.
1405 2973 1475 2998 “lus
1494 2981 1544 2998 rex
1563 2974 1683 2998 Romam
1705 2975 1837 2999 veniensz
1865 2974 1960 3005 ibique
1984 2973 2148 3004 baptizatus
2166 2973 2210 2996 est
2227 2971 2305 2996 filius
2358 2960 2376 2974 '⁵'
