2372 3502
495 325 826 362 Verumenimvero
855 322 977 357 mirari
1014 322 1166 370 quisque
1203 320 1349 357 desinet
1386 331 1470 356 cum
1498 317 1801 355 animadverterit
1833 317 2045 354 Estensium
2073 317 2199 363 aedes,
2236 322 2275 354 et

407 418 518 454 gazas
546 417 610 452 per
639 415 788 440 omnem
818 408 981 439 aetatem
1009 402 1127 439 Musis
1154 400 1336 446 omnibus,
1367 402 1548 449 bonisque
1578 400 1692 436 literis
1719 399 1871 444 dicatas,
1901 403 1939 435 et
1966 409 2095 435 eorum
2127 398 2276 445 potissi-

407 499 508 523 mum
535 498 621 533 ope,
650 489 759 533 atque
787 483 953 530 auspicio
982 483 1028 518 ab
1057 483 1163 519 Italia
1192 487 1317 518 nostra
1347 487 1583 518 veternosam
1611 480 1715 516 illam
1742 479 2029 527 praeteritorum
2061 484 2276 527 temporum

408 578 600 603 excussam
627 565 735 601 fuisse
762 563 986 609 barbariem,
1017 575 1135 611 eaque
1165 562 1234 600 sibi
1263 562 1412 599 dicendi
1431 567 1647 599 ornamenta
1675 572 1924 609 comparasse,
1954 560 2085 596 utiam
2106 572 2191 596 cum
2210 571 2278 597 ve-

409 647 622 684 tustioribus
648 646 737 693 ipsis
763 645 916 689 Latinis,
949 644 1177 693 Graecisque
1206 643 1456 691 Scriptoribus
1484 643 1668 689 doctrina,
1698 648 1736 680 et
1765 642 1951 689 elegantia
1970 646 2116 678 certare
2135 641 2278 689 possint

410 727 622 764 Matthaeus
649 725 847 766 Boz'ardus,
879 724 1088 761 Ludovicus
1114 725 1304 766 Areostus,
1344 724 1550 772 Torquatus
1586 724 1624 760 T
1616 736 1730 765 assus,
1758 723 1917 763 Joannes
1935 722 2109 770 Baptista
2135 721 2276 758 Guari-

408 820 485 850 nus,
516 808 639 844 Lz'lz'us
672 806 861 847 Gzraldus,
889 806 1048 845 loannes
1076 805 1248 853 Baptista
1276 805 1414 853 Pz'gna,
1442 805 1596 844 Carolus
1615 805 1802 853 Sigonius,
1825 804 2047 841 Alexander
2081 804 2119 840 T
2111 815 2272 845 assonus,

409 889 564 926 Fulvius
600 888 637 924 T
629 888 747 928 estius,
777 886 1038 923 Bernardz‘nus
1066 886 1329 928 Ramazaz'nus,
1360 886 1583 923 Francz'scus
1619 886 1657 922 T
1649 890 1761 928 ortus,
1793 893 1831 923 et
1858 886 2040 923 innumeri
2060 885 2122 922 alii
2142 885 2276 923 Esten-

406 971 498 1006 sium
525 969 671 1014 alumni,
692 981 784 1018 quos
802 980 932 1005 omnes
950 979 973 1003 a
991 967 1243 1004 Serenissimis
1261 967 1470 1004 Maioribus
1487 968 1559 1004 tuis
1578 967 1625 1003 ad
1646 968 1784 1003 eximia
1813 966 1934 1004 studia
1952 966 2172 1004 liberalitate
2194 978 2278 1014 per-

407 1056 519 1099 petua
546 1051 721 1086 invitatos
748 1061 860 1084 nemo
888 1054 943 1085 est
961 1049 1024 1097 qui
1042 1049 1197 1085 nesciat.
1253 1047 1398 1085 Eorum
1426 1049 1615 1097 exemplo,
1635 1048 1890 1086 PRINCEPS
1920 1047 2276 1094 SERENISSIME‚

404 1132 476 1168 hoc
495 1143 590 1168 aevo
619 1130 874 1166 Muratorz'um
893 1131 1017 1166 Tuum
1035 1129 1123 1165 Tibi
1145 1129 1338 1167 addictum
1366 1130 1528 1175 voluisti,
1548 1141 1644 1178 quae
1664 1136 1728 1166 tua
1758 1129 1836 1166 laus
1864 1135 1932 1176 est,
1954 1136 1991 1166 et
2009 1129 2203 1165 hominem
2230 1127 2277 1165 de

405 1213 565 1249 literaria
592 1211 813 1260 Republica,
835 1216 1049 1247 exterorum
1078 1210 1190 1247 etiam
1209 1211 1394 1259 fiequenti
1413 1211 1644 1257 testimonio,
1664 1211 1935 1247 benemeritam
1962 1210 2173 1258 patrocinio
2193 1210 2279 1246 Tuo

406 1293 510 1330 foves
537 1298 574 1330 et
602 1303 723 1329 ornas.
779 1293 940 1328 Patiatur
967 1291 1030 1328 ille
1059 1291 1106 1327 ab
1136 1291 1267 1328 amicis
1304 1292 1405 1339 apud
1437 1291 1823 1329 SERENITATEM
1851 1291 2012 1328 TUAM
2039 1293 2117 1328 sine
2145 1290 2279 1331 mode-

406 1375 497 1411 stiae
524 1374 657 1410 iniuria
683 1372 839 1418 laudari,
869 1373 931 1408 ubi
959 1372 1079 1409 nullus
1107 1371 1310 1409 adulationi
1341 1372 1458 1409 locus.
1514 1372 1638 1409 Multa
1657 1372 1834 1420 equidem
1855 1372 2033 1410 hactenus
2051 1373 2113 1410 ille
2141 1373 2181 1410 in
2198 1385 2279 1409 me—

405 1453 507 1491 dium
535 1454 723 1501 produxit,
751 1465 845 1502 quae
874 1453 1018 1489 nomini
1046 1464 1116 1489 suo
1144 1453 1405 1491 aeternitatem
1434 1452 1716 1500 comparabunt,
1745 1452 1847 1500 plura
1878 1453 1991 1489 etiam
2009 1454 2114 1502 queis
2131 1459 2279 1490 vetusta

406 1534 788 1573 SERENISSIMAE
815 1536 847 1571 F
848 1535 1080 1574 AMILIAE
1108 1534 1259 1572 TUAE
1287 1540 1507 1571 ornamenta
1540 1534 1706 1582 collegit,
1745 1540 1782 1570 et
1815 1535 1985 1572 omnium
2012 1540 2099 1572 ante
2127 1547 2167 1575 se
2194 1535 2278 1584 glo-

403 1618 496 1655 riam
522 1617 691 1653 veritatis
719 1628 847 1653 amore
876 1628 921 1653 ac
949 1615 1141 1663 diligentia
1168 1617 1374 1664 superavit3
1405 1616 1471 1652 sed
1499 1622 1700 1665 postrema,
1731 1617 1768 1652 ni
1796 1616 1916 1662 fallor,
1947 1617 2157 1655 communis
2184 1616 2279 1655 haec

403 1698 479 1734 laus
506 1697 545 1733 in
571 1696 791 1746 colligendis
816 1697 995 1734 Italorum
1021 1697 1207 1734 historicis
1235 1708 1325 1745 prae
1356 1698 1491 1735 ceteris
1529 1697 1696 1745 optanda
1732 1697 1865 1734 fuerat.
1921 1699 2081 1746 Optimo
2117 1709 2278 1747 namque

404 1778 576 1825 Principe
606 1778 759 1826 dignum
787 1789 894 1826 opus,
922 1783 961 1815 et
988 1778 1137 1815 literato
1167 1778 1263 1815 Viro
1290 1779 1521 1827 aptissimum
1550 1779 1747 1816 consilium
1775 1778 1824 1816 de
1851 1780 1984 1827 patria,
2004 1779 2052 1816 de
2077 1785 2205 1828 gente,
2233 1791 2279 1816 ac

404 1857 451 1894 de
480 1859 627 1895 natione
656 1860 826 1896 universa
851 1859 1101 1896 benemereri.
1156 1859 1292 1908 Neque
1320 1860 1418 1897 bene
1446 1859 1487 1896 id
1514 1859 1663 1907 impleri
1682 1865 1835 1907 poterat
1863 1860 1929 1897 nisi
1948 1872 2016 1908 per
2035 1860 2106 1906 Te,
2126 1860 2278 1901 SERE-

403 1938 607 1977 NISSIME
634 1939 900 1985 PRINCEPS,
928 1940 978 1977 ad
1005 1951 1117 1990 quem
1143 1940 1323 1977 adversus
1340 1940 1522 1988 temporis
1549 1941 1699 1977 iniurias
1718 1946 1774 1977 tot
1792 1941 2001 1989 Scriptores
2021 1941 2277 1990 confligerent,

403 2025 440 2057 et
467 2025 634 2067 optatam
662 2020 753 2056 olim
780 2022 990 2058 viventibus
1018 2022 1106 2069 ipsis
1133 2021 1256 2059 lucem
1285 2022 1546 2070 expectabant,
1578 2028 1615 2059 et
1646 2027 1683 2059 ut
1710 2022 1868 2060 arbitror
1896 2023 2026 2061 felices
2044 2022 2276 2073 illustresque

402 2100 589 2139 Maiorum
616 2105 765 2138 tuorum
792 2100 926 2139 Manes
952 2084 1179 2150 flagitabant,
1200 2108 1240 2139 ut
1259 2102 1460 2140 clarissima
1479 2115 1610 2140 eorum
1628 2108 1733 2151 gesta
1751 2104 1789 2139 in
1808 2103 2043 2151 Scriptorum
2065 2104 2277 2142 huiusmodi

405 2182 679 2219 commentariis
707 2187 839 2219 notata.
862 2183 998 2220 iterum
1025 2183 1277 2231 vulgarentur,
1307 2184 1499 2234 nullusque
1518 2190 1739 2232 superesset,
1759 2186 1822 2235 qui
1842 2191 2010 2233 ereptam
2029 2186 2100 2222 sibi
2127 2185 2277 2225 silentio

402 2260 551 2298 laudem
578 2262 737 2299 doleret.
792 2265 842 2301 Et
868 2276 957 2301 sane
985 2275 1051 2312 per
1080 2275 1124 2301 ea
1152 2275 1250 2313 quae
1278 2265 1456 2302 hactenus
1475 2265 1663 2303 edidimus
1681 2266 2021 2304 MARCHIONIS
2040 2266 2275 2305 ALBERTI

402 2341 543 2378 ACTII
570 2342 630 2379 vel
657 2343 852 2381 AZONIS
879 2343 1059 2393 inclytum
1078 2356 1242 2390 nomem,
1262 2352 1301 2382 et
1320 2346 1564 2393 cognationes
1582 2346 1671 2384 satis
1690 2346 1949 2394 cognovimus.
2006 2347 2277 2387 MARCHIO-

401 2421 531 2468 NEM,
559 2423 723 2471 inquam,
751 2423 983 2462 AZONEM
1010 2425 1130 2471 illum,
1158 2426 1256 2463 unde
1284 2426 1460 2465 Atestina
1487 2427 1645 2464 Familia
1672 2428 1711 2463 in
1739 2427 1830 2465 duas
1856 2433 2074 2477 propagata,
2104 2428 2274 2470 celeber-

400 2503 530 2539 rimam
557 2503 819 2542 Marchionum
846 2505 1070 2553 Estensium,
1098 2513 1136 2543 et
1162 2508 1314 2544 Ducum
1349 2508 1642 2547 Ferrariensium
1677 2521 1723 2546 ac
1759 2509 2030 2548 Mutinensium
2058 2509 2207 2558 lineam,
2234 2509 2275 2549 in

401 2582 457 2618 Te
486 2582 694 2621 felicissime
723 2585 912 2633 vigentem
942 2587 1152 2634 constituit3
1180 2593 1260 2626 tum
1288 2588 1447 2626 alteram
1483 2590 1521 2627 in
1557 2589 1762 2626 Germania
1798 2589 1915 2640 (unde
1943 2591 1983 2627 in
2011 2590 2154 2631 Italiam
2186 2603 2274 2631 cum

402 2662 659 2710 Langobardis
688 2664 779 2702 olim
806 2678 923 2714 genus
950 2672 1054 2703 tuum
1082 2668 1325 2718 migraverat)
1354 2668 1533 2707 latissima
1568 2669 1828 2709 dominatione
1865 2671 2123 2719 amplificavit,
2160 2671 2273 2711 Sere·-

402 2743 586 2780 nissimam
614 2757 748 2794 nempe
777 2747 1246 2787 BRUNSVICENSIUM
1272 2756 1439 2798 gentem,
1468 2750 1685 2789 fortitudine
1714 2763 1758 2789 ac
1787 2764 1942 2789 numero
1970 2752 2165 2792 illustrium
2190 2754 2272 2793 He-

399 2835 516 2870 roum,
546 2831 584 2862 et
610 2836 725 2874 opum
752 2828 863 2875 copia
890 2829 1232 2876 celebratissimam‚
1261 2830 1308 2867 ad
1337 2831 1498 2880 Regiam
1525 2832 1678 2871 tandem
1715 2832 1854 2870 Sedem
1880 2835 1919 2871 in
1948 2833 2087 2882 Anglia
2118 2834 2267 2880 elatam,

401 2904 462 2939 ubi
490 2904 750 2952 gloriosissime
779 2914 915 2955 regnat
941 2909 1014 2946 hoc
1042 2920 1157 2947 aevo:
1187 2910 1318 2959 Atque
1346 2911 1420 2948 hoc
1447 2913 1693 2961 praecipuum
1719 2919 1776 2951 est
1803 2914 2057 2952 nobilissimae
2085 2914 2268 2957 Familiae

1183 3071 1369 3110 ...h-
