2398 3470
220 241 295 266 Mna„
312 247 346 263 ec·
362 247 442 268 1⁵⁴-1ss
463 233 533 267 150
1225 229 1542 267 CHRONICON
2035 237 2089 272 [A.
2107 237 2141 265 C.
2163 238 2313 272 blo-81⁷]

279 789 297 803 c.
315 784 354 803 188
361 783 373 801 b

248 932 343 950 carolus
359 931 410 955 imp.

245 958 256 981 †
270 962 295 982 27
310 957 355 977 ian.
372 958 411 982 8¹⁴

277 1587 297 1601 c.
315 1582 353 1605 169
361 1587 377 1600 α,

410 2505 423 2531 5

402 2755 434 2773 10

404 2964 433 2990 15

462 302 559 312 unu-uu·-
563 303 614 311 ιιι-ιι
618 303 632 311 ιι
636 299 2306 311 ιιιι-ιιι-σιπ-ιιιΜκη--πα--ιοιι-ιιι...ηηη-...η-..ηηη..ι-.-...ιιιιηυηινκπιηιι.κηποι-ιιι.-ιι--ιιικιο-ι...ιι-ηιι-υιιιοκκσσο-Μο-ικ-κ-Μοο-ι-ι-

456 355 596 392 perator
619 349 737 382 habito
760 349 913 392 generali
939 355 1112 382 conuentu
1136 359 1211 380 cum
1230 346 1439 390 Aquisgrani
1456 347 1648 392 hyemaret,
1665 347 1876 381 Amalarium
1899 349 2154 383 Treuerensem
2176 349 2312 393 episco-

459 413 540 444 pum
564 408 599 434 et
623 403 763 435 Petrum
789 402 948 435 abbatem
974 402 1193 435 Nonantulas
1223 400 1559 443 Constantinopolim
1590 401 1682 433 misit
1712 408 1857 444 propter
1886 412 2010 445 pacem
2042 413 2121 436 cum
2153 401 2310 436 Michele

457 455 728 488 confirmandam
745 456 765 488 ¹.
790 455 890 487 Tunc
914 455 1019 488 etiam
1042 455 1148 487 filium
1172 465 1268 486 suum
1292 453 1512 487 Ludouicum
1536 453 1724 497 Aquitanie
1741 464 1871 499 regem,
1887 465 1966 487 cum
1982 456 2144 499 imposita
2166 455 2232 489 sibi
2250 465 2310 489 co-

454 518 540 540 rona
563 508 750 550 imperialis
772 508 932 548 nominis,
955 508 1020 540 sibi
1046 513 1242 540 consortem
1266 506 1364 539 fecit.
1410 506 1626 539 Bernardum
1650 512 1812 549 nepotem
1835 517 1934 540 suum
1957 508 2063 540 tilium
2080 507 2197 552 Pipini
2219 508 2312 552 regis

454 561 513 592 filii
538 561 588 593 sui
605 571 723 604 regem
741 561 918 594 constituit
933 567 968 593 et
984 561 1031 593 ad
1047 560 1280 594 contuendam
1297 560 1432 592 Italiam
1455 559 1556 592 misit.
1597 559 1668 597 Qui
1683 560 1828 593 ueniens
1843 566 1985 602 pactum
2001 572 2078 594 cum
2097 561 2311 600 GrimoaldO,

455 620 536 646 tunc
560 615 885 647 Beneuentanorum
908 614 1010 653 duce,
1034 614 1194 651 firmauit,
1218 623 1260 645 eo
1283 614 1387 646 modo
1403 623 1472 657 quo
1489 620 1524 646 et
1539 613 1684 656 Pipinus
1708 619 1809 655 pater
1832 614 1906 646 eius
1928 614 2064 647 scilicet
2079 621 2117 647 ut
2132 614 2313 648 Beneuen-

454 668 524 699 tani
548 667 713 700 tributum
737 668 883 711 singulis
899 668 998 700 annis
1014 673 1147 710 septem
1163 666 1258 698 milia
1282 666 1471 699 solidorum
1495 667 1628 704 darent,
1653 666 1748 708 quod
1772 666 1877 699 etiam
1899 667 2102 700 Ludouicus
2122 668 2312 710 imperator
2364 685 2367 689 -
2396 680 2398 691 =

454 726 573 762 postea
596 727 700 762 pacto
724 721 942 754 confirmauit
953 720 977 754 ³.
2394 711 2398 754 Τ

546 774 591 805 Et
614 774 768 806 Michael
792 773 1193 816 Constantinopolitanus
1217 772 1413 815 imperator'
1437 773 1608 816 Bulgaros
1633 773 1726 805 bello
1743 780 1913 815 appetens
1936 773 2029 806 haud
2044 774 2314 816 prosperiano·
2368 773 2371 792 ἕ

458 826 610 858 cessibus
626 825 766 860 domum
790 837 959 867 reuersus,
976 827 1135 869 deposito
1154 827 1362 864 diademate,
1379 826 1570 859 monachus
1593 826 1748 864 efficitur,
1766 826 1800 857 in
1819 826 1916 858 cuius
1933 826 2046 859 locum
2062 826 2138 859 Leo
2154 836 2314 860 armenus
2339 826 2368 860 1
2395 819 2398 829 ¹

456 878 572 912 Barde
595 880 736 922 patricii
760 881 849 913 filius
872 880 1059 923 imperator
1082 879 1317 912 constituitur.

550 932 653 966 Anno
677 934 721 966 ab
744 933 983 966 incarnatione
1007 933 1140 965 domini
1155 933 1261 966 nostri
1278 932 1356 964 Iesu
1371 932 1500 966 Christi
1516 932 1761 976 DCCCXIIIJ,
1784 932 1976 966 indictione
1993 933 2073 973 VII,
2089 933 2236 967 Carolus
2250 933 2314 966 im-

456 992 599 1027 perator
615 988 695 1019 dum
712 986 924 1030 Aquisgrani
941 987 1131 1030 hyemaret,
1149 986 1236 1019 obiit
1251 997 1343 1018 anno
1359 986 1457 1019 etatis
1472 996 1534 1019 sue
1550 986 1680 1026 LXXI,
1696 986 1794 1030 regni
1820 993 1931 1019 autem
1963 986 2100 1020 XLVII
2122 986 2313 1031 subateque

459 1039 556 1071 ltalie
580 1040 691 1073 XLII.
738 1041 791 1072 Ex
814 1050 882 1083 quo
906 1050 992 1072 uero
1016 1040 1205 1082 imperator
1228 1044 1264 1071 et
1287 1044 1451 1083 augustus
1475 1046 1527 1072 eat
1543 1039 1735 1082 appellatus
1757 1049 1850 1072 anno
1865 1038 2010 1083 X111J⁸.
2053 1041 2068 1057 “
2083 1039 2190 1073 Auxit
2210 1038 2313 1073 etim
2368 1049 2370 1051 ·

468 1094 481 1108 ‘⁸
498 1092 677 1133 <Carolus
700 1094 918 1136 imperator>
944 1092 1090 1136 gloriam
1115 1092 1214 1136 regni
1237 1092 1289 1124 sui
1313 1092 1521 1135 quibusdam
1543 1092 1684 1137 regibus
1708 1102 1749 1125 ac
1771 1091 1934 1135 gentibus
1957 1103 2021 1136 per
2045 1092 2233 1127 amicitiam
2246 1090 2314 1137 sibi
2340 1093 2354 1125 l

463 1147 477 1161 “
492 1146 695 1179 conciliatis.
719 1146 822 1179 Adeo
846 1157 994 1189 namque
1019 1146 1260 1178 Hadefonsum
1285 1145 1433 1178 Gallicie
1457 1151 1560 1188 atque
1575 1145 1717 1178 Asturie
1745 1155 1864 1189 regem
1894 1145 2064 1178 societate
2087 1144 2254 1185 deuinxit,
2277 1151 2316 1178 ut

465 1200 479 1214 ‘⁶
493 1209 572 1231 cum
594 1200 623 1231 is
645 1200 691 1232 ad
716 1211 794 1232 eum
817 1199 950 1232 litteras
972 1198 1032 1231 uel
1053 1199 1186 1242 legatos
1213 1198 1378 1238 mitteret,
1394 1209 1465 1231 non
1489 1198 1590 1231 aliter
1613 1209 1648 1231 se
1673 1198 1767 1241 apud
1782 1197 1878 1230 illum
1895 1209 1998 1242 quam
2014 1198 2194 1241 proprium
2215 1208 2314 1231 auum
2369 1218 2373 1227 .,

462 1255 475 1268 ‘⁴
485 1252 655 1294 appellari
678 1252 821 1285 iuberet.
869 1252 1052 1285 Scotorum
1069 1261 1208 1295 quoque
1223 1261 1325 1295 reges
1340 1250 1390 1283 sic
1407 1251 1529 1284 habuit
1546 1252 1591 1284 ad
1607 1262 1703 1283 suam
1731 1251 1946 1284 uoluntatem
1961 1261 2026 1294 per
2041 1250 2313 1285 munificentiam

459 1307 473 1320 ⁴⁴
490 1305 685 1346 inclinatos,
709 1312 746 1338 ut
768 1317 847 1339 eum
872 1316 1056 1348 numquam
1081 1305 1181 1338 aliter
1203 1305 1271 1337 nisi
1294 1303 1482 1344 dominum,
1508 1314 1614 1347 seque
1637 1303 1794 1337 subditos
1817 1309 1851 1336 et
1874 1314 1994 1337 seruos
2017 1304 2092 1337 eius
2112 1303 2314 1347 pronuntia·
2338 1304 2348 1312 “

461 1360 562 1391 “rent
573 1358 595 1391 ⁴.
642 1359 729 1392 Cum
752 1358 872 1392 Aaron
896 1369 979 1402 rege
1003 1358 1186 1391 Persarum
1203 1358 1272 1400 qui,
1290 1363 1439 1400 excepta
1456 1356 1568 1396 India,
1591 1363 1698 1390 totum
1722 1368 1813 1400 pene
1834 1357 1973 1390 tenebat
1999 1357 2178 1396 orientem,
2205 1357 2312 1390 talem
2347 1372 2356 1382 f

462 1412 606 1445 “habuit
629 1413 665 1445 in
689 1413 841 1445 amicitia
865 1412 1090 1445 concordiam
1115 1418 1153 1444 ut
1176 1411 1341 1449 omnium,
1365 1411 1425 1454 qui
1447 1411 1483 1442 in
1508 1417 1580 1443 toto
1603 1410 1687 1443 orbe
1703 1416 1874 1443 terrarum
1890 1416 2000 1450 erant,
2024 1420 2143 1455 regum
2158 1420 2201 1444 ac
2217 1409 2313 1453 prin-

464 1466 479 1482 “
492 1465 607 1508 cipum
631 1466 783 1499 amicitie
800 1477 878 1498 eum
893 1476 958 1498 rex
980 1466 1057 1508 ipse
1079 1470 1301 1508 preponeret,
1317 1465 1498 1507 solumque
1514 1464 1612 1496 illum
1635 1464 1767 1496 honore
1783 1474 1825 1496 ac
1841 1464 2079 1497 munificentia
2105 1463 2171 1497 sibi
2194 1463 2313 1497 colen-

461 1520 475 1535 “
490 1519 572 1551 dum
596 1520 807 1559 iudicaret„
853 1520 922 1552 Per
945 1520 1077 1563 legatos
1108 1528 1247 1562 quoque
1278 1528 1358 1551 suos
1380 1517 1472 1550 inter
1497 1523 1614 1550 uestes
1641 1524 1676 1550 et
1702 1522 1857 1550 aromata
1885 1523 1919 1550 et
1943 1523 2077 1550 ceteras
2108 1515 2312 1550 orentalium

462 1577 628 1605 terrarum
651 1583 736 1616 opes
758 1573 914 1617 iugentia
929 1572 990 1605 illi'
1007 1573 1101 1606 dona
1125 1572 1260 1611 direxit,
1284 1582 1363 1605 cum
1386 1571 1418 1603 ei
1441 1577 1522 1604 ante
1545 1581 1677 1614 paucos
1693 1581 1802 1603 annos
1818 1571 1948 1604 miserit
1972 1570 2194 1614 elephantum
2207 1580 2315 1603 unum
2366 1599 2368 1601 .

458 1625 574 1658 uiuum
598 1637 699 1669 quem
722 1627 830 1659 solum
854 1626 1017 1660 habebat.
1064 1626 1314 1668 Concessitque
1331 1624 1445 1658 eidem
1474 1624 1674 1667 imperatori
1697 1625 1964 1657 sacratissimum
1991 1624 2107 1657 locum
2122 1624 2158 1656 in
2172 1633 2242 1668 quo
2263 1628 2316 1656 est
2359 1621 2373 1638 ‘'

459 1679 650 1712 Saluatoris
680 1680 787 1712 nostri
815 1679 1046 1723 sepulchrum,
1077 1685 1114 1712 ut
1135 1678 1226 1711 illius
1249 1678 1414 1721 potestati
1443 1677 1700 1711 adscriberetur
1711 1676 1733 1709 ⁵.
1780 1677 1860 1720 Ipse
1892 1684 2006 1711 autem
2035 1677 2224 1720 imperator
2252 1686 2317 1720 per
2370 1700 2372 1702 -

457 1731 608 1776 singulos
633 1744 743 1766 annos
764 1733 913 1776 plurima
936 1733 981 1765 ad
1005 1732 1155 1765 eundem
1179 1732 1294 1764 locum
1318 1731 1466 1764 donaria
1488 1730 1682 1764 mittebant.
1735 1732 1749 1747 “
1763 1730 1994 1772 Imperatores
2017 1729 2120 1763 etiam
2143 1729 2316 1764 Constan-

462 1787 477 1801 ·‘
490 1785 710 1827 tinopolitani
727 1786 960 1828 Nicephorus‚
976 1785 1134 1817 Michael
1149 1791 1183 1817 et
1197 1784 1272 1817 Leo
1289 1784 1379 1817 ultro
1395 1784 1582 1817 amicitiam
1597 1790 1632 1817 et
1649 1783 1850 1816 societatem
1866 1782 1941 1816 eius
1956 1788 2171 1826 expetentes,
2195 1781 2316 1817 <mul-

463 1837 653 1872 “tociens>
679 1839 724 1871 ad
748 1850 826 1871 eum
851 1849 930 1871 cum
953 1837 1155 1870 muneribus
1179 1837 1376 1880 complures
1391 1837 1517 1869 misere
1534 1836 1684 1880 legatos;
1709 1847 1787 1869 cum
1810 1835 1934 1879 quibus
1956 1841 2072 1868 tamen
2094 1841 2239 1879 propter
2260 1845 2318 1868 au-
2373 1879 2376 1883 ⁸

461 1894 641 1934 “sceptum
665 1903 685 1925 a
707 1903 745 1925 se
769 1892 988 1935 imperatoris
1019 1901 1147 1924 nomen
1171 1897 1206 1923 et
1230 1891 1276 1923 ob
1298 1891 1366 1923 hoc
1391 1891 1489 1934 quasi
1513 1891 1572 1933 qui
1603 1890 1785 1933 imperium
1817 1890 1869 1922 eis
1893 1889 2030 1932 eripere
2060 1889 2178 1927 uellet,
2209 1888 2313 1922 ualde

461 1946 682 1988 “suspectum
713 1946 817 1979 fedus
846 1944 1076 1978 firmissimum
1108 1943 1237 1983 statuit,
1267 1949 1306 1976 ut
1336 1944 1430 1976 nulla
1459 1943 1550 1975 inter
1578 1949 1696 1986 partes
1723 1942 1907 1975 cuiuslibet
1940 1941 2095 1975 scandali
2122 1947 2317 1975 remaneret

462 1997 665 2031 “occasio‘.
717 1998 826 2031 “Erat
849 1998 941 2031 enim
965 1998 1001 2029 in
1025 1997 1186 2030 amicitiis
1209 1997 1339 2039 optime
1363 2002 1585 2039 temperatus,
1607 2002 1647 2029 ut
1669 2006 1728 2028 eas
1750 2002 1785 2028 et
1814 1996 1922 2029 facile
1945 1995 2144 2028 admitteret
2174 2000 2210 2028 et
2232 1999 2316 2028 con-

462 2051 691 2084 “stautissime
715 2052 906 2091 retineret„
921 2050 944 2083 ⁷.
988 2050 1150 2083 Ceterum
1177 2059 1239 2092 per
1262 2060 1364 2082 omne
1389 2049 1462 2082 uite
1484 2060 1544 2081 sue
1561 2054 1697 2091 tempus
1712 2048 1760 2081 ita
1777 2059 1855 2081 cum
1878 2058 2011 2081 summo
2035 2047 2187 2080 omnium
2199 2057 2314 2081 amore

459 2111 561 2148 atque
585 2105 706 2138 fauore
731 2111 766 2138 et
789 2104 918 2137 domini
935 2109 971 2136 et
986 2104 1075 2136 foris
1091 2109 1316 2135 conuersatus
1332 2109 1394 2142 est,
1410 2108 1449 2135 ut
1464 2113 1648 2146 numquam
1667 2102 1700 2134 ei
1714 2102 1770 2134 uel
1786 2102 1931 2134 minima
1944 2101 2070 2134 iniuste
2084 2100 2281 2134 seueritatis
2294 2112 2317 2134 a

458 2169 632 2202 quoquam
646 2158 771 2191 fuisset
786 2157 925 2190 obiecta
941 2157 1079 2200 [culpaJ.
1110 2156 1358 2200 “Religionem
1375 2155 1609 2195 christianam,
1625 2166 1694 2198 qua
1710 2155 1754 2188 ab
1770 2155 1917 2187 infantia
1929 2155 2046 2187 fuerat
2060 2154 2222 2193 imbutus,
2237 2164 2316 2187 san-
2369 2177 2371 2179 -

463 2211 638 2244 “ctissime
663 2218 696 2245 et
720 2222 798 2243 cum
821 2221 953 2243 summa
968 2210 1098 2253 pietate
1127 2209 1256 2243 coluit⁸
1280 2209 1466 2242 ecclesiam
1489 2219 1591 2241 mane
1615 2216 1648 2241 et
1671 2219 1828 2251 uespere,
1851 2209 1934 2241 item
1958 2208 2138 2241 nocturnis
2165 2207 2260 2240 horis
2280 2213 2316 2240 et

549 2330 571 2347 1.
591 2323 784 2347 Hamalarium
808 2323 831 2348 C
849 2336 882 2340 —
902 2330 926 2355 3.
945 2322 1095 2347 habbatem
1117 2322 1141 2347 C
1158 2335 1167 2339 -
1186 2322 1337 2346 Namnetis
1358 2322 1382 2347 C
1399 2334 1408 2339 -
1428 2321 1569 2346 Michaele
1588 2321 1761 2354 imperatore
1782 2322 1805 2346 C
1825 2334 1854 2338 -
1879 2327 1918 2345 12.
1946 2327 2023 2345 anno
2044 2319 2157 2345 domini
2177 2319 2202 2344 C
2219 2332 2251 2338 -·
2273 2318 2315 2345 16.

459 2366 651 2392 Adelsonsum
672 2368 698 2391 B
715 2375 728 2391 ε
749 2367 842 2395 Sass0;
869 2366 1077 2391 Hadesonsium
1099 2367 1123 2390 C
1139 2378 1149 2384 -
1168 2366 1330 2391 Asturlcem
1360 2366 1384 2390 C
1402 2379 1410 2384 -
1431 2366 1598 2390 societatem
1627 2366 1650 2390 C
1671 2379 1704 2383 —
1727 2370 1768 2397 17.
1788 2366 1812 2389 is
1838 2365 1872 2389 ad
1899 2372 1962 2389 eum
1985 2364 2008 2388 C
2025 2377 2036 2382 —
2055 2365 2204 2398 proprium
2222 2363 2314 2388 filium

458 2418 538 2436 suum
556 2412 582 2435 B
601 2420 614 2436 e
635 2412 715 2437 Sasso
735 2425 767 2430 —
789 2410 829 2435 18.
843 2410 1010 2436 Scottorum
1033 2410 1056 2435 C
1074 2425 1105 2430 -
1126 2417 1169 2443 ²4·
1188 2410 1369 2443 elephantem
1389 2411 1416 2435 Β
1434 2419 1448 2434 ι
1466 2409 1564 2441 Sasso,·
1578 2411 1603 2435 A
1615 2411 1639 2436 C
1650 2410 1833 2442 elephantum
1847 2418 1918 2435 come
1930 2410 2115 2439 minimus,
2128 2408 2143 2441 5
2157 2411 2199 2434 ιο.
2217 2421 2252 2426 -
2271 2413 2314 2440 25.

458 2457 599 2480 concessit
617 2456 644 2479 B
662 2465 676 2480 e
695 2456 776 2481 Sasso
796 2469 828 2474 —
849 2454 891 2479 26.
911 2455 1100 2480 ascriberetur
1121 2455 1145 2480 C
1163 2468 1196 2472 —
1217 2453 1258 2479 28.
1277 2454 1429 2479 Niceforus
1450 2455 1474 2479 C
1491 2468 1524 2472 --
1544 2453 1636 2488 28-29.
1659 2455 1811 2479 multocies
1824 2454 1850 2478 B
1868 2463 1881 2478 e
1903 2454 1983 2479 Susso
2004 2468 2035 2471 —
2055 2459 2099 2486 ²9·
2117 2460 2202 2485 quam
2219 2452 2316 2486 plures
2370 2470 2372 2473 .

457 2501 568 2533 legatos
588 2501 689 2525 misere
710 2501 733 2525 C
755 2514 782 2517 —
804 2507 846 2533 35.
867 2507 951 2532 quam
970 2500 1004 2524 ab
1025 2500 1153 2524 infantia
1174 2500 1198 2524 C
1216 2513 1248 2516 —
1268 2498 1311 2532 36.
1333 2499 1400 2524 item
1421 2500 1445 2523 ei
1467 2500 1495 2524 Β
1513 2508 1526 2523 e
1548 2500 1628 2524 Sasso

461 2577 539 2601 tefice
559 2584 608 2610 per
628 2583 642 2610 7
657 2578 736 2601 mesi.
767 2576 800 2600 In
821 2578 920 2608 questa
933 2577 1013 2609 parte
1027 2575 1071 2600 del
1087 2577 1161 2600 resto
1175 2582 1201 2599 R.
1215 2575 1360 2600 consonde
1504 2573 1516 2590 ⁴
1535 2575 1622 2604 lnam,
1637 2576 1714 2605 idem,
1728 2576 1741 2606 ᾗ
1755 2574 1786 2600 16
1795 2582 1831 2604 a„
1842 2575 1893 2600 che
1906 2576 1989 2608 copia
2001 2574 2060 2599 alla
2073 2574 2183 2603 lettera,
2196 2574 2316 2599 omme:

461 2620 620 2652 parecchio.
1419 2618 1431 2631 ‘⁴
1443 2618 1552 2642 Extant
1573 2618 1697 2651 epistole
1716 2618 1750 2643 ab
1768 2619 1810 2643 els
1830 2618 1865 2643 ad
1886 2618 1968 2642 illum
1988 2617 2080 2646 misse,
2099 2616 2202 2648 quibus
2220 2615 2315 2641 huius-

550 2659 558 2677 ¹
586 2662 646 2687 Vita
674 2661 825 2686 Hludovici
849 2661 959 2691 imper.;
984 2661 1025 2684 M.
1053 2661 1083 2684 G.
1104 2661 1150 2688 H„
1171 2660 1222 2685 SS.
1246 2659 1304 2684 vol.
1325 2658 1362 2688 11.
1419 2660 1432 2673 ‘⁴
1444 2660 1521 2684 modi
1543 2660 1656 2685 affectus
1676 2668 1772 2685 eorum
1792 2667 1856 2692 erga
1876 2660 1960 2684 illum
1981 2659 2127 2684 indicatur
2137 2675 2163 2689 „-

462 2706 518 2735 cit.,
540 2712 567 2737 p.
586 2703 653 2737 619:
676 2704 779 2728 “Inter
797 2710 867 2735 quas
893 2703 939 2727 vel
959 2703 1094 2736 precipua
1109 2702 1165 2726 suit
1179 2702 1362 2734 impetatori·
1507 2711 1515 2716 ·’
1535 2709 1561 2727 n.
1582 2703 1618 2726 ha
1639 2703 1668 2726 in
1689 2702 1782 2735 questi
1808 2701 1862 2727 due
1880 2701 1994 2734 periodi
2008 2701 2151 2725 invertito
2170 2699 2199 2724 la
2217 2699 2316 2732 dispo·
2367 2710 2372 2719 ·

463 2744 812 2778 “Constantinopolitani
842 2744 959 2768 nomine
984 2743 1144 2772 MichaeHs,
1169 2743 1215 2767 cui
1241 2743 1362 2767 domnus
1418 2744 1530 2768 sizione
1549 2744 1577 2768 di
1599 2744 1699 2768 alcune
1719 2744 1789 2768 frasi
1808 2744 1839 2768 di
1857 2743 1993 2768 Einardo.

465 2787 610 2812 “Karolus
630 2788 733 2812 missos
746 2788 863 2811 miserat
876 2786 1068 2810 Amallarium
1082 2785 1236 2809 Treverum
1255 2786 1364 2817 episco-
1506 2786 1517 2801 θ
1536 2787 1623 2815 IDEM,
1642 2787 1722 2815 idem,
1742 2786 1797 2811 loc.
1817 2786 1875 2814 cit„

465 2830 553 2862 “pum
572 2831 600 2854 et
619 2829 734 2854 Petrum
747 2829 914 2854 Nonantule
928 2829 1056 2852 abbatem
1070 2828 1149 2861 pacis
1171 2826 1363 2851 confir-mande
1506 2827 1517 2843 7
1537 2828 1624 2858 IDEM,
1643 2829 1721 2857 idem,
1741 2828 1755 2859 ξ
1775 2835 1817 2861 19.

465 2872 582 2904 “gratia
594 2889 616 2904 η.
1507 2868 1518 2885 ¹³
1537 2871 1621 2900 lum,
1641 2871 1716 2902 idem,
1737 2870 1751 2901 ᾖ
1772 2869 1813 2894 26.
1833 2877 1860 2895 R.
1880 2870 1952 2894 salta
1973 2869 1993 2894 ΙΙ
2015 2870 2091 2894 resto
2110 2869 2140 2893 di
2159 2868 2259 2900 questo
2272 2872 2318 2901 p&

552 2912 564 2929 ²
582 2914 669 2944 ῙυΕΜ,
688 2914 767 2943 idem,
787 2914 841 2938 loc.
861 2914 910 2938 cit.
1419 2912 1504 2937 rlodo
1524 2919 1538 2936 e
1558 2913 1635 2937 tutto
1653 2910 1700 2936 cio
1720 2911 1770 2936 che
1789 2911 1814 2935 si
1832 2911 1961 2936 riserIsce
1974 2910 2031 2935 alla
2055 2909 2225 2934 fondnlone
2243 2907 2319 2933 della
2346 2904 2379 2938 2*

549 2955 561 2971 ³
580 2956 744 2987 Enumms,
769 2960 811 2987 op.
825 2957 877 2985 cit„
891 2955 926 2987 ἓξ
940 2961 974 2987 30
986 2963 1001 2979 e
1014 2962 1056 2987 31.
1094 2954 1223 2979 Secondo
1238 2953 1364 2978 Einnrdo
1421 2951 1524 2978 Chiesa
1544 2953 1762 2986 d’Aquisgrana.

465 2999 552 3023 Carlo
572 2999 680 3031 Magno
699 2996 772 3023 morl
794 2998 838 3023 nel
861 3000 906 3031 72⁰
926 3004 1004 3022 anno
1024 2994 1098 3021 d’etit
