2398 3470
207 244 329 268 ³10...oe
340 245 403 269 ,5.56
446 227 495 265 52
808 211 810 214 ’
1027 223 1321 262 ROMUALm
1349 222 1721 259 SALERNITANI
1944 227 2030 263 [ΑΛ.
2044 236 2073 257 u.
2088 236 2112 257 ο.
2127 229 2238 257 m-c.
2253 230 2306 264 721

439 362 553 394 uictor
575 361 755 398 extitisset,
779 364 902 402 quarto
925 358 1020 401 apud
1042 357 1250 390 Bebriacum
1272 354 1396 398 prelio,
1421 365 1501 387 cum
1528 355 1831 388 animaduertisset
1861 365 1940 388 suos
1956 355 2061 394 uinci,
2078 357 2306 399 quamuisin-

439 419 562 458 gentes
585 414 704 455 copias
727 413 773 446 ad
796 412 925 445 bellum
947 412 1103 450 haberet,
1127 415 1250 452 sponte
1274 418 1350 441 sese
1372 408 1551 440 interfecit
1565 409 1593 446 ¹3
1617 408 1817 451 petentibus
1832 408 2010 448 militibus,
2025 419 2070 441 ne
2085 414 2156 442 tam
2171 410 2243 442 cito
2259 410 2304 444 de

440 467 524 500 belli
547 466 749 509 desperaret
773 471 910 498 euentu.
957 464 1056 498 Obiit
1080 470 1194 496 autem
1218 471 1359 493 xxxvm
1391 461 1492 493 etatis
1522 471 1583 494 sue
1615 472 1718 501 anno,
1748 462 1893 505 imperii*
1922 472 2007 495 uero
2037 473 2158 495 mense
2189 464 2303 496 tertio.

440 520 602 553 Vitellius
624 519 758 552 familia
780 519 947 552 honorata
963 519 1082 561 magis,
1099 527 1202 561 quam
1217 515 1326 548 nobili
1343 520 1455 552 ortus3
1479 525 1560 547 nam
1575 521 1676 558 pater
1693 516 1769 559 ejus
1784 526 1854 549 non
1869 516 2059 549 admodum
2077 516 2171 550 clare
2187 522 2304 550 natus:

438 579 509 606 tres
532 579 647 605 tamen
670 573 862 606 ordinarios
884 577 1040 616 gesserat
1063 570 1262 603 consulatus
1275 568 1297 606 ²,
1321 568 1435 600 uictor
1457 567 1608 601 Romam
1632 569 1776 601 ueniens
1798 569 1947 611 imperio
1970 570 2103 612 potitus
2125 575 2187 603 est.
2234 569 2306 603 Ubi
2353 570 2371 602 5

441 636 520 658 cum
544 626 650 658 multa
673 627 861 659 crudeliter
883 636 925 658 ac
948 624 1109 667 nequiter
1132 627 1263 666 ageret,
1287 622 1386 665 graui
1402 621 1527 654 seuitia
1550 621 1721 662 notabilis,
1739 622 1938 656 incredibili
1954 623 2057 655 etiam
2072 623 2239 667 ingluuie,
2262 633 2305 656 ac

441 680 641 713 uoracitatis
663 680 836 722 appetitu:
861 679 989 723 quippe
1014 678 1058 710 de
1082 677 1138 709 die
1162 676 1197 707 in
1220 676 1323 714 diem,
1347 685 1432 717 sepe
1453 681 1577 718 quarto
1600 675 1658 708 uel
1687 676 1810 719 quinto
1833 676 1968 708 feratur
1990 676 2150 719 epulatus
2162 676 2185 710 ³.
2233 677 2306 711 No—

440 733 571 766 tissima
593 739 688 766 certe
712 734 876 765 memorie
902 743 987 765 cena
1010 732 1047 763 in
1071 730 1235 763 mandata
1251 734 1311 768 est,
1327 729 1364 760 in
1381 739 1451 772 qua
1467 739 1570 771 super
1596 735 1732 763 ceteros
1756 735 1912 773 sumptus
1937 730 2005 763 duo
2029 730 2123 763 milia
2146 731 2305 774 piscium,

441 793 476 819 et
498 793 631 830 septem
654 787 750 820 milia
772 787 887 819 auium
909 785 1070 829 apposita
1092 784 1276 817 traduntur
1290 782 1304 801 ⁴
1333 788 1517 825 postquam
1541 783 1585 816 de
1608 783 1826 826 Vespasiano
1859 783 2040 826 comperit,
2071 784 2221 827 primum
2245 785 2306 818 de-

322 857 342 871 c.
359 857 420 876 75a.
440 851 567 883 ponere
591 840 731 873 molitus
755 846 806 872 est
829 839 1023 882 imperium,
1045 836 1179 881 postea'
1203 848 1224 869 a
1246 835 1454 879 quibusdam
1477 836 1658 877 animatus,
1682 836 1849 870 Sabinum
1872 837 2079 880 Vespasiani
2095 837 2245 871 fratrem.
2254 838 2307 871 ni-
2334 839 2372 871 10
2394 838 2398 879 ξ

438 893 509 926 chil
526 894 608 925 dum
620 892 632 912 ⁵
647 893 729 926 mali
742 893 985 935 suspicantem,
1003 902 1081 924 cum
1098 890 1223 923 ceteris
1238 889 1415 922 Flauianis
1430 889 1466 921 in
1482 889 1690 932 Capitolium
1710 890 1890 933 compulit,
1914 901 2153 934 succensoque
2176 891 2307 935 templo

441 953 476 979 et
498 947 605 979 mixta
627 946 727 979 simul
750 946 885 978 flamma
908 945 1077 987 ruinaque
1102 953 1221 977 omnes
1243 943 1280 975 in
1303 954 1410 975 unum
1433 942 1567 985 pariter
1590 943 1765 976 interitum
1796 954 1838 977 ac
1868 944 2034 977 tumulum
2068 944 2177 978 dedit.
2223 945 2309 978 Post
2393 944 2398 967 t

441 999 626 1032 deficiente
648 999 685 1031 in
708 999 911 1041 Vespesiani
934 1007 1062 1031 nomen
1085 996 1242 1030 exercitu
1265 1006 1328 1029 suo
1359 996 1555 1036 destitutus,
1586 997 2018 1041 appropinquantibusque
2046 997 2117 1041 jam
2139 997 2308 1039 hostibus,
2392 969 2398 1020 i

441 1052 599 1095 trepidus
622 1062 700 1085 cum
723 1063 759 1084 se
783 1052 820 1083 in
843 1051 1017 1095 quandam
1039 1050 1231 1093 proximam
1262 1049 1392 1091 palatio
1424 1048 1586 1081 cellulam
1620 1049 1860 1090 contruxisset‚
1891 1050 2088 1093 turpissime
2120 1051 2204 1084 inde
2226 1061 2308 1094 pro-

440 1111 582 1144 tractus,
605 1116 669 1148 per
692 1106 784 1138 uiam
808 1115 940 1137 sacram
964 1103 1077 1136 nudus
1100 1103 1295 1142 duceretur,
1319 1103 1450 1144 passim
1473 1102 1588 1134 fimum
1613 1102 1648 1135 in
1669 1113 1708 1136 os
1730 1103 1804 1147 ejus
1820 1103 2109 1147 conjectantibus,
2132 1105 2170 1137 in
2192 1104 2309 1138 forum
2337 1104 2390 1138 15.

440 1159 623 1199 deductus,
646 1165 782 1197 octauo,
806 1168 874 1203 quo
888 1158 900 1176 ⁶
923 1168 1068 1200 regnum
1091 1162 1359 1199 presumpserat,
1384 1166 1513 1199 mense,
1537 1157 1632 1199 apud
1655 1156 1844 1190 Gemonias
1870 1157 1983 1190 scalas
2005 1157 2308 1193 minutissimorum
2390 1202 2391 1208 ἵ

440 1213 569 1245 ictuum
592 1212 707 1245 crebis
730 1211 1054 1255 compunctionibus
1077 1210 1356 1250 excarnificatus,
1379 1220 1422 1242 ac
1447 1210 1577 1243 deinde
1590 1210 1602 1229 '¹
1624 1221 1716 1244 unco
1733 1216 1862 1244 tractus
1885 1217 1921 1244 et
1943 1211 1979 1244 in
1994 1211 2149 1245 Tiberim
2167 1223 2308 1253 mersus,
2360 1242 2365 1245 .

441 1266 545 1298 etiam
569 1265 742 1298 communi
765 1265 880 1298 caruit
902 1264 1079 1307 sepultura
1091 1263 1114 1296 ⁸.

294 1317 316 1357 ,ἳζ
331 1310 405 1362 {8⁷55
530 1318 632 1352 Anno
656 1319 830 1352 dominice
852 1317 1098 1351 incarnationis
1120 1317 1258 1350 LXXII
1276 1323 1311 1350 et
1326 1327 1417 1350 anno
1440 1317 1484 1350 ab
1508 1317 1594 1351 urbe
1615 1317 1759 1350 condita
1781 1318 2024 1352 DCCCXXV.
2071 1320 2310 1363 Vespasianus

438 1373 519 1405 huic
542 1372 709 1405 successit
722 1369 744 1405 ⁹.
795 1374 810 1390 ‘⁴
825 1371 892 1403 Hic
921 1371 1014 1413 apud
1045 1370 1192 1414 Judeam
1224 1370 1398 1407 Palestine
1421 1370 1609 1413 imperator
1640 1370 1685 1404 ab
1709 1371 1863 1404 exercitu
1895 1371 2090 1415 appellatus
2114 1378 2150 1405 et
2179 1372 2309 1406 bellum
2332 1366 2384 1406 20'

450 1428 465 1444 ‘⁴
478 1425 560 1458 Tito
585 1425 654 1458 filio
679 1424 935 1463 commendans,
959 1424 1033 1468 ipse
1055 1424 1204 1457 Romam
1228 1434 1292 1466 per
1314 1422 1563 1456 Alexandriam
1586 1424 1781 1468 imperator
1803 1424 2047 1467 proficiscitur,
2071 1425 2130 1469 qui
2153 1427 2308 1460 secundo

445 1480 460 1496 “
474 1479 612 1522 imperii
635 1479 709 1523 ejus
731 1488 822 1510 anno
844 1477 958 1521 Judee
982 1487 1127 1520 regnum
1150 1476 1320 1509 subuertit
1343 1477 1579 1520 templumque
1602 1477 1677 1510 solo
1699 1477 1830 1516 strauit,
1847 1484 1927 1520 post
1950 1488 2059 1511 annos
2081 1479 2192 1522 prime
2209 1480 2308 1513 hedi-

330 1550 350 1565 ι.
367 1543 411 1569 755
453 1535 467 1551 ¹⁴
480 1532 650 1565 ficationis
672 1531 965 1564 MLXXXVIIII.
1011 1530 1329 1574 Consumatumque
1359 1530 1429 1563 hoc
1452 1529 1583 1563 bellum
1606 1531 1706 1564 annis
1727 1541 1767 1564 ιν
1791 1530 1937 1570 duobus,
1962 1531 2036 1564 aliis
2058 1538 2199 1575 postea..
2236 1533 2310 1567 Ve-

446 1588 461 1604 “
475 1585 654 1629 spasianus
675 1589 787 1617 autem
810 1585 949 1617 obscure
979 1585 1114 1628 quidem
1146 1588 1255 1626 natus,
1280 1585 1343 1616 sed
1362 1585 1505 1628 optimis
1534 1587 1764 1628 comparatus,
1794 1586 1940 1627 priuata
1963 1585 2037 1618 uita
2067 1586 2222 1630 illustris,
2247 1587 2308 1631 qui

446 1640 562 1672 “inter
585 1638 654 1671 alia
675 1648 878 1681 magnorum
901 1647 1019 1680 opera,
1043 1637 1081 1670 in
1104 1637 1241 1680 priuata
1263 1637 1380 1670 adhuc
1403 1637 1475 1670 uita
1498 1637 1534 1670 in
1558 1637 1790 1677 Germaniam,
1816 1648 1858 1671 ac
1882 1638 2011 1671 deiude
2035 1638 2073 1671 in
2095 1638 2310 1673 Britannias
2331 1643 2374 1674 2

445 1694 459 1710 ¹⁴
476 1703 497 1725 a
519 1691 667 1726 Claudio
690 1691 821 1731 missus,
845 1691 963 1724 tricies
985 1697 1020 1724 et
1035 1690 1088 1724 bis
1104 1701 1183 1723 cum
1198 1691 1299 1724 hoste
1315 1691 1486 1736 conflixit:
1511 1691 1598 1724 duas
1621 1691 1850 1724 ualidissimas
1873 1697 2006 1735 gentes,
2022 1691 2149 1736 uiginti
2166 1693 2307 1736 oppida,

447 1746 617 1779 “insulam
639 1745 787 1779 Vectam
810 1744 986 1778 Britannie
1009 1744 1203 1788 proximam
1225 1755 1370 1778 romano
1394 1745 1525 1790 adjecit
1546 1744 1693 1788 imperio
1707 1744 1762 1785 „¹⁰.

1293 1856 1450 1891 Orosius:

525 1939 628 1983 Judei
650 1945 730 1982 post
751 1938 946 1982 passionem
969 1932 1098 1972 Christi
1129 1938 1281 1972 destituti
1305 1938 1339 1971 in
1363 1943 1474 1971 totum
1496 1938 1611 1983 gratia
1633 1939 1710 1979 Dei,
1736 1949 1815 1972 cum
1843 1939 2002 1972 omnibus
2025 1939 2179 1984 undique
2209 1940 2308 1982 malis
2362 1935 2364 1938 ’

439 1993 778 2032 circumuenirentur‚
802 1992 1007 2037 quibusdam
1030 1992 1065 2025 in
1088 1998 1205 2026 monte
1229 1992 1392 2026 Carmelo
1415 1992 1552 2026 seducti
1574 1992 1733 2032 sortibus,
1758 2003 1826 2037 que
1849 1993 2100 2037 portenderent
2125 2000 2308 2029 exortos-a
2358 2005 2362 2019 ἱ
2389 2004 2394 2014 ³

439 2046 550 2090 Judea
573 2046 681 2079 duces
702 2056 816 2079 rerum
839 2047 1009 2089 potituros
1032 2046 1110 2079 fore
1124 2045 1157 2085 ¹¹,
1181 2045 1216 2078 in
1239 2045 1465 2080 rebellionem
1489 2052 1689 2079 exarserunt
1716 2047 1947 2091 extinctisque
1974 2047 2125 2080 romanis
2147 2047 2307 2091 presidiis
2362 2043 2366 2079 f

439 2100 590 2143 legatum
614 2099 714 2143 Syrie
738 2099 913 2142 suppetias
935 2099 1117 2139 ferentem,
1140 2105 1240 2143 rapta
1253 2099 1278 2119 ¹²
1294 2099 1420 2143 aquila,
1438 2105 1473 2133 et
1489 2100 1580 2133 cesis
1604 2100 1725 2143 copiis,
1748 2100 1968 2145 fugauerunt.
2007 2099 2068 2134 Ad
2090 2101 2155 2134 hos
2170 2101 2307 2145 Vespa-
2362 2128 2364 2135 ,

440 2152 556 2185 sianus
578 2163 599 2185 a
621 2153 763 2186 Nerone
786 2152 908 2185 missus
930 2153 1049 2186 Titum
1071 2153 1179 2186 filium
1203 2164 1301 2186 suum
1317 2153 1483 2197 majorem
1506 2153 1597 2186 inter
1622 2153 1755 2198 legatos
1777 2154 1918 2193 habuit3
1942 2164 2023 2187 nam
2047 2153 2172 2187 multas
2195 2159 2230 2187 et
2244 2165 2307 2188 ua-

440 2204 526 2237 lidas
550 2205 703 2249 legiones
726 2216 842 2238 secum
866 2206 901 2238 in
925 2205 1062 2250 Syriam
1085 2206 1233 2250 trajecit.
1280 2207 1401 2250 Itaque
1426 2216 1505 2240 cum
1527 2206 1670 2251 Judeos,
1693 2207 1810 2241 multis
1833 2217 1952 2241 eorum
1976 2204 2115 2250 oppidis
2130 2208 2254 2250 captis,
2269 2209 2305 2242 in
2360 2222 2361 2227 ¹

529 2343 552 2362 1.
570 2337 716 2361 Periacum
734 2336 772 2365 A,
786 2336 929 2362 Beriacum
951 2336 991 2365 C,-
1008 2339 1101 2362 acceuo
1121 2337 1148 2361 la
1161 2337 1257 2362 lesione
1276 2338 1308 2361 dt
1317 2338 1355 2366 B,
1367 2337 1463 2362 beru-M
1479 2336 1569 2362 Oros-io
1587 2338 1665 2362 abbia
1678 2337 1851 2363 Bedriacum.
1875 2338 1932 2369 Qui
1946 2339 2087 2363 s'accenna
2098 2339 2128 2363 al
2143 2339 2249 2364 castello
2261 2339 2306 2364 del

438 2377 608 2406 Mar-emm,
622 2381 712 2410 prem
729 2378 754 2402 a
764 2379 851 2411 fiune
874 2378 933 2403 0120
946 2392 979 2397 -
992 2386 1017 2412 3.
1037 2386 1169 2405 xxxvnu
1185 2379 1209 2403 c:
1224 2393 1235 2398 -
1254 2379 1344 2405 ten—,10
1362 2380 1389 2404 B
1402 2379 1470 2404 c—
1485 2380 1685 2412 5.0ons01atu=
1708 2380 1731 2404 c
1747 2393 1781 2398 -
1795 2380 1820 2405 6.
1834 2380 1942 2406 sevicia
1960 2380 1987 2404 B
2000 2380 2024 2404 c
2040 2393 2073 2400 --
2093 2385 2118 2413 7·
2137 2381 2304 2407 vor-tmu-
2343 2369 2368 2415 '¹

441 2420 464 2444 C
480 2433 491 2439 -
508 2420 597 2445 fertur
620 2420 643 2444 C
659 2434 692 2439 —
705 2420 731 2447 8.
744 2421 896 2446 notissima
914 2422 989 2446 certe
1008 2428 1099 2447 coena
1118 2423 1252 2447 memorie
1271 2423 1325 2448 etc.
1348 2421 1371 2446 C
1381 2435 1415 2440 -
1432 2429 1472 2447 η.
1492 2422 1614 2447 interitu
1630 2429 1662 2447 sc
1681 2423 1790 2447 tumula
1807 2423 1832 2446 A
1845 2422 1877 2451 C,
1895 2430 1973 2455 segue
1992 2422 2020 2447 la
2038 2422 2135 2448 lenione
2152 2423 2184 2447 di
2194 2423 2232 2452 B,
2243 2431 2303 2449 con·
2351 2437 2363 2444 «-

429 2461 521 2492 forme
537 2463 574 2486 ad
596 2461 684 2487 omia
703 2476 737 2481 —
758 2469 800 2494 14.
818 2462 939 2494 quadam
963 2463 986 2487 C
1002 2476 1014 2482 -
1039 2463 1209 2489 contulisset
1227 2464 1251 2488 A
1262 2464 1300 2492 B,
1319 2463 1346 2487 la
1365 2463 1460 2489 leubae
1479 2464 1510 2488 dx·
1531 2463 1554 2488 C
1569 2464 1583 2487 ἐ
1601 2465 1681 2495 quast
1702 2463 1834 2495 consonae
1858 2464 1888 2488 al
1904 2465 2091 2490 contruslsset
2109 2465 2140 2489 dt·
2160 2463 2252 2490 Orode
2268 2478 2303 2484 —

392 2510 405 2535 5
440 2509 480 2535 15.
498 2505 528 2528 in
556 2504 579 2528 C
595 2505 626 2528 di
644 2505 736 2536 prima
758 2512 851 2529 mano.-
876 2505 938 2536 hos,
958 2505 1004 2529 l'h
1015 2504 1057 2535 fu
1080 2508 1191 2537 espunta
1211 2519 1245 2524 —-
1273 2504 1314 2531 16.
1332 2506 1450 2531 eductus
1468 2506 1495 2531 B
1513 2518 1525 2525 -
1550 2505 1721 2532 Ger-moulan
1745 2506 1790 2535 A,-
1814 2507 1907 2532 scolas
1924 2506 1947 2531 C
1966 2520 1998 2525 —
2021 2506 2062 2532 18.
2081 2508 2170 2533 eciam
2187 2506 2251 2532 Bc
2266 2519 2301 2526 -—
2343 2503 2369 2525 ἶ

440 2552 530 2578 22-23.
549 2545 736 2572 edificationis
755 2547 780 2570 B
794 2547 817 2571 C
831 2560 865 2564 —
886 2553 927 2579 ²3·
947 2553 987 2572 111
1004 2547 1029 2571 A
1050 2561 1083 2565 —
1103 2554 1145 2580 24.
1164 2549 1209 2573 set
1231 2547 1254 2572 C
1271 2561 1304 2566 -—
1331 2554 1374 2580 25.
1395 2548 1567 2574 Brittaniam
1592 2548 1619 2572 B
1633 2548 1657 2573 C
1674 2562 1707 2567 —
1728 2547 1771 2575 26.
1795 2548 1931 2575 conflexlt
1949 2550 1973 2574 A
1994 2562 2027 2567 -—
2049 2554 2092 2581 27.
2115 2549 2258 2575 Britannie
2276 2549 2304 2574 B
2345 2547 2353 2559 ³
2374 2551 2375 2554 ’

443 2587 466 2612 C
481 2601 514 2606 —
533 2594 577 2620 30.
595 2589 843 2614 circumueniretur
860 2589 885 2613 A
905 2602 938 2607 —
958 2595 1002 2622 31.
1017 2590 1195 2615 rebelliorem
1218 2590 1242 2615 C
1258 2603 1292 2609 -
1311 2597 1355 2623 3²·
1374 2591 1521 2625 suppecias
1538 2591 1566 2616 B
1578 2590 1602 2615 C
1617 2603 1629 2610 -
1646 2591 1808 2624 ruptrAB
1820 2591 1859 2620 C,-
1876 2590 1913 2622 cf.
1931 2593 1994 2616 nota
2012 2597 2043 2630 ts
2346 2595 2347 2598 ’

528 2666 536 2683 ¹
555 2667 693 2699 Onosms,
713 2668 776 2699 VH,
795 2669 821 2699 8,
839 2668 856 2694 6
876 2668 916 2701 (p.
936 2668 1010 2701 248).
1481 2669 1493 2687 ⁷
1511 2671 1605 2696 Insa:
1624 2671 1697 2696 inde.

526 2707 538 2725 ¹
556 2710 736 2741 Eunomus,
756 2710 819 2741 VII,
841 2711 874 2737 18
892 2710 932 2743 (p.
954 2710 1024 2743 128).
1482 2710 1494 2729 ⁸
1513 2712 1640 2747 Coplato
1653 2714 1710 2739 slls
1723 2713 1869 2740 letter-ds
1882 2713 2022 2744 Onosxus,
2034 2714 2097 2746 vn,
2110 2713 2135 2746 8,
2149 2713 2204 2748 57,
2221 2713 2240 2740 8
2257 2722 2272 2741 e
2284 2722 2302 2748 9
2344 2746 2346 2748 v

381 2758 412 2776 10
525 2749 537 2766 ³
556 2751 589 2775 Iu
614 2754 713 2783 questo
736 2752 826 2778 bruno
845 2760 864 2777 x
881 2754 1040 2779 accomoda
1064 2754 1163 2779 slcune
1187 2755 1285 2788 parole
1309 2755 1339 2780 dl
1394 2755 1432 2789 (p.
1453 2755 1525 2789 248).
2356 2750 2358 2752 v

438 2792 576 2824 ansrus,
595 2793 658 2823 vn,
676 2794 701 2824 8,
715 2799 730 2826 7
744 2801 760 2819 ο
778 2794 809 2818 ἀι
821 2794 1068 2825 EurnopruS‚1oc.
1087 2796 1135 2821 cit.
1166 2796 1221 2821 Dsl
1246 2797 1338 2830 primo
1482 2796 1495 2814 ⁰
1514 2799 1693 2830 Eunomus,
1714 2798 1778 2829 VII,
1801 2806 1843 2830 ¹9·
2339 2831 2342 2832 ⁷
2362 2808 2372 2816 ·

437 2835 496 2859 trae
508 2833 565 2859 fluo
577 2834 613 2859 sd
626 2835 640 2850 ²
650 2842 682 2861 sc
695 2837 824 2869 nequiter
843 2837 939 2869 ageret
948 2845 979 2868 ,ς
992 2837 1036 2862 dal
1049 2837 1172 2863 ”condo
1185 2838 1221 2864 ds
1234 2839 1248 2853 ¹¹
1257 2839 1339 2871 gravi
1472 2838 1495 2856 ¹⁰
1515 2840 1591 2866 Beda
1602 2840 1760 2874 sgglunge:
1782 2839 1796 2854 ‘³
1807 2841 1945 2867 Colossus
1958 2841 2065 2868 habens
2075 2841 2239 2867 altitudini·
2251 2847 2302 2874 pe-

440 2875 453 2890 “
462 2876 566 2901 sevitia
576 2893 590 2908 ,
609 2876 665 2902 flno
685 2878 720 2902 ad
740 2875 754 2891 ¹
765 2878 895 2911 epulatus
907 2897 931 2911 „.
1395 2882 1408 2896 ‘⁴
1418 2882 1468 2907 des
1487 2888 1551 2907 ev11
1562 2899 1586 2914 „.
2280 2914 2284 2919 Ι
2330 2893 2336 2909 x
2351 2890 2358 2905 1=

526 2915 539 2933 ⁴
559 2919 739 2949 Eunomus,
756 2920 812 2947 loc.
830 2920 878 2947 cit.
1473 2922 1493 2941 ¹¹
1516 2925 1656 2956 Onosms,
1682 2925 1745 2956 vn,
1763 2933 1789 2958 9,
1809 2931 1840 2956 ²3
1859 2933 1879 2950 a
1899 2926 2017 2952 omette=
2043 2924 2301 2960 “pr-adletumqm
2328 2924 2339 2934 ⁴
2351 2921 2365 2926 ’

381 2967 410 2993 15
525 2958 536 2976 ⁶
556 2960 695 2991 Onosws,
714 2961 777 2993 vn,
796 2963 821 2992 8,
842 2968 856 2995 7
876 2962 953 2987 dice:
973 2966 1038 2988 mam.
1394 2965 1452 2991 “ad
1470 2972 1500 2991 se
1517 2965 1664 2992 trahentes
1677 2983 1700 2998 ,.
2334 2962 2335 2965 “
2354 2969 2358 2972 ”

529 3000 541 3017 ⁶
559 3002 649 3027 Ismuc
663 3010 751 3035 quam.
1475 3005 1497 3023 ¹¹
1515 3007 1602 3039 1¹³⁸*
1619 3010 1708 3040 m
