2398 3470
138 259 213 284 Mum,
220 264 254 280 ec.
263 259 350 283 128·129

142 379 279 400 Romoaldus
293 378 357 403 filius

168 405 297 426 Grzmoaldi

190 445 209 458 c.
225 444 263 463 157
273 438 285 457 h

241 754 356 775 saburrus

206 1241 227 1255 c.
242 1235 283 1259 158
291 1240 305 1254 a

155 1433 288 1453 Uitalianus
298 1434 360 1457 papa

206 1460 219 1484 †
233 1465 266 1483 27¹
283 1460 300 1483 1,
320 1460 359 1483 627

145 1495 277 1515 Adeodatus
299 1495 359 1518 papa

203 1527 224 1542 a.
236 1522 355 1546 (ᾄδῃ-676

198 1816 278 1835 Bonus
290 1816 351 1839 papa

188 1848 208 1862 a⁴
224 1842 250 1862 C.
266 1842 352 1866 676-678

192 2020 284 2044 Agatho
296 2020 357 2043 papa

193 2053 213 2067 a.
229 2047 255 2067 C.
271 2047 357 2071 678-681

215 2099 235 2113 c.
250 2092 309 2117 158b

333 2933 366 2950 10

382 246 454 282 130
1143 237 1460 275 CHRONICON
1913 240 2001 277 [ΛΑ.
2019 240 2053 269 c.
2073 241 2228 275 ⁶72-678]

380 389 439 412 eos
462 376 645 420 proficisci.
692 374 800 408 Cuius
824 374 912 406 filius
934 371 1166 406 Romoaldus:
1198 379 1268 403 non
1292 379 1379 411 opus
1409 374 1471 407 est,
1499 368 1613 411 inquit
1643 367 1706 400 sed
1735 373 1868 401 tantum
1901 373 2035 411 partem
2062 367 2162 400 nobis
2185 367 2229 401 de

374 436 488 463 uestro
513 429 668 462 exercitu
691 427 830 460 tribuite
854 432 891 459 et
914 436 990 470 ego,
1013 427 1090 458 Deo
1114 425 1268 460 fauente,
1292 433 1369 455 cum
1393 422 1463 454 illis
1486 421 1649 465 pugnabo
1674 427 1710 454 et
1733 431 1810 454 cum
1833 421 1961 455 uicero'
1985 422 2096 454 maior
2119 420 2229 465 gloria

377 483 476 516 uobis
500 482 705 516 ascribetur:
730 481 931 522 factumque
956 484 1018 511 est.
1064 478 1222 520 Cumque
1238 482 1385 518 utreque
1409 480 1527 518 partes
1554 474 1569 491 “
1583 474 1668 507 forti
1685 474 1907 507 contentione
1923 479 2131 519 pugnarent,
2147 479 2233 506 tunc

385 537 399 553 ⁸
415 546 502 568 unus
526 536 569 568 de
593 533 905 577 Langobardorum
930 531 1096 569 exercitu,
1121 531 1180 572 qui
1203 529 1338 572 regium
1363 526 1535 560 comtum¹
1568 527 1662 560 ferre
1693 527 1814 560 solitus
1837 533 1920 566 erat,
1945 527 2119 571 quendam
2143 527 2230 560 Gre-

379 592 394 608 “
409 589 522 622 culum
544 588 667 621 eodem
692 592 804 620 comto
827 586 982 628 utrisque
1005 583 1164 616 manibus
1194 582 1334 614 fortiter
1364 581 1571 624 percutiens,
1603 580 1688 614 sella
1711 590 1816 623 super
1838 591 1940 623 quam
1967 580 2145 624 equitabat
2173 590 2231 612 su·
2278 579 2296 611 5

380 644 394 659 ‘⁴
409 642 503 674 stulit
526 650 672 683 eumque
695 640 730 671 in
754 643 835 671 aera
858 649 963 680 super
987 642 1091 678 caput
1114 646 1212 668 suum
1237 634 1376 667 leuauit.
1423 632 1530 671 Quod
1554 643 1702 666 cernens
1729 633 1923 666 Grecorum
1941 633 2123 672 exercitus,
2150 643 2232 665 mox

382 695 573 727 “immenso
596 703 726 736 pauore
748 691 963 735 perterritus,
979 690 1016 722 in
1031 689 1151 733 fugam
1169 688 1382 721 conuertitur
1398 696 1594 730 magnaque
1610 685 1768 729 pernicie
1785 696 1896 724 cesus,
1919 686 2057 730 fugiens
2075 692 2234 725 mortem,

385 749 398 765 ‘⁴
413 746 652 790 Langobardis
674 745 857 777 uictoriam
879 742 1015 786 peperit
1029 766 1058 784 „.
1104 742 1156 774 Ita
1189 740 1361 774 Saburrus
1392 741 1465 773 dux
1496 739 1672 772 exercitus
1704 739 1897 772 Grecorum
1928 749 2007 772 cum
2038 738 2159 782 paucis
2180 748 2234 771 re-

379 810 497 833 means
520 800 741 843 ignominiam
765 796 971 840 deportauit.
1017 794 1234 828 Romoaldus
1250 804 1332 826 uero
1360 799 1496 835 patrata
1511 793 1667 831 uictoria,
1683 793 1923 825 Beneuentum
1940 793 1985 825 ad
2001 799 2135 836 patrem
2150 801 2234 835 gau-

375 855 460 887 dens
484 864 562 886 cum
584 852 758 894 triumpho
781 851 949 883 remeauit
961 849 984 882 ².
1031 849 1225 891 Imperator
1248 847 1364 890 itaque
1388 846 1604 879 iracundiam
1628 846 1737 879 corde
1762 851 1969 888 conceptam
1991 846 2027 878 in
2051 856 2141 885 suos,
2163 845 2234 878 hoc
2261 845 2300 876 10

377 913 428 940 est
450 907 487 939 in
510 907 696 943 Romanos,
722 904 903 937 conuertit.
950 903 1106 945 Moxque
1142 901 1292 934 Romam
1322 900 1498 943 pertendit
1530 905 1563 932 et
1593 911 1614 932 a
1637 899 1817 932 vitaliano
1847 909 1940 942 papa
1962 898 2152 932 honorifice
2179 908 2236 930 su-

376 967 525 1003 sceptus,
548 959 658 1002 primo
683 958 822 1001 quidem
847 957 904 990 die
928 956 1053 998 optulit
1076 954 1179 987 beato
1203 953 1306 986 Petro
1329 953 1474 996 pallium
1497 963 1583 985 auro
1606 959 1748 991 textum,
1779 952 1815 984 in
1848 953 2036 985 crastinum
2067 962 2152 985 uero
2175 961 2238 994 per

378 1013 564 1047 duodecim
587 1012 769 1046 continuos
793 1010 880 1048 dies,
904 1019 990 1052 quos
1013 1008 1063 1040 ibi
1086 1007 1228 1046 resedit,
1254 1007 1381 1040 ommia
1408 1016 1476 1050 que
1492 1007 1633 1039 fuerant
1655 1005 1844 1046 antiquitus
1867 1006 1904 1038 in
1932 1011 2171 1038 ornamentum
2187 1004 2238 1037 ci-

375 1068 492 1100 uitatis
515 1078 558 1100 ex
582 1076 639 1098 ere
663 1066 819 1098 instituta
843 1063 971 1106 deponi
1000 1062 1107 1100 iussit,
1139 1062 1175 1093 in
1202 1067 1335 1094 tantum
1363 1066 1402 1093 ut
1433 1061 1539 1093 etiam
1570 1059 1750 1092 basilicam
1780 1059 1881 1092 beate
1911 1059 2024 1092 Marie
2054 1058 2239 1092 Pantheon

375 1121 566 1164 antiquitus
589 1125 749 1152 uocatam
774 1116 1026 1159 discooperiret
1048 1115 1251 1159 tegulasque
1278 1124 1322 1146 ex
1349 1123 1407 1147 ere
1431 1113 1545 1146 factas
1570 1113 1696 1146 exinde
1720 1112 1884 1151 auferret,
1908 1122 2037 1156 easque
2062 1123 2140 1145 cum
2164 1110 2238 1144 aliis
2262 1110 2302 1143 15

379 1174 587 1207 ornamentis
610 1171 946 1212 Constantinopolim
972 1169 1054 1202 inde
1070 1168 1327 1201 transmitteret.
1375 1166 1447 1206 Qui
1462 1173 1577 1199 tamen
1593 1166 1654 1199 ubi
1669 1166 1825 1199 Siciliam
1843 1166 1967 1210 attigit,
1983 1165 2143 1198 meritum
2159 1175 2240 1208 pre-

382 1228 466 1260 tium
490 1233 661 1259 tantarum
684 1224 904 1267 iniquitatum
929 1223 1001 1255 luit.
1047 1222 1137 1254 Nam
1154 1221 1308 1254 eiusdem
1324 1220 1437 1252 insule
1462 1219 1604 1252 'incolas
1630 1219 1862 1262 Calabrieque
1889 1229 1931 1252 ac
1948 1218 2109 1252 Sardinie
2137 1223 2240 1261 atque

378 1281 502 1313 Africe
526 1278 768 1312 afflictionibus
801 1283 870 1310 tam
905 1275 1115 1321 grauissimis
1150 1274 1294 1313 attriuit,
1318 1279 1356 1306 ut
1385 1283 1511 1306 uxores
1541 1284 1563 1306 a
1585 1273 1715 1305 maritis
1746 1277 1782 1305 et
1811 1272 1873 1304 filii
1905 1283 1925 1304 a
1954 1271 2156 1315 parentibus
2185 1281 2240 1304 se-

379 1333 489 1378 parati
515 1334 634 1366 duram
671 1337 877 1376 cogerentur
906 1330 1045 1373 perpeti
1078 1328 1290 1366 seruitutem,
1322 1327 1516 1370 mansitque
1547 1326 1582 1358 in
1606 1325 1726 1359 Sicilia
1754 1325 1798 1358 ab
1821 1325 2013 1358 indictione
2036 1324 2106 1358 VH
2128 1334 2239 1368 usque

378 1388 415 1420 in
439 1387 518 1420 XII.
565 1386 675 1429 Igitur
698 1386 889 1427 Imperator
923 1383 1002 1420 suis,
1025 1393 1128 1426 quam
1151 1381 1310 1414 hostibus
1332 1380 1505 1419 infestior,
1528 1391 1549 1412 a
1572 1379 1738 1412 militibus
1761 1378 1835 1417 eius
1859 1378 2019 1411 seuitiam
2041 1378 2236 1412 execranti-
2260 1378 2315 1411 20>
2361 1380 2367 1398 '¹

384 1442 447 1474 bus
469 1441 506 1472 in
527 1440 653 1472 balneo
676 1437 878 1470 interficitur
890 1435 913 1475 ³,
937 1446 1004 1468 nec
1027 1436 1133 1478 longo
1157 1441 1235 1476 post
1258 1440 1414 1477 tempore
1439 1433 1636 1466 Uitalianus
1658 1442 1752 1475 papa
1774 1432 1865 1465 diem
1895 1431 1993 1464 obiit.

471 1493 536 1526 Cui
560 1493 726 1525 successit
749 1490 953 1523 Adeodatus
975 1489 1117 1522 natione
1147 1488 1339 1525 Romanus,
1371 1498 1414 1520 ex
1445 1487 1616 1519 monacho
1648 1486 1692 1519 de
1722 1491 1821 1528 patre
1857 1484 2050 1524 Iobiniano,
2076 1484 2237 1529 seditque

383 1547 482 1580 annis
505 1547 583 1584 IIII,
610 1545 784 1578 mensibus
807 1554 845 1576 11.
892 1543 961 1575 Hic
995 1548 1110 1575 autem
1145 1541 1342 1574 mitissimus
1375 1546 1449 1573 erat
1479 1550 1520 1572 ac
1552 1539 1818 1583 benignissimus
1849 1544 1884 1571 et
1911 1544 2056 1571 cunctos
2079 1538 2240 1571 homines

382 1601 530 1634 libenter
545 1598 743 1641 excipiebat
760 1597 804 1630 ad
820 1607 857 1629 se
873 1596 1055 1629 uenientes
1070 1606 1091 1627 a
1107 1594 1237 1627 maiore
1253 1604 1362 1638 usque
1378 1593 1424 1626 ad
1447 1593 1627 1625 minorem.
1673 1591 1876 1636 Peregrinis
1891 1592 1948 1635 pie
1965 1591 2242 1635 compassionem

383 1654 582 1692 exhibebat,
599 1658 635 1685 et
650 1652 744 1695 quod
761 1650 805 1684 ab
831 1660 871 1682 eo
887 1649 1124 1692 unusquisque
1140 1647 1338 1690 postulabat
1365 1647 1439 1679 sine
1457 1645 1565 1680 dubio
1581 1645 1801 1689 impetrabat.
1834 1645 1946 1678 Huius
1962 1654 2102 1689 quoque
2117 1644 2241 1678 diebus
2263 1644 2306 1678 25

383 1714 477 1741 tante
500 1706 617 1749 pluuie
641 1706 829 1738 extiterunt
851 1709 890 1736 ut
913 1703 1026 1735 denuo
1061 1701 1238 1746 legumina
1273 1706 1499 1734 nascerentur
1522 1705 1556 1732 et
1582 1700 1628 1732 ad
1655 1699 1887 1732 maturitatem
1915 1698 2151 1741 peruenirent.
2196 1698 2243 1731 Et

384 1762 442 1794 hic
467 1760 621 1803 sepultus
645 1764 698 1791 est
720 1758 767 1791 ad
789 1758 927 1790 beatum
952 1756 1093 1789 Petrum
1106 1755 1130 1788 ⁴.

462 1814 555 1846 Huic
580 1822 666 1845 uero
698 1811 863 1844 successit
891 1811 1010 1843 Donus
1041 1809 1180 1842 natione
1211 1808 1391 1842 Romanus
1422 1818 1466 1839 ex
1496 1812 1595 1850 patre
1625 1806 1818 1845 Mauricio,
1849 1806 2011 1850 seditque
2043 1816 2151 1839 annos
2179 1803 2244 1852 (V)

382 1868 555 1900 mensibus
578 1877 612 1899 v.
636 1866 747 1898 Huius
770 1864 983 1906 temporibus
1004 1873 1122 1895 mense
1147 1867 1292 1905 augusto
1327 1862 1489 1903 apparuit
1520 1860 1621 1893 stella
1651 1859 1932 1903 splendidissima
1962 1870 1983 1892 a
2005 1865 2104 1902 parte
2127 1859 2244 1893 orien-

382 1922 436 1959 tis,
462 1932 482 1953 a
504 1920 586 1962 galli
610 1925 714 1951 cantu
738 1928 846 1961 usque
868 1927 982 1956 mane,
1005 1916 1182 1949 mensibus
1205 1925 1272 1954 111.,
1296 1915 1395 1947 cuius
1419 1914 1509 1947 radii
1537 1914 1632 1947 celos
1654 1913 1893 1956 penetrabant.
1939 1913 1985 1945 Et
2006 1912 2064 1945 hic
2091 1913 2245 1956 sepultus
2267 1913 2311 1946 30

386 1981 437 2007 est
462 1974 507 2006 ad
531 1979 685 2006 sanctum
709 1971 849 2004 Petrum
863 1970 885 2003 ⁵.
1936 1967 1940 1974 “

470 2026 646 2059 Successit
668 2031 783 2058 autem
807 2025 841 2057 ei
866 2024 1005 2068 Agatho
1029 2023 1171 2056 natione
1196 2022 1343 2060 Siculus,
1367 2021 1526 2065 seditque
1549 2021 1649 2054 annis
1672 2020 1716 2059 ΙΙ,
1740 2019 1916 2052 mensibus
1939 2029 1989 2052 vx.
2035 2019 2104 2052 Hic
2128 2025 2246 2053 autem

385 2081 556 2124 benignus
591 2079 656 2111 fuit
690 2090 731 2111 ac
762 2084 959 2111 mansuetus
986 2083 1022 2110 et
1053 2076 1210 2109 omnibus
1240 2076 1372 2121 hylaris
1401 2074 1517 2118 atque'
1549 2074 1731 2107 iucundus.
1777 2073 1884 2106 Cuius
1915 2072 2129 2116 temporibus
2157 2073 2246 2107 indi-

385 2135 498 2167 ctione
521 2139 654 2171 octaua,
678 2143 795 2164 mense
820 2132 912 2170 iulio,
938 2131 1020 2163 luna
1043 2130 1185 2174 pertulit
1208 2129 1378 2174 eclypsim
1403 2128 1585 2172 statimque
1617 2127 1807 2160 mortalitas
1834 2127 2039 2171 grauissima
2064 2126 2248 2160 subsecuta

386 2193 438 2220 est
449 2186 471 2219 ⁶.
517 2186 586 2218 Hic
611 2191 725 2218 autem
747 2184 888 2229 Agatho
912 2184 994 2217 dum
1019 2183 1356 2225 Constantinopolim
1380 2192 1484 2214 causa
1508 2180 1750 2223 componende
1774 2181 1873 2223 pacis
1887 2180 1979 2212 inter
1993 2180 2247 2224 Langobardos
2269 2179 2311 2213 35

386 2246 419 2273 et
442 2240 687 2282 imperatorem
710 2238 854 2276 ueniret,
879 2237 1017 2270 obuium
1040 2236 1160 2269 habuit
1176 2236 1212 2268 in
1230 2241 1332 2279 porta
1355 2235 1506 2268 ciuitatis
1528 2235 1713 2277 leprosum,
1729 2234 1786 2266 cui
1802 2244 1881 2266 cum
1909 2233 2064 2266 osculum
2081 2233 2246 2272 dedisset,

387 2294 503 2327 statim
528 2303 547 2325 a
569 2293 667 2334 lepra
689 2291 874 2324 mundatus
899 2296 960 2323 est.
1006 2289 1054 2322 At
1076 2300 1160 2323 uero
1192 2289 1417 2322 Grimoaldus
1447 2287 1759 2332 Langobardorum
1781 2297 1855 2326 rex,
1878 2297 1971 2320 nono
2003 2287 2061 2320 die
2083 2292 2163 2329 post
2186 2286 2248 2320 fle-

386 2354 562 2380 uotomum
587 2345 731 2387 brachii,
756 2351 901 2388 accepto
925 2354 1009 2377 arcu
1027 2343 1224 2377 columbam
1240 2342 1405 2388 sagittare
1424 2341 1526 2381 nisus,
1543 2341 1619 2375 eius
1635 2340 1774 2374 brachii
1797 2350 1889 2374 uena
1906 2340 2047 2384 dirupta
2062 2346 2123 2374 est.
2169 2340 2247 2380 Cui,

471 2490 494 2507 1.
513 2481 655 2515 proficissl
677 2481 700 2506 C
716 2493 728 2499 -
747 2480 850 2512 inquld
870 2482 912 2505 set
933 2481 957 2505 C
974 2493 1007 2499 —·
1026 2487 1052 2512 4.
1081 2481 1229 2513 comptum
1257 2480 1281 2506 C
1303 2492 1315 2499 -
1342 2479 1462 2512 quedam
1493 2479 1526 2504 C:
1553 2477 1616 2503 AB
1640 2476 1773 2509 conformi
1789 2477 1914 2509 Faunus,
1934 2477 1968 2508 V,
1987 2483 2008 2502 x
2027 2489 2059 2495 —
2080 2483 2104 2510 5.
2123 2475 2242 2502 fortiter

388 2532 481 2549 manca
502 2525 527 2548 Β
543 2532 557 2547 e
575 2523 668 2553 Sars-03
689 2523 850 2555 percutiens
871 2522 895 2546 C
913 2536 944 2541 -
966 2528 990 2555 7.
1012 2523 1150 2546 immenso
1170 2522 1248 2547 Sasso
1267 2535 1299 2540 —
1321 2528 1363 2546 12.
1382 2521 1490 2546 obtulit
1510 2521 1537 2545 B
1553 2527 1567 2544 e
1586 2519 1664 2545 Sos-so
1682 2533 1692 2538 -
1710 2527 1779 2544 uero
1798 2521 1826 2544 et
1845 2526 1895 2552 per
1914 2519 2064 2544 duodecim
2084 2518 2145 2544 dies
2166 2519 2192 2545 C
2207 2532 2241 2536 —

392 2571 432 2598 ις.
450 2567 576 2599 tegulam
597 2567 634 2594 C}
654 2566 678 2590 A
690 2567 717 2590 Β
735 2572 803 2589 come
816 2565 940 2595 Pauus,
954 2564 988 2594 V,
1007 2571 1040 2589 xx
1059 2578 1068 2583 -
1086 2564 1216 2589 aufferret
1236 2565 1260 2590 G
1278 2577 1310 2582 -
1335 2563 1374 2589 16.
1395 2564 1551 2595 attIngeret
1570 2563 1596 2589 C
1612 2576 1645 2580 —
1662 2569 1702 2595 19.
1717 2563 1854 2595 cogentur
1868 2561 1936 2587 ε·-
1950 2560 1992 2586 28.
2005 2562 2092 2586 annis
2104 2560 2155 2586 Be
2167 2560 2245 2587 Sam

390 2623 422 2627 —
442 2616 484 2641 33.
504 2615 537 2633 ac
556 2608 687 2632 omnibus
705 2607 728 2632 C
744 2621 754 2626 -
773 2607 912 2632 ineundus
928 2608 952 2633 C
970 2621 1002 2625 —
1021 2614 1064 2639 34.
1078 2607 1151 2639 VHJ.
1173 2607 1198 2633 C
1209 2621 1218 2625 -
1236 2607 1368 2640 eclipsim
1383 2607 1406 2632 C
1424 2620 1457 2625 —
1477 2604 1519 2639 36.
1534 2605 1650 2630 oculum
1670 2605 1794 2630 dedisset
1809 2605 1834 2630 C
1851 2617 1884 2623 -
1897 2603 1986 2638 37-38.
2004 2604 2209 2629 flevothomum
2222 2603 2248 2630 C

480 2711 488 2727 ¹
509 2712 632 2742 Faunus,
654 2712 709 2736 loc.
728 2712 785 2740 cit.,
803 2711 828 2735 Il
847 2710 918 2736 Cod.
934 2711 1117 2743 Bambergese
1129 2711 1161 2743 E,
1182 2711 1230 2741 111,
1253 2718 1292 2744 14,
1348 2711 1410 2736 dies
1429 2717 1483 2743 νη.
1504 2709 1566 2735 Cs.:
1591 2710 1671 2735 Gesta
1690 2711 1868 2742 episcoporum
1881 2708 2128 2741 Neapolitanorum,
2146 2707 2225 2734 Pars.
2238 2713 2251 2732 1
2352 2608 2381 2756 ἔ

392 2755 437 2779 del
457 2755 552 2780 secoio
572 2755 620 2785 XI,
639 2762 719 2780 come
738 2757 847 2779 annota
866 2754 980 2783 Wurz,
993 2757 1033 2786 op.
1047 2754 1100 2783 cit„
1114 2762 1140 2787 p.
1158 2761 1215 2787 149,
1229 2762 1292 2787 sog·
1350 2752 1431 2785 (ediz.
1445 2753 1611 2782 Warrzsllcl.
1627 2752 1659 2777 G.
1673 2751 1709 2776 E
1723 2751 1773 2776 SS.
1793 2751 1862 2782 RR„
1879 2750 2142 2783 Langobardicamm
2158 2749 2251 2775 etBa-
2363 2748 2381 2783 li·

391 2798 512 2829 giunge:
533 2796 641 2829 “quam
662 2797 748 2829 vulgo
768 2797 894 2821 vandum
914 2797 989 2829 regis
1009 2797 1117 2821 dicitur
1127 2813 1152 2828 „.
1348 2796 1472 2825 licamm,
1492 2797 1550 2824 cit.‚
1574 2803 1601 2827 p.
1621 2801 1688 2827 419:
1715 2793 1803 2819 “Hoc
1822 2795 1949 2826 tempore
1971 2794 2052 2818 tante
2070 2792 2169 2825 pluvie
2187 2794 2249 2818 tsn-
2280 2797 2310 2824 ις
2364 2777 2377 2816 a*

480 2837 492 2854 ²
511 2839 596 2867 IDEM,
617 2839 671 2863 loc.
690 2840 740 2863 cit.
759 2846 778 2863 R
803 2839 849 2863 nel
874 2838 1020 2871 principio
1039 2838 1150 2863 inverte
1169 2838 1293 2863 l'ordine
1351 2838 1461 2870 “taque
1490 2838 1621 2862 tonitrua
1649 2837 1783 2861 ruerunt.
1795 2855 1800 2861 .
1813 2836 1888 2861 ..Eo
1918 2843 1994 2860 anno
2022 2835 2168 2867 legumina
2169 2851 2249 2864 .....
2364 2831 2375 2862 Ξ

393 2880 438 2904 del
457 2881 586 2913 capitolo
607 2882 634 2905 di
655 2880 769 2910 Paulus,
790 2881 875 2912 copia
889 2880 1098 2905 letteralmente
1117 2881 1147 2904 in
1168 2882 1247 2914 parte
1259 2880 1293 2905 ed
1351 2880 1365 2894 ‘¹
1376 2882 1479 2905 lterum
1497 2881 1607 2909 renata,
1627 2879 1661 2904 ad
1676 2879 1871 2904 maturItatem
1884 2885 1972 2909 usque
1991 2877 2127 2909 perducta
2146 2878 2215 2902 sunt
2224 2895 2249 2910 ,μ
2356 2863 2377 2929 ἓ

393 2922 424 2946 ln
445 2924 524 2955 parte
544 2925 628 2947 sunta
647 2930 729 2948 verso
750 2923 778 2948 la
796 2923 859 2947 fine.
1437 2922 1448 2940 ⁵
1466 2922 1498 2947 L.
1517 2922 1559 2951 1⁹.,
1579 2921 1600 2951 Ι,
1620 2920 1686 2954 348:
1707 2921 1720 2936 “
1732 2921 1806 2946 sedit
1819 2927 1886 2945 ann.
1900 2926 1920 2950 1,
1935 2927 2021 2944 mens.
2042 2927 2070 2951 v,
2088 2919 2150 2944 dies
2167 2926 2196 2944 x.

482 2962 494 2980 ³
514 2965 601 2995 IDEM,
619 2965 652 2994 V,
671 2972 712 2990 xx.
1437 2961 1448 2979 ⁶
1467 2963 1553 2995 IDEM,
1568 2963 1589 2992 Ι,
1603 2969 1669 2996 350:
1753 2963 1827 2988 sedit
1837 2969 1903 2987 ann.
1913 2968 1947 2993 τι,
1957 2968 2036 2986 mens
2046 2967 2087 2991 v1,
2099 2962 2158 2986 dies
2168 2967 2249 2994 mh.
2365 2957 2378 2993 ξ

482 3004 495 3021 ⁴
515 3006 544 3031 L.
563 3006 602 3036 R,
623 3006 643 3035 Ι,
656 3005 708 3038 346
721 3014 736 3031 e
749 3012 815 3039 347:
831 3005 845 3019 “
858 3026 862 3031 .
875 3025 880 3031 .
892 3025 898 3031 .
912 3025 917 3031 .
931 3007 1006 3031 sedit
1020 3013 1084 3031 ann.
1099 3011 1156 3038 111J,
1170 3013 1256 3031 mens.
1269 3012 1293 3031 11
