2398 3470
137 336 229 380 regis
251 336 420 375 Heinrici‚
443 337 479 369 in
501 337 616 369 anima
639 337 714 369 eius
737 348 843 380 supra
864 345 984 371 sancta
1007 340 1073 372 Dei
1097 339 1281 383 euangelia
1305 345 1338 372 et
1359 339 1525 383 reliquias
1546 339 1686 378 iurauit,
1709 339 1805 382 quod
1830 340 1905 381 ipse
1920 349 1982 371 rex

138 389 325 423 Heinricus
347 399 470 431 pacem
493 389 641 422 ecclesie
664 395 699 422 et
721 390 871 432 imperii,
894 392 985 424 sicut
1009 404 1029 424 a
1051 399 1150 435 patre
1173 403 1234 425 suo
1258 392 1368 424 iurata
1392 393 1518 431 fuerat,
1543 399 1578 425 et
1600 403 1723 435 pacem
1747 393 1840 436 regis
1863 392 1982 425 Sicilie

134 452 243 486 usque
266 442 311 475 ad
333 451 443 475 annos
466 441 686 485 quindecim,'
710 448 746 475 et
767 448 931 486 treuguas
954 445 1226 478 Lombardorum
1252 455 1359 488 usque
1383 447 1427 478 ad
1451 457 1509 478 sex
1532 456 1651 484 annos,
1674 446 1765 479 bona
1795 446 1875 484 fide,
1907 447 1979 479 sine

134 496 260 529 fraude
284 502 319 528 et
341 495 432 529 malo
455 495 594 540 ingenio
618 495 764 528 firmiter
785 495 998 530 obseruaret.

63 574 78 598 5
92 549 112 583 5
223 548 505 582 Aduenientibus
527 554 643 581 autem
659 548 787 591 uigiliis
802 550 1048 592 assumptionis
1064 551 1165 584 beate
1182 551 1346 594 Uirginis,
1363 562 1430 594 que
1448 563 1490 585 eo
1505 559 1661 595 tempore
1678 553 1712 584 in
1730 553 1787 586 die
1805 553 1981 586 dominico

63 599 81 640 ’χ
134 602 362 640 aduenerant,
385 600 584 634 Alexander
600 612 692 644 papa
709 611 787 633 cum
805 602 979 644 episcopis
994 604 1063 635 suis
1079 610 1113 635 et
1129 604 1374 642 cardinalibus,
1393 616 1469 636 cum
1486 605 1692 647 patriarchis
1707 606 1981 648 archiepiscopis

78 667 79 671 ’
133 655 309 698 episcopis
330 661 367 688 et
388 655 570 688 abbatibus
592 654 798 687 Alamannie
821 655 1034 688 Lombardie
1058 662 1093 688 et
1117 657 1256 693 Tuscie,
1284 668 1362 689 cum
1394 658 1602 700 imperatore
1634 665 1670 691 et
1700 659 1789 691 duce
1820 659 1981 698 Uenetie,

133 717 214 741 cum
235 707 366 740 nuntiis
387 708 481 751 regis
503 707 623 741 Sicilie
647 714 682 740 et
704 717 828 750 magna
852 708 972 750 populi
996 709 1219 741 multitudine
1243 709 1280 741 in
1308 710 1458 742 ecclesia
1490 711 1580 743 beati
1612 711 1725 743 Marci
1758 712 1982 752 conueniens,

133 761 313 803 solempne
334 760 466 793 ibidem
489 761 677 794 concilium
700 760 902 793 celebrauit.
949 761 1063 793 Dictis
1085 761 1203 804 itaque
1228 763 1445 795 orationibus
1469 770 1503 795 et
1529 764 1664 796 letaniis
1687 771 1720 797 et
1743 765 1831 803 aliis,
1855 775 1922 808 que
1939 766 1983 798 de

3 805 5 812 ’
58 814 113 848 “⁰⁵
133 824 228 847 more
251 814 286 845 in
311 813 462 847 concilio
484 820 563 846 sunt
586 814 747 852 dicenda,
771 819 806 846 et
829 813 935 857 longo
958 824 1118 846 sermone
1142 815 1184 847 de
1207 825 1296 857 pace
1320 815 1450 854 habito,
1474 816 1673 850 Alexander
1696 828 1787 860 papa
1818 819 1984 851 candelas

133 877 299 902 accensas
321 867 525 910 imperatori
549 873 583 900 et
607 867 744 900 clericis
767 873 803 900 et
825 867 946 911 laycis,
971 867 1031 911 qui
1054 868 1104 900 ibi
1129 868 1282 906 aderant,
1308 869 1383 900 dari
1407 870 1575 912 precepit.
1623 871 1668 902 Et
1691 871 1764 912 ipse
1789 881 1983 904 excommu-

134 921 317 954 nicationis
339 920 484 953 formam
510 920 578 954 hoc
601 921 705 954 modo
729 921 927 963 proposuit:
962 921 977 937 ⁴⁴
992 921 1065 953 Nos
1096 931 1139 953 ex
1171 926 1270 963 parte
1298 921 1363 953 Dei
1395 922 1642 964 omnipotentis
1674 929 1707 954 et
1741 923 1841 956 beate
1873 925 1984 957 Marie

138 976 304 1016 “semper
325 973 472 1017 uirginis
494 980 529 1006 et
553 974 731 1006 beatorum
755 973 989 1016 apostolorum
1012 973 1109 1006 Petri
1133 979 1169 1006 et
1191 973 1290 1005 Pauli
1314 980 1348 1006 et
1371 975 1526 1007 omnium
1558 982 1754 1008 sanctorum
1786 987 1982 1009 excommu-

137 1026 322 1060 “nicamus
344 1033 379 1059 et
404 1037 424 1059 a
447 1027 578 1070 gremio
600 1027 718 1060 matris
740 1027 891 1060 ecclesie
915 1037 1114 1070 separamus
1147 1037 1267 1059 omnes
1297 1038 1464 1069 personas
1493 1033 1563 1060 tam
1595 1029 1848 1062 ecclesiasticas
1879 1041 1982 1072 quam

47 1081 111 1115 ³15
140 1081 352 1118 “seculares,
375 1090 593 1124 quecumque
616 1090 751 1123 pacem,
773 1091 841 1124 que
864 1081 957 1113 inter
979 1080 1163 1113 ecclesiam
1188 1087 1224 1114 et
1246 1080 1429 1122 imperium
1453 1080 1558 1113 modo
1581 1081 1676 1114 facta
1704 1088 1763 1120 est,
1794 1089 1830 1115 et
1860 1094 1982 1126 pacem

139 1133 260 1177 “regis
283 1133 403 1166 Sicilie
426 1143 536 1176 usque
559 1134 606 1166 ad
628 1143 737 1167 annos
760 1133 971 1176 quindecim,
994 1139 1030 1166 et
1055 1139 1220 1177 treuguas
1250 1132 1527 1166 Lombardorum
1559 1144 1667 1177 usque
1698 1135 1742 1166 ad
1772 1146 1882 1168 annos
1912 1147 1981 1174 sex,

140 1186 284 1230 “aliquo
308 1185 414 1219 modo
438 1186 633 1220 disturbare
657 1187 713 1220 uel
743 1187 915 1229 impedire
945 1186 1229 1229 presumpserint.
1275 1187 1321 1219 Et
1351 1187 1442 1218 sicut
1472 1187 1516 1219 he
1549 1188 1696 1220 candele
1728 1188 1980 1231 extinguuntur,

140 1240 220 1273 “sic
242 1250 360 1273 eorum
384 1240 499 1272 anime
523 1246 642 1272 eterne
666 1240 807 1273 uisionis
829 1240 961 1272 lumine
986 1247 1021 1273 et
1036 1240 1194 1273 claritate
1210 1240 1393 1283 priuentur
1407 1263 1436 1281 „.
1482 1239 1650 1284 'Cumque
1667 1242 1812 1274 candele
1826 1243 1980 1284 proiecte

40 1330 45 1339 1
135 1300 249 1327 essent
271 1293 316 1325 de
339 1292 499 1326 manibus
522 1299 557 1325 et
579 1293 744 1332 extincte,
766 1294 957 1336 imperator
979 1293 1049 1326 alta
1071 1303 1160 1326 uoce
1185 1303 1262 1326 cum
1294 1293 1386 1326 aliis:
1425 1295 1439 1310 ‘⁴
1453 1294 1543 1332 Fiat,
1574 1295 1631 1326 fiat
1648 1318 1675 1334 „‚
1707 1296 1837 1337 pariter
1868 1296 1984 1328 accla-

36 1339 48 1381 ᾗ
68 1347 112 1380 20
133 1346 242 1379 mauit
255 1345 276 1379 ¹.
322 1346 452 1389 Sicque
475 1346 661 1379 concilium
686 1346 897 1379 celebratum
921 1352 975 1379 est
998 1352 1033 1379 et
1056 1346 1215 1380 solutum.

222 1399 276 1432 Eo
298 1404 414 1432 autem
438 1399 495 1432 die
519 1399 628 1432 nuntii
652 1399 745 1443 regis
769 1399 902 1438 Sicilie,
925 1405 1072 1442 accepta
1101 1411 1122 1432 a
1153 1410 1245 1442 papa
1276 1406 1310 1432 et
1341 1399 1551 1442 imperatore
1581 1400 1732 1439 licentia,
1765 1412 1843 1434 cum
1874 1401 1985 1446 galeis

133 1452 204 1486 suis
225 1452 273 1485 ad
294 1452 538 1485 monasterium
562 1453 671 1485 sancti
695 1452 845 1496 Nicolay
868 1453 928 1495 qui
957 1455 971 1470 ‘⁴
984 1453 1031 1485 ad
1054 1452 1133 1485 litus
1146 1477 1161 1493 „
1190 1453 1329 1492 dicitur,
1357 1460 1600 1496 peruenerunt.
1647 1453 1832 1487 Celebrate
1855 1454 1982 1488 ibidem

134 1506 227 1539 festo
251 1505 415 1549 Uirginis,
439 1505 548 1538 altero
571 1506 629 1538 die
651 1505 870 1539 Adriaticum
893 1517 987 1538 mare
1010 1506 1191 1544 intrantes,
1215 1517 1298 1539 aura
1326 1507 1430 1539 flante
1462 1507 1628 1545 secunda,
1659 1517 1751 1540 nono
1785 1508 1841 1540 die
1873 1514 1983 1540 stante

42 1592 46 1594 .
133 1559 261 1592 mensis
283 1558 443 1601 Augusti,
465 1559 541 1591 sani
558 1565 592 1591 et
608 1559 800 1592 incolumes
815 1569 893 1592 cum
910 1559 1069 1592 omnibus
1083 1560 1153 1593 suis
1170 1559 1332 1592 Barolum
1344 1560 1356 1577 ²
1372 1560 1638 1593 descenderunt.
1685 1561 1982 1603 Archiepiscopus

69 1611 112 1647 25
134 1612 252 1655 itaque
276 1618 313 1645 et
335 1621 452 1645 comes
474 1611 684 1656 Roggerius,
708 1612 962 1645 communicato
993 1613 1151 1652 consilio,
1182 1613 1339 1646 nuntium
1370 1624 1468 1646 suum
1500 1623 1577 1645 cum
1608 1613 1732 1646 litteris
1762 1614 1797 1645 in
1829 1614 1981 1646 Siciliam

38 1659 39 1665 ¹
135 1665 350 1702 direxerunt,
372 1665 512 1698 modum
535 1671 571 1698 et
592 1665 753 1698 ordinem
776 1671 872 1709 geste
896 1666 994 1708 pacis
1015 1666 1090 1710 regi
1112 1667 1270 1708 plenarie
1293 1666 1537 1710 significantes.
1584 1666 1629 1698 Et
1652 1667 1720 1699 hoc
1745 1667 1850 1707 facto,
1867 1677 1983 1700 comes

134 1717 305 1751 Andriam
328 1717 442 1756 rediit,
466 1718 749 1761 archiepiscopus
772 1725 885 1752 autem
910 1719 1093 1752 Salernum
1115 1719 1220 1752 uenit.
1267 1719 1346 1753 Rex
1360 1729 1444 1752 uero
1461 1730 1503 1752 eo
1520 1726 1641 1752 tenore
1658 1720 1845 1753 litterarum
1862 1731 1983 1763 pacem

135 1771 266 1804 factam
288 1778 324 1804 et
345 1772 490 1805 iuratam
514 1782 588 1805 esse
612 1782 839 1815 cognoscens,
864 1773 987 1805 letatus
1011 1778 1062 1805 est
1091 1773 1195 1806 ualde
1227 1778 1264 1806 et
1293 1783 1357 1816 per
1387 1773 1518 1806 litteras
1548 1784 1626 1806 suas
1655 1774 1918 1816 archiepiscopo
1950 1780 1986 1807 et

47 1862 50 1868 ,
135 1825 254 1858 comiti
278 1825 376 1858 dedit
397 1826 434 1857 in
456 1825 637 1863 mandatis,
660 1831 697 1858 ut
718 1826 765 1858 ad
788 1837 867 1858 eum
889 1826 1016 1859 festino
1032 1837 1152 1871 gressu
1168 1826 1201 1858 in
1219 1826 1375 1860 Siciliam
1401 1833 1641 1870 properarent.
1689 1827 1820 1870 Sicque
1851 1827 1982 1860 factum

43 1898 47 1900 v
70 1880 112 1912 30
136 1884 199 1918 est,
222 1879 317 1922 quod
339 1879 623 1921 archiepiscopus
645 1885 680 1912 et
703 1890 822 1912 comes
843 1885 940 1912 sexto
964 1879 1022 1912 die
1046 1879 1196 1912 intrante
1220 1880 1346 1912 mensis
1370 1880 1580 1913 Nouembris
1603 1880 1809 1913 Panormum
1825 1881 1983 1926 ingressi,

35 1930 38 1931 ⁷
135 1943 157 1965 a
179 1932 326 1965 dominis
349 1938 384 1964 et
406 1931 638 1965 familiaribus
661 1933 756 1965 curie
780 1938 816 1965 et
837 1933 980 1976 reliquis
1002 1933 1218 1976 magnatibus
1240 1933 1428 1966 honorifice
1452 1939 1531 1966 sunt
1551 1934 1714 1975 suscepit.
1761 1934 1883 1966 Altera
1898 1944 1982 1966 uero

136 1985 193 2018 die
217 1995 333 2018 coram
356 1985 617 2028 magnificentia
638 1986 737 2029 regia
759 1986 949 2024 uenientes,
972 1985 1004 2018 ei
1027 1997 1048 2018 a
1070 1986 1243 2029 principio
1267 1997 1376 2029 usque
1393 1987 1439 2019 ad
1454 1987 1558 2018 finem
1575 1987 1679 2019 totius
1695 1987 1827 2030 negotii
1843 1987 1982 2020 modum

134 2045 169 2072 et
191 2038 314 2072 seriem
337 2038 536 2081 plenissime
560 2038 763 2078 retulerunt,
787 2044 823 2072 et
844 2038 1070 2084 'priuilegium
1094 2050 1185 2082 pape
1209 2040 1402 2073 Alexandri
1426 2046 1460 2072 et
1483 2040 1702 2082 imperatoris
1733 2040 1776 2072 de
1808 2050 1896 2083 pace
1927 2041 1981 2072 ia-

137 2097 231 2125 ctum
253 2097 289 2124 et
311 2092 509 2125 roboratum
535 2091 661 2131 eidem,
685 2092 754 2124 suis
777 2092 1004 2125 familiaribus
1026 2092 1253 2135 presentibus,
1276 2093 1504 2136 assignarunt.
1550 2093 1630 2125 Rex
1653 2093 1758 2136 igitur
1789 2104 1833 2125 ex
1864 2100 1983 2126 tenore

68 2146 110 2179 35
134 2145 398 2189 priuilegiorum
420 2151 538 2188 preter
561 2156 656 2188 spem
681 2152 715 2178 et
738 2146 935 2188 opinionem
954 2157 1048 2178 suam
1065 2157 1187 2188 pacem
1204 2147 1250 2179 ad
1266 2147 1432 2179 honorem
1449 2157 1546 2179 suum
1565 2153 1599 2179 et
1616 2149 1835 2179 commodum
1853 2147 1981 2180 factam

133 2208 208 2231 esse
230 2198 470 2236 considerans,
493 2198 748 2241 archiepiscopi
773 2205 808 2231 et
830 2199 967 2232 comitis
989 2209 1094 2242 super
1116 2200 1184 2232 hoc
1202 2200 1304 2232 fidem
1323 2206 1358 2232 et
1373 2200 1593 2242 prudentiam
1610 2200 1793 2242 plurimum
1810 2211 1982 2232 commen-

135 2251 244 2292 dauit,
267 2252 354 2285 dans
375 2251 443 2284 illis
465 2252 502 2284 in
524 2252 707 2291 mandatis,
731 2258 768 2285 ut
790 2252 1010 2295 imperatoris
1033 2253 1184 2291 nuntios,
1207 2253 1268 2296 qui
1293 2253 1328 2285 in
1353 2253 1508 2286 Siciliam
1534 2259 1632 2286 erant
1655 2254 1788 2286 uenturi
1812 2264 1876 2296 pro
1900 2255 1980 2286 reci-

134 2304 274 2348 piendis
295 2305 505 2343 iuramentis,
529 2305 758 2348 equanimiter
779 2311 1010 2348 expectarent.

225 2358 315 2390 Hec
338 2364 478 2391 autem
501 2358 657 2399 omnia,
681 2369 762 2402 que
794 2359 1075 2402 prediximus,
1105 2361 1167 2393 ita
1197 2366 1324 2404 gesta
1354 2361 1504 2400 fuisse,
1537 2361 1647 2392 nulli
1679 2360 1982 2393 dubitationis

37 2443 39 2447 Α
71 2412 114 2444 40
136 2411 208 2444 uel
230 2411 572 2445 incredulitatis
595 2412 842 2456 scrupulum
866 2419 1081 2455 moueant,
1106 2414 1209 2456 quia
1232 2414 1508 2447 Romoaldus
1535 2415 1756 2446 secundus
1787 2413 1981 2446 Salerni-

227 2535 250 2554 1.
270 2529 384 2553 Henrlcl
407 2529 432 2553 B
448 2535 461 2552 ι
481 2529 558 2554 Sasso
576 2543 609 2546 —
629 2535 653 2554 2.
672 2530 810 2554 Henricus
830 2531 857 2555 B
875 2538 889 2554 α
907 2530 983 2555 Sasso
1005 2543 1035 2548 —
1056 2538 1079 2564 5.
1098 2531 1295 2556 AssumtionIs
1316 2533 1349 2562 B,
1371 2533 1400 2561 C,
1419 2531 1496 2557 Sasso
1514 2539 1527 2554 e
1540 2532 1630 2555 Arndt
1643 2544 1675 2549 —
1691 2536 1714 2563 7.
1728 2530 1941 2555 Allammanuie
1958 2531 1982 2555 A

138 2583 147 2589 ·
168 2570 289 2595 Venecie
307 2571 332 2595 A
351 2584 383 2589 —
403 2570 428 2595 8.
449 2571 563 2596 nunciis
583 2572 616 2601 B,
637 2573 667 2601 C,
686 2572 763 2596 Sasso
780 2580 794 2596 e
811 2572 901 2597 Arndt
919 2586 953 2591 —
971 2581 997 2606 9.
1017 2573 1143 2598 solemne
1155 2574 1189 2604 B,
1204 2574 1233 2605 C,
1247 2573 1325 2598 Sasso
1342 2581 1356 2597 e
1374 2573 1466 2598 Arndt
1481 2588 1510 2591 ψ
1527 2580 1567 2597 11.
1582 2573 1664 2597 laicis
1680 2573 1711 2603 B,
1730 2573 1758 2602 C,
1773 2573 1849 2597 Sasso
1867 2581 1879 2596 e
1891 2573 1982 2597 Arndt

137 2627 171 2632 —
192 2620 233 2646 17.
250 2613 302 2650 hgg
322 2614 346 2638 A
367 2626 398 2631 —-
421 2612 461 2638 18.
481 2612 631 2646 Quumque
650 2615 678 2639 B
696 2624 709 2639 e
727 2614 803 2638 Sana
823 2628 855 2633 ——
876 2621 918 2640 21.
938 2616 1036 2641 nuncii
1055 2616 1089 2646 Β,
1107 2616 1136 2647 C,
1148 2616 1224 2640 Sasso
1237 2624 1250 2640 e
1262 2616 1350 2641 Arndt
1364 2631 1394 2635 —
1417 2623 1458 2640 22.
1477 2617 1591 2640 Nicolai
1614 2617 1644 2645 Β,
1666 2617 1695 2645 C,
1715 2616 1792 2640 Sasso
1810 2623 1823 2639 e
1841 2615 1930 2639 Arndt
1948 2629 1983 2633 —-

137 2662 180 2688 ²5·
200 2656 340 2687 Rogerlus
359 2655 392 2685 B.
415 2655 444 2686 C,
463 2656 541 2682 Sauo
558 2663 572 2679 e
589 2656 681 2681 Arndt
693 2670 702 2675 -
722 2658 858 2681 nuncium
878 2657 910 2686 B,
933 2657 961 2687 C.
981 2657 1056 2682 Sauo
1074 2665 1088 2682 e
1106 2658 1195 2683 Arndt
1208 2672 1239 2677 —-
1256 2658 1365 2690 27.N11
1382 2660 1503 2690 margine
1521 2662 1621 2682 esterno
1640 2658 1666 2681 la
1684 2665 1760 2682 mano
1773 2657 1817 2681 del
1832 2665 1879 2682 sec.
1898 2657 1986 2683 XVII

40 2715 41 2718 η
90 2705 105 2731 5
137 2699 167 2722 {n
186 2698 210 2723 A
227 2698 332 2723 scrinei
358 2697 535 2723 Romualdus
561 2698 758 2724 Salernitanus
777 2699 1007 2733 archlepIscopus
1026 2713 1033 2718 -
1054 2709 1090 2725 ex
1113 2702 1138 2726 Α
1163 2715 1196 2720 -
1222 2707 1264 2733 ²9·
1288 2701 1343 2725 Nel
1366 2702 1486 2732 margine
1509 2703 1610 2724 esterno
1635 2699 1661 2723 la
1684 2703 1763 2724 stesso
1782 2707 1858 2724 mano
1877 2700 1921 2724 dcl
1936 2707 1984 2725 sec.

137 2739 228 2765 XVII
241 2741 355 2764 annoto:
374 2740 462 2765 redut
482 2741 653 2765 Panormum
674 2755 706 2759 —
725 2748 768 2774 37.
789 2742 910 2767 nuncios
931 2743 965 2772 B,
987 2742 1016 2773 C.
1035 2743 1111 2768 Sasso
1129 2751 1143 2767 ι
1160 2743 1250 2768 Arndt

225 2825 231 2841 ¹
254 2829 338 2857 Boso,
358 2828 437 2853 Liber
461 2828 569 2858 stri-1172,
594 2829 630 2860 11,
655 2837 725 2861 441³
747 2829 819 2855 “Set
837 2831 871 2855 ad
893 2831 1028 2856 malorem
1086 2831 1230 2857 “tentiam
1250 2834 1376 2864 seposita
1401 2832 1585 2856 excusatione
1607 2833 1770 2856 incurreret.
1807 2831 1839 2855 In
1868 2832 1979 2855 scisma-

137 2870 254 2903 “ipsius
273 2871 459 2900 soliditatem,
478 2871 612 2904 pontifex
631 2873 660 2896 in
686 2872 761 2896 hune
783 2873 898 2897 modum
917 2880 1028 2898 excom·
1085 2874 1184 2899 “ticos
1205 2882 1270 2899 vero
1290 2876 1338 2907 qul
1361 2876 1484 2898 nondum
1506 2875 1692 2905 resipuerant,
1706 2881 1849 2905 quousque
1870 2873 1981 2898 satisfe-

137 2912 368 2938 “rnunlcationis
387 2914 560 2939 sententiam
580 2914 784 2946 promulgavit,
804 2916 836 2939 ut
860 2916 1028 2948 quicumque
1087 2916 1202 2941 “cerint
1222 2917 1412 2941 anathematis
1433 2917 1603 2940 sententium
1626 2916 1778 2940 innodavit
1792 2933 1814 2944 „.

42 2964 45 2972 ⁴
78 2960 110 2979 ιο
138 2955 258 2988 “pacem
279 2956 369 2988 ipsam
390 2955 434 2980 vel
453 2957 586 2988 treuguas
606 2957 785 2990 insrIngei-et,
808 2957 864 2982 nlsi
877 2958 1030 2989 requisitus
1173 2957 1184 2975 ²
1204 2959 1329 2983 Bai-Ietta
1350 2959 1424 2983 nelle
1446 2958 1553 2989 l‘uglic.
2012 2961 2041 2987 15

137 2997 151 3010 ‘⁴
161 2995 237 3022 infra
255 3003 292 3021 xi,
311 2997 371 3022 dies
390 2999 418 3022 et
437 2999 628 3023 commonitus
642 2998 826 3029 satisfaceret.
839 2999 956 3024 eandem
969 3007 1030 3024 sen-

136 220 190 257 [A.
209 221 244 248 C·
263 220 357 256 1¹⁷⁷]
719 215 1009 252 ROMUALDI
1038 216 1402 252 SALERNITANI
1903 217 1979 252 293
1993 227 2067 249 Mun..
2083 232 2115 246 cc.
2133 231 2219 250 wrm

2063 461 2083 476 c.
2099 457 2159 480 ηὸτι

2066 569 2117 587 aug.
2135 568 2158 586 1⁴

2067 1471 2120 1490 sug.
2137 1472 2160 1490 15

2068 1525 2120 1543 aug.
2137 1520 2160 1538 16

2064 1579 2116 1597 sug.
2132 1579 2156 1597 ²3

2072 1951 2125 1967 nov.
2141 1951 2152 1970 7

2062 2057 2081 2071 c.
2098 2057 2159 2075 ²79ss
