2398 3470
177 208 242 230 Mu..
258 214 293 230 ρο.
307 213 393 234 174-175
427 198 496 234 194
1184 197 1501 235 CHRONlCON
1958 204 2011 239 [A.
2030 204 2064 232 c.
2079 205 2273 238 rosi-rosal

422 273 1226 282 -un-..n-...n---n--n-=..n-...n-n--nnnnu-nnunou-...n-unu-..nunn-
1230 273 1336 280 ...ιη-η...
1340 273 1400 281 nu...
1404 273 1610 280 -n-...n--n---u---u
1614 275 1619 279 -
1623 273 2169 283 -...n-...-...n-..u-nnn-u·somnusque-numanum-

186 331 300 351 Rohereus
315 331 367 351 aux
415 321 511 353 milia
533 320 731 364 sagittarios
754 319 916 353 Turchos
939 319 1069 353 habuit.
1116 320 1194 352 Dux
1219 329 1304 352 uero
1328 318 1506 352 Robertus
1527 319 1648 352 habuit
1670 319 1795 353 milites
1815 319 1911 354 DCC
1923 322 1944 354 ¹.
1991 320 2135 354 Alexius
2159 321 2274 365 itaque

414 374 602 416 imperator
625 373 747 415 paucis
770 382 888 405 secum
912 373 1096 415 assumptis
1117 383 1226 415 usque
1250 371 1586 415 Constantinopolim
1610 372 1768 416 fugiendi
1794 383 1923 406 moram
1939 384 2010 406 non
2026 374 2156 407 habuit.
2203 373 2275 412 Qui

414 437 494 459 cum
516 426 609 459 solus
631 426 830 468 imperaret,
853 436 1088 470 quoscumque
1112 436 1156 458 ex
1180 425 1426 468 imperatorum
1449 434 1579 470 genere
1603 425 1715 468 potuit
1737 425 1897 458 inuenire
1913 433 1972 459 aut
1986 436 2047 460 eos
2062 427 2190 460 lumine
2202 426 2272 469 prir

413 480 489 512 uari
511 479 609 516 fecit,
632 485 691 512 aut
713 478 780 521 ipsi
803 479 1012 511 tirannidem
1036 479 1110 511 eius
1133 478 1284 511 euadere
1309 478 1490 520 cupientes
1513 478 1654 511 exilium
1682 484 1861 520 ceperunt.
1908 479 2044 513 Interea
2074 479 2274 513 Robbertus

419 532 490 564 dux
513 532 609 575 cepit
633 531 852 564 Dirrachium
876 532 1052 564 ciuitatem
1076 538 1111 565 et
1133 531 1319 564 maximam
1344 537 1478 574 partem
1501 531 1653 575 regionis
1676 531 1770 563 illius
1781 530 1803 564 ².
2321 531 2339 564 5

509 585 641 618 Eodem
665 594 755 617 anno
778 583 949 617 Henricus
971 584 1243 617 Alamannorum
1266 584 1455 626 imperator
1478 583 1574 616 uenit
1590 583 1739 616 Romam
1756 593 1835 616 cum
1851 585 2012 617 exercitu
2023 584 2047 623 ²,
2070 585 2274 628 obseditque

230 544 276 562 1082

177 584 292 604 Heu-ntus
303 584 339 604 IV
344 583 395 608 imp.

178 616 222 631 mm
238 612 280 631 ωε]
414 638 625 682 Gregorium
646 648 784 680 papam,
809 637 869 680 qui
891 637 1217 670 excomunicauerat
1240 648 1329 677 eum,
1358 647 1402 670 eo
1432 636 1527 680 quod
1558 637 1746 679 imperator
1769 638 1844 679 ipse
1875 639 2110 670 inuestituram
2141 638 2276 681 episco-

415 696 516 734 patus
538 700 603 733 per
626 690 763 723 anulum
788 696 823 722 et
847 690 983 734 uirgam
1007 689 1168 723 tradebat
1190 689 1312 723 electis
1336 689 1508 732 episcopis
1531 689 1566 721 in
1592 689 1787 722 ciuitatibus
1810 700 1870 722 sue
1894 690 2084 733 potestatis.
2130 690 2277 724 Dicebat

414 744 505 777 enim
527 744 716 786 imperator
739 744 814 787 ipse
830 744 922 776 hanc
945 743 1011 776 sibi
1027 744 1196 776 hactenus
1211 743 1348 786 suisque
1371 743 1678 785 predecessoribus
1695 742 1986 786 [imperatoribus]
2003 743 2239 776 inuestituram
2256 754 2276 776 a

178 810 225 828 1080
240 811 305 828 mm
322 814 332 833 7
414 797 583 830 Romanis
605 797 828 839 pontificibus
852 807 926 830 esse
949 797 1151 839 permissam
1173 802 1212 829 ut
1234 795 1424 839 episcopali
1448 795 1610 828 electioni
1637 795 1751 828 taliter
1775 806 1950 829 assensum
1973 793 2143 839 preberet.
2189 796 2278 830 Gre-
2304 797 2343 830 10
2372 787 2376 806 ἶ

414 851 531 894 gorius
554 861 646 893 papa
669 861 713 883 ex
734 850 962 893 preceptione
986 850 1038 882 sui
1054 849 1242 888 mandauit,
1265 855 1302 881 ut
1325 850 1534 892 quicumque
1557 849 1672 881 eidem
1696 849 1897 891 imperatori
1920 850 2155 882 iusiurandum
2178 849 2277 882 fece-
2373 846 2375 852 ⁰

414 910 477 943 rat,
501 903 615 936 nullus
637 903 669 935 ei
692 903 794 936 fidem
817 903 883 935 nisi
906 903 1065 935 Romane
1088 902 1239 935 ecclesie
1262 902 1398 945 sibique
1421 902 1647 935 obseruaret⁴
1671 907 1709 934 ut
1732 902 1863 944 pariter
1885 912 1945 935 rex
1968 908 2003 935 et
2027 902 2186 945 pontifex
2200 902 2275 945 ipse

205 967 251 987 iun.
267 973 292 992 25
416 962 451 990 et
473 956 574 1000 regni
598 956 834 989 dominaretur
857 962 892 989 et
912 956 1098 989 ecclesiam
1120 962 1333 998 procuraret.
1381 954 1617 993 Quamobrem
1647 955 1722 998 ipse
1747 956 1937 998 imperator
1966 966 2035 988 una
2066 965 2144 988 cum
2176 955 2271 989 clero

203 1027 222 1041 a.
238 1027 278 1041 m
292 1021 304 1040 o
416 1017 451 1043 et
474 1010 605 1053 populo
629 1011 790 1044 Romano
814 1009 995 1043 Gibertum
1018 1008 1318 1051 archiepiscopum
1341 1008 1514 1041 Rauenne
1537 1008 1626 1041 fecit
1649 1008 1732 1053 eligi
1757 1015 1859 1052 atque
1887 1008 2056 1042 consti'tui
2087 1009 2123 1042 in
2153 1008 2276 1042 ordine

178 1063 303 1110 ss‘gssstms
317 1064 368 1084 ‘¹¹⁰‘
418 1063 541 1097 summi
564 1064 750 1107 pontificis.
773 1073 977 1106 nuncupans
1001 1073 1079 1095 eum
1101 1062 1317 1095 Clementem
1331 1061 1355 1095 ⁵.
1403 1060 1484 1100 Quo
1507 1063 1627 1095 audito
1651 1062 1721 1094 dux
1748 1062 1950 1095 Robbertus
1978 1063 2015 1094 in
2046 1061 2276 1095 ultramarinis
2303 1063 2340 1094 15
2369 1086 2370 1089 η

414 1117 570 1160 partibus
592 1117 658 1150 sibi
680 1117 784 1150 rebus
807 1116 988 1155 ordinatis,
1012 1116 1191 1149 dimittens
1213 1114 1454 1148 Boamundum
1470 1114 1575 1147 filium
1599 1126 1697 1148 suum
1713 1122 1750 1148 ut
1765 1116 1915 1148 eandem
1931 1122 2056 1148 terram
2073 1115 2275 1154 custodiret,

415 1171 490 1213 ipse
515 1181 593 1203 cum
616 1181 725 1203 uxore
747 1169 911 1213 Apuliam
935 1169 1086 1212 repetiit.
1131 1168 1270 1201 Dehinc
1294 1178 1471 1201 assumens
1494 1169 1682 1201 exercitum
1707 1179 1777 1201 una
1800 1179 1877 1201 cum
1901 1169 1972 1201 filio
2002 1178 2065 1201 suo
2095 1167 2275 1213 Roggerio

415 1224 622 1267 Gregorium
648 1234 774 1265 papam
797 1222 892 1261 adiit,
915 1223 1032 1255 hostes
1056 1222 1131 1254 eius
1154 1221 1199 1254 ab
1221 1220 1318 1254 Urbe
1346 1221 1497 1264 propulit
1513 1231 1555 1253 ac
1572 1221 1750 1255 ciuitatem
1778 1221 1946 1266 Tyberim
1969 1221 2116 1261 obsedit,
2146 1220 2277 1254 acriter

204 1288 256 1312 ψη
267 1287 305 1307 iul.
415 1287 492 1309 eam
517 1287 731 1320 expugnans,
754 1276 837 1308 illuc
862 1276 953 1309 enim
978 1285 1104 1319 magna
1126 1285 1207 1317 pars
1229 1274 1377 1307 militum
1401 1274 1622 1317 imperatoris
1645 1274 1743 1306 simul
1767 1285 1845 1307 cum
1871 1274 1958 1307 falso
1981 1285 2074 1317 papa
2096 1274 2275 1308 Clemente

508 1430 530 1447 1.
551 1424 700 1455 sexaginta
720 1422 801 1446 milia
822 1422 929 1446 milites
948 1423 977 1446 et
997 1422 1091 1445 decem
1113 1420 1194 1444 milia
1214 1420 1270 1451 Bc,
1292 1419 1373 1444 sasso
1393 1429 1406 1443 e
1425 1419 1708 1445 Arndt-Robbertus
1728 1422 1752 1445 Λ
1774 1434 1806 1438 --
1827 1428 1850 1452 4.
1870 1421 2017 1446 tirannide
2039 1420 2062 1445 C
2080 1434 2111 1439 —
2133 1427 2156 1453 5.
2175 1421 2273 1446 Dirru-

416 1467 511 1491 chium
532 1467 679 1492 ciuitatem
698 1473 794 1491 mense
818 1466 943 1491 ianuarii
973 1465 1001 1493 C,
1021 1473 1090 1489 come
1116 1463 1215 1489 Lupus
1240 1464 1507 1489 Psorosmmmus
1533 1478 1564 1481 —
1591 1463 1614 1488 6.
1642 1465 1757 1497 obsediq
1789 1466 1812 1489 C
1835 1466 1865 1489 di
1885 1466 1979 1496 prima
2003 1473 2087 1495 mano,
2113 1466 2273 1498 aggius-tata

411 1513 461 1543 poi
479 1512 506 1535 in
526 1511 656 1543 obseditq
675 1512 711 1536 da
730 1511 800 1535 altri
817 1512 862 1535 clue
880 1510 1059 1541 soprascrisse
1079 1510 1107 1533 la
1128 1511 1139 1532 t
1159 1510 1201 1532 col
1218 1508 1297 1532 solito
1316 1508 1458 1532 inchiostro
1472 1509 1582 1539 pallido
1602 1523 1635 1526 -
1655 1508 1679 1534 S.
1700 1510 1730 1534 in
1756 1510 1897 1542 capitibus
1922 1510 1981 1534 suis
2004 1509 2027 1534 C
2042 1510 2074 1534 di
2085 1510 2179 1541 prima
2197 1518 2273 1534 mano

417 1558 463 1580 che
481 1564 599 1581 corresse
612 1560 680 1587 poco
699 1557 766 1586 dopo
786 1570 818 1574 —
838 1563 863 1587 9.
883 1557 1001 1580 actenus
1024 1554 1047 1578 C
1063 1563 1076 1577 e
1096 1554 1188 1578 Arndt
1207 1565 1238 1571 ——
1262 1559 1303 1577 10.
1323 1553 1570 1585 predecessoribus
1593 1554 1795 1579 inuestituram
1814 1555 1839 1579 A
1859 1568 1868 1572 -
1887 1555 2046 1588 episcopali
2063 1554 2204 1579 electione
2223 1555 2248 1580 C
2265 1567 2273 1572 -

370 1608 384 1633 5
416 1601 515 1624 taliter
534 1607 650 1625 ascensu
676 1603 694 1623 ι
714 1609 727 1623 ι
747 1600 839 1624 Arndt
857 1613 891 1617 —
914 1606 954 1631 13·
973 1600 1051 1629 Dopo
1071 1597 1259 1626 Quamobrem
1282 1598 1305 1621 C
1322 1597 1356 1621 ha
1375 1598 1419 1621 nel
1437 1597 1563 1630 margine
1581 1599 1675 1622 scritto
1688 1600 1723 1623 da
1736 1607 1811 1623 mano
1830 1602 1952 1623 recente:
1974 1598 1988 1613 “
1999 1598 2053 1623 Hic
2072 1599 2189 1624 vivente
2200 1605 2273 1632 papa

416 1644 558 1678 Gregorio
577 1644 709 1670 Clemens
729 1646 862 1677 precepto
883 1645 1064 1676 imperatoris
1085 1643 1259 1673 ordinatur„
1284 1656 1314 1660 —
1337 1641 1377 1667 ι’).
1396 1642 1526 1674 partibus
1552 1644 1608 1667 sibi
1638 1643 1660 1667 C
1688 1657 1696 1661 -
1723 1646 1755 1668 ut
1773 1644 1869 1668 eadem
1888 1645 1991 1668 terram
2016 1643 2039 1667 C
2055 1657 2088 1661 ——
2111 1649 2150 1677 17.
2169 1649 2274 1668 assum·

410 1697 488 1714 mens
503 1691 527 1716 C
544 1703 552 1708 -
573 1689 716 1722 Roggerio
741 1689 764 1713 C
780 1702 813 1708 —
830 1688 869 1713 18.
883 1688 1002 1713 Tiberin
1019 1690 1043 1714 C

354 1866 385 1883 10

354 2077 383 2103 ¹5

353 2290 387 2308 20

356 2504 386 2529 ²5

357 2719 391 2744 30

358 2933 391 2959 35

412 1778 490 1809 Mno,
508 1778 621 1807 Annali,
641 1777 715 1809 VIII,
736 1785 763 1811 p.
783 1784 843 1810 214,
865 1778 960 1802 donde
987 1779 1077 1802 trasse
1107 1777 1136 1800 lo
1166 1778 1270 1809 spunto
1296 1777 1316 1799 il

413 1820 568 1850 wir-exarz,
586 1823 628 1851 op.
647 1820 701 1848 cit„
721 1827 768 1853 pp.
792 1818 842 1844 116
860 1827 875 1843 e
897 1826 954 1852 175.

502 1860 511 1878 ¹
531 1862 631 1887 Lusus
648 1861 924 1892 Famosum-Anus,
947 1868 992 1885 an.
1020 1860 1087 1885 1082
1118 1861 1155 1892 (ι.
1185 1868 1206 1884 c.
1238 1859 1318 1892 1081)

412 1906 474 1929 dice
495 1905 640 1929 l’esercito
666 1903 811 1928 d’Alessio
840 1904 992 1937 composto
1017 1904 1047 1928 di
1075 1909 1172 1935 7o‚ooo
1199 1902 1317 1930 soldati,

413 1955 470 1971 non
491 1946 520 1971 di
543 1947 681 1978 170.mila
700 1945 728 1979 (“
739 1946 859 1970 Alexius
876 1947 1031 1979 imperator
1045 1953 1108 1970 cum
1125 1951 1176 1977 170
1188 1944 1317 1969 millibus

415 1991 427 2003 ⁴¹
438 1991 615 2022 pugnaturus
629 1989 784 2013 adveniens
796 1988 820 2020 η)
833 1995 915 2013 come
929 1987 1044 2012 Psraus
1055 1987 1221 2016 Dmcomss,
1237 1987 1316 2011 Chro-

413 2032 472 2056 nica
485 2034 594 2056 monast.
610 2031 763 2055 Casa'nensis
774 2030 824 2055 cit.
836 2029 884 2061 111,
897 2037 946 2062 49;
961 2028 1154 2054 Gunnarmvs
1165 2030 1316 2053 Aruernu-

412 2080 463 2105 διε,
481 2073 529 2103 IV,
549 2072 599 2106 362
621 2072 660 2105 (p.
681 2071 744 2104 286)
762 2072 874 2097 afferma
894 2072 944 2096 che
966 2070 1023 2095 “de
1044 2079 1121 2095 more
1141 2072 1316 2095 locustarum

415 2116 427 2129 ¹⁴
440 2118 552 2140 montes
571 2118 599 2139 et
618 2116 703 2148 plana
721 2116 859 2147 teguntur
869 2132 894 2146 m
915 2116 1022 2138 mentre
1042 2121 1114 2146 poco
1140 2115 1242 2147 prIma‚
1268 2113 1316 2144 IV,

414 2164 464 2191 32²
478 2158 518 2191 (p.
532 2156 604 2190 285),
618 2164 707 2182 aveva
726 2157 821 2181 detto:
837 2156 850 2170 “
862 2158 1026 2180 innumeras
1046 2156 1126 2180 ducit
1142 2157 1220 2180 varia
1233 2157 1317 2188 gente

414 2200 601 2231 “catervas„.
621 2199 796 2224 GAusiutms
815 2198 1012 2228 Maru-amu,
1034 2197 1081 2227 111,
1101 2204 1149 2230 27:
1171 2198 1183 2211 ‘⁴
1197 2199 1316 2230 Impera-

415 2244 486 2267 “tor
504 2249 567 2267 cum
587 2241 844 2266 innumerabilibus
854 2241 1035 2273 copiis...„.
1072 2241 1154 2264 Sulla
1169 2241 1316 2264 sormazio-

415 2293 450 2310 ne
468 2285 657 2310 dell’esercito
677 2284 822 2308 d’Alessio
845 2282 890 2308 Cf.
910 2284 1111 2314 Calantum«,
1132 2283 1273 2308 Essaisur
1293 2285 1318 2307 le

414 2330 499 2361 regne
518 2327 641 2352 d'Alexis
660 2328 706 2356 1⁹¹3
727 2328 776 2350 cit.
797 2334 843 2359 pp.
865 2332 897 2359 75
917 2332 932 2350 e
952 2333 1007 2358 seg.

504 2368 515 2385 ²
535 2370 683 2401 Anonymus
708 2369 852 2393 Barensis:
881 2375 926 2392 an.
961 2366 1037 2392 1082.
1065 2368 1078 2381 “
1090 2386 1096 2393 .
1109 2385 1133 2392 ..
1153 2368 1189 2392 Et
1215 2370 1318 2392 octavo

415 2413 461 2438 die
481 2414 574 2437 stante
594 2411 736 2436 februario
756 2411 817 2443 ipse
837 2411 895 2435 dux
912 2411 989 2442 cepit
1000 2411 1030 2434 in
1043 2410 1170 2435 Dur-achi
1182 2420 1210 2441 ,,;
1223 2410 1317 2442 Lupus

416 2455 656 2486 protospatarius,
675 2452 735 2477 allo
753 2455 843 2477 stesso
863 2459 939 2476 anno
969 2450 1051 2476 1082:
1081 2451 1141 2475 “Et
1167 2453 1197 2475 in
1224 2459 1319 2476 mense

418 2498 431 2511 ¹⁴
442 2496 567 2522 ianuarii.
586 2495 726 2520 Robertus
740 2495 798 2519 dux
819 2495 895 2528 cepit
913 2494 1063 2519 civitatem
1082 2494 1210 2518 Dur-achi
1230 2494 1318 2518 tradi-

416 2540 430 2553 “
440 2540 522 2564 tione
535 2538 712 2570 quorundam
726 2537 926 2562 Veneticorum
937 2552 963 2568 ᾗ.
993 2535 1123 2560 Secondo
1136 2535 1222 2560 Anna
1233 2535 1319 2560 Com-

418 2588 500 2606 meno
523 2581 574 2613 (op.
594 2581 647 2609 cit..
667 2579 701 2609 V,
719 2580 752 2612 Ι.)
773 2580 925 2604 Venaiani
940 2579 974 2603 ed
1000 2577 1177 2607 Amalfitani,
1202 2577 1318 2603 ch'eran

417 2623 445 2647 la
465 2623 665 2656 maggIoranza
685 2622 714 2646 di
729 2622 864 2652 Dur-azzo,
879 2622 909 2644 in
924 2620 999 2645 vista
1013 2619 1079 2644 d’un
1094 2620 1183 2652 lungo
1206 2619 1319 2644 assedio

417 2667 570 2692 svrebbero
590 2668 689 2699 aperto
703 2666 729 2690 le
742 2667 824 2699 porte
838 2665 914 2690 delia
928 2663 1008 2689 citta.
1030 2662 1224 2688 Grau-amus
1237 2663 1318 2688 Αιύ-

417 2717 539 2741 ιιιητειε,
559 2709 608 2739 1v,
626 2716 678 2741 449
698 2708 736 2742 (p.
757 2707 827 2740 288),
846 2714 862 2732 e
876 2706 1050 2732 Gsumunus
1064 2706 1258 2734 Mammium,
1271 2705 1319 2735 III,

420 2754 462 2784 28,
482 2752 603 2785 pariano
624 2752 652 2776 dl
668 2759 705 2776 un
721 2752 823 2775 veneto
845 2751 858 2763 “
870 2750 979 2774 nobilis
997 2756 1108 2782 genus„
1129 2749 1180 2773 che
1199 2748 1319 2773 avrebbe

419 2797 486 2820 data
507 2801 535 2820 la
553 2793 625 2820 citt&
643 2802 659 2819 a
678 2793 806 2818 Roberto
825 2793 918 2817 dietro
937 2799 1081 2825 promessa
1100 2790 1231 2816 d'averne
1251 2790 1278 2815 la
1291 2791 1319 2815 fi-

419 2840 479 2871 glia
499 2840 528 2863 in
549 2840 654 2871 isposa.
690 2837 776 2870 Dopo
795 2836 926 2861 Durazzo
937 2835 1064 2860 Roberto
1083 2841 1163 2868 prese
1175 2834 1320 2870 &stoi-ia,

420 2892 435 2908 e
454 2881 628 2911 Boemondo,
655 2887 706 2905 suo
733 2879 873 2912 figituolo,
901 2877 1057 2909 Giannina,
1084 2876 1197 2908 Ocride,
1224 2876 1321 2910 Veris,

421 2927 528 2954 Servis,
549 2923 675 2952 Bodems,
693 2922 838 2954 Vuglena;
859 2919 945 2954 passo
964 2920 992 2945 la
1013 2920 1088 2945 valle
1107 2919 1152 2944 del
1172 2919 1283 2945 Vardar
1307 2927 1323 2945 e

421 2976 513 2995 venne
531 2967 567 2992 ad
586 2968 678 2998 Aspra
697 2966 830 2995 Ecclesia,
850 2964 966 2993 Eccliso,
985 2971 999 2988 e
1017 2962 1120 2996 quindi
1140 2963 1191 2995 poi
1203 2962 1324 2995 Pelago-

1374 1778 1423 1801 nia
1441 1776 1499 1801 fino
1519 1785 1534 1801 a
1555 1777 1690 1808 Trikala5
1710 1777 1773 1802 cioe
1791 1779 1866 1803 tutta
1893 1779 1919 1802 la
1942 1779 2058 1811 regione
2084 1779 2272 1810 montagnosa

1373 1818 1568 1844 dell‘Albania
1588 1827 1602 1844 e
1628 1819 1703 1844 della
1728 1820 1885 1852 Tessaglia.

1460 1859 1471 1876 ³
1493 1862 1640 1887 Chronicon
1660 1863 1688 1887 S.
1710 1863 1834 1893 Sophiae,
1853 1861 1926 1887 Cod.
1953 1863 2001 1887 cit.
2022 1870 2043 1887 c.
2068 1869 2098 1894 14
2118 1862 2158 1887 A:
2178 1861 2191 1873 ¹'
2207 1861 2270 1886 1081

1375 1902 1386 1915 ‘¹
1400 1903 1459 1927 ind.
1479 1903 1527 1928 IV.
1546 1903 1653 1928 Resina
1674 1904 1779 1929 cecidit
1799 1904 1825 1928 II
1846 1911 1939 1928 nonas
1966 1905 2100 1928 februarii
2126 1906 2154 1928 et
2172 1903 2273 1928 Henri-

1375 1945 1387 1958 “
1400 1953 1448 1970 cus
1467 1946 1587 1970 Romam
1608 1947 1687 1971 venit
1709 1954 1803 1971 mense
1833 1947 1965 1978 madio„.
2004 1946 2050 1971 Cf.
2077 1953 2148 1978 pure
2166 1946 2274 1971 ann

1374 1994 1435 2012 von·
1454 1988 1595 2019 Kuoruu,
1616 1997 1660 2022 op.
1681 1989 1729 2013 cit.
1752 1989 1808 2013 vol.
1827 1988 1868 2012 ΙΙΙ
1888 1996 1913 2020 p.
1935 1995 1985 2021 345
2005 1996 2020 2014 e
2040 1996 2096 2020 seg.

1462 2030 1470 2046 ⁴
1492 2032 1523 2055 L.
1542 2031 1582 2059 A,
1608 2031 1641 2059 ΙΙ,
1662 2031 1711 2065 287
1730 2041 1741 2055 e
1768 2039 1836 2064 sgg.‚
1858 2031 1934 2056 nella
1960 2032 2022 2056 vita
2048 2030 2189 2064 Gregorio
2214 2030 2276 2060 VII,

1372 2074 1482 2105 riporta
1503 2080 1571 2105 pure
1590 2073 1618 2098 la
1638 2073 1742 2098 sinodo
1763 2074 1806 2098 del
1831 2072 1899 2097 1080
1917 2074 1968 2098 che
1987 2075 2009 2097 si
2030 2073 2066 2098 ha
2086 2073 2163 2098 nella
2187 2073 2273 2098 colle-

1372 2116 1457 2139 zione
1476 2115 1519 2139 del
1539 2115 1649 2147 Missi,
1671 2116 1730 2147 XX,
1752 2123 1777 2148 p.
1800 2123 1865 2148 521:
1889 2115 1901 2128 ‘¹
1913 2116 2042 2147 Septimo
2061 2122 2172 2147 quoque
2196 2122 2275 2140 anno

1373 2155 1386 2170 ¹¹
1399 2157 1442 2180 sui
1462 2156 1645 2189 pontificatus
1667 2158 1740 2181 idem
1761 2157 1896 2190 pontifex
1917 2157 2007 2181 Rome
2025 2157 2183 2182 celebravit
2195 2158 2275 2182 alno-

1374 2201 1385 2213 ‘⁴
1398 2200 1463 2223 dum
1474 2216 1481 2224 .
1492 2216 1499 2224 .
1511 2216 1517 2224 .
1529 2218 1534 2223 .
1554 2199 1625 2224 Item
1649 2200 1913 2224 excommunicatio
1938 2201 2012 2232 regis
2038 2199 2166 2224 Heinrici
2179 2216 2275 2231 ......

1373 2241 1412 2265 La
1432 2242 1594 2266 scomunica
1613 2242 1664 2266 che
1682 2242 1718 2266 ha
1738 2243 1845 2266 l'actum
1867 2243 1948 2266 Rome
1969 2250 2050 2266 nanas
2068 2242 2183 2267 martias
2195 2242 2275 2267 indic.

1373 2285 1432 2315 Ill,
1452 2284 1544 2316 (1081)
1564 2283 1624 2309 cosi
1645 2285 1708 2309 dice
1728 2285 1802 2309 neila
1816 2285 1966 2316 dispositio:
1989 2285 2002 2298 “
2013 2283 2197 2317 Quapropter
2210 2291 2274 2310 con-

1373 2327 1485 2351 “fidens
1504 2328 1539 2351 de
1562 2327 1670 2351 iuditio
1698 2329 1726 2351 et
1752 2328 1948 2352 misericordia
1975 2328 2089 2353 l)ei....
2116 2334 2198 2360 saepe
2224 2333 2274 2352 no-

1375 2369 1388 2382 “
1400 2370 1538 2393 minatum
1550 2369 1725 2399 Heinricum,
1736 2376 1817 2402 quem
1832 2377 1923 2402 regem
1935 2370 2038 2394 ducent
2047 2376 2200 2402 omnesque
2215 2370 2275 2394 sau-

1376 2412 1475 2435 “tores
1494 2413 1555 2436 eius
1574 2413 1866 2436 excommunicationi
1895 2412 2005 2437 subitio
2030 2413 2058 2436 et
2083 2411 2275 2437 anathematis

1374 2453 1386 2466 “
1400 2454 1529 2478 vinculos
1550 2453 1652 2485 alligo;
1673 2455 1700 2478 et
1723 2454 1827 2477 iterum
1853 2461 1969 2485 regnum
1995 2453 2222 2478 Teutonicorum
2247 2455 2275 2478 ct

1376 2496 1386 2508 ‘¹
1400 2495 1502 2521 Italiae
1521 2503 1556 2521 ex
1575 2498 1655 2529 parte
1673 2498 1859 2530 omnipotens
1877 2497 1932 2520 Dei
1951 2498 1980 2520 et
1994 2498 2087 2521 vestra
2100 2496 2275 2521 interdicens

1374 2537 1386 2550 ⁶⁸
1399 2539 1434 2567 el,
1454 2545 1566 2563 omnem
1585 2540 1754 2572 potestatem
1773 2540 1802 2563 et
1822 2538 1992 2571 dignitatem
2005 2538 2053 2563 illl
2063 2539 2169 2571 regiam
2183 2537 2273 2568 tollo;

1376 2580 1429 2604 “et
1448 2582 1479 2604 ut
1499 2580 1596 2605 nullus
1615 2581 1791 2605 christianus
1811 2582 1836 2604 ei
1858 2582 1933 2605 sicut
1952 2581 2011 2613 regi
2033 2580 2169 2605 obbedlat
2186 2581 2274 2606 inter-

1376 2623 1390 2636 “
1401 2623 1476 2653 dico,
1495 2629 1648 2654 omnesque
1666 2625 1714 2655 qui
1735 2623 1760 2647 ei
1780 2624 1949 2647 iuraverunt
1967 2621 2012 2647 vel
2033 2622 2168 2647 iurnbunt
2186 2622 2220 2647 de
2234 2629 2274 2647 re-

1375 2665 1448 2696 “gni
1477 2665 1678 2690 dominatione
1704 2673 1719 2689 a
1746 2666 1896 2690 iuramenti
1926 2665 2117 2697 promissione
2146 2664 2273 2689 absolvo.

1375 2708 1461 2740 “Ipse
1480 2708 1631 2733 Heinrlcus
1648 2715 1711 2733 curn
1731 2708 1789 2732 suis
1810 2708 1968 2733 fautoribus
1989 2709 2018 2732 in
2038 2708 2119 2732 omni
2144 2714 2273 2740 cong-res-

1376 2751 1479 2775 “sione
1498 2751 1568 2775 belli
1588 2751 1682 2775 nullas
1703 2750 1777 2775 vires
1797 2750 1961 2782 nullamque
1981 2750 2011 2774 in
2032 2751 2092 2774 vita
2113 2757 2162 2774 sua
2181 2750 2273 2775 victo-

1378 2792 1390 2805 “
1402 2793 1473 2818 riam
1493 2794 1633 2818 obtineat.
1647 2812 1667 2818 ..
1680 2812 1685 2817 .
1698 2809 1722 2824 „-

1463 2834 1475 2850 ⁵
1494 2835 1581 2864 Imm,
1600 2835 1618 2860 1.
1639 2836 1688 2860 cit.
1707 2843 1733 2868 p.
1759 2834 1818 2867 284.
1844 2835 1985 2866 Gregorio
2013 2833 2073 2863 vn,
2095 2832 2142 2866 gia
2170 2835 2206 2859 fin
2227 2834 2274 2865 dal

1376 2879 1478 2910 quinto
1498 2885 1574 2902 anno
1594 2878 1637 2902 del
1659 2884 1710 2902 suo
1736 2877 1905 2908 pontificato
1926 2875 2018 2909 (1078)
2044 2883 2133 2901 aveva
2158 2883 2273 2910 sospeso

1379 2921 1438 2945 “ab
1465 2920 1623 2953 episcopali
1651 2922 1679 2944 et
1707 2920 1875 2944 sacerdotali
1903 2919 2074 2944 officum...
2105 2918 2272 2944 Gulbertum

2302 2119 2336 2145 4⁵

2302 2330 2338 2356 so
2372 2303 2378 2343 ἶ

2302 2518 2375 2570 55v

1380 2961 1610 2992 “Ravennatem‚
1629 2962 1761 2987 inaudita
1783 2962 1892 2986 haeresi
1916 2963 1945 2985 et
1970 2961 2100 2994 superbia
2125 2961 2274 2986 adversum
2300 2959 2334 2992 ⁶3
2385 2955 2387 2985 ¹,
