2398 3470
186 269 261 294 Mun„
268 275 301 290 cc.
313 270 398 294 1³⁶·137

202 593 338 614 mendosius
363 593 400 612 ΙΙΙ

214 621 339 645 imperator

357 890 367 908 7
388 873 392 877 '
418 865 561 908 p1istino
585 864 621 895 in
645 863 724 896 loco
748 862 860 895 erexit
871 862 894 894 ².
918 862 1166 905 Regnauitque
1190 862 1411 895 Theodosius
1433 873 1525 896 anno
1549 863 1576 896 I.

432 258 502 294 138
1195 253 1511 290 CHRONICON
1971 260 2055 294 [AA.
2075 260 2110 289 c.
2129 262 2281 295 715·720]

431 327 2279 340 ----------------------------------------------------------------------------------------------------------------------------------------------------------------------------------------------------------

422 388 656 431 Philippicum
679 393 860 430 postquam
883 396 953 419 uno
978 397 1069 419 anno
1092 391 1127 418 et
1149 385 1322 417 mensibus
1346 395 1407 417 sex
1429 384 1671 427 imperauerat,
1692 386 1707 402 ‘⁴
1720 383 1933 425 Anastasius,
1949 386 2008 429 qui
2024 393 2058 419 et
2076 386 2278 420 Arthemius

428 444 442 460 ‘⁴
456 443 566 474 dictus
591 446 653 480 est,
676 439 869 482 insurgens,
893 449 972 472 eum
995 449 1106 483 regno
1131 438 1264 480 expulit
1288 437 1466 481 oculisque
1488 437 1638 480 priuauit
1665 447 1731 470 nec
1759 445 1874 472 tamen
1898 440 2042 473 occidit.
2088 439 2155 473 Hic
2182 440 2279 473 Ana-

428 498 441 513 “
455 494 578 527 stasius
615 493 746 525 litteras
780 492 1008 525 Constantino
1032 502 1122 534 pape
1153 491 1303 524 Romam
1334 490 1475 530 direxit,
1506 490 1631 534 quibus
1661 502 1697 523 se
1726 492 1898 524 fautorem
1930 492 2102 526 catholice
2126 493 2209 526 fidei
2246 499 2282 526 et

419 548 530 581 sancti
553 546 641 579 sexti
665 545 817 578 Concilii
841 545 1100 587 predicatorem
1123 554 1196 576 esse
1221 544 1340 576 docuit
1354 543 1363 561 ¹
1389 544 1567 587 tenuitque
1590 544 1775 587 imperium
1798 545 1896 578 annis
1918 556 1971 579 111.

509 599 581 638 Qui
606 599 686 631 dum
710 599 779 630 suis
802 604 891 630 esset
914 608 1050 637 exosus,
1074 597 1248 630 exercitus
1278 597 1352 630 eius
1380 598 1560 641 elegerunt
1589 598 1827 630 Theodosium
1857 599 2113 641 imperatorem.
2159 599 2277 632 Theo-

417 653 533 687 dosius
557 651 648 685 uero'
673 657 795 684 contra
820 651 980 684 eumdem
1005 650 1224 683 Anastasium
1254 650 1409 690 ueniens,
1434 651 1528 694 apud
1558 650 1704 684 Niceam
1735 651 1912 684 ciuitatem
1935 652 2034 696 graui
2057 652 2169 694 prelio
2201 664 2280 685 eum

418 706 512 746 uicit,
535 705 686 748 datoque
710 704 879 737 exercitui
903 709 1118 736 sacramento
1143 703 1307 735 clericum
1324 703 1398 736 fieri
1427 714 1468 736 ac
1484 704 1724 748 presbyterum
1745 704 1832 736 fecit
1854 704 1968 747 ipsum
1992 704 2155 738 ordinari.
2201 705 2280 748 Ipse

420 766 535 793 autem
559 757 779 790 Theodosius
802 763 840 789 ut
863 757 1045 800 imperium
1069 756 1220 798 accepit,
1252 766 1330 789 cum
1364 763 1455 790 esset
1486 757 1688 796 catholicus,
1713 768 1794 790 mox
1822 757 1858 789 in
1881 757 1979 801 regia
2000 757 2086 790 urbe
2109 758 2277 802 imagines

419 813 495 845 illas
519 810 747 849 uenerandas,
770 810 808 841 in
830 820 899 852 qua
924 815 1041 842 sancte
1066 819 1127 841 sex
1149 808 1286 853 Synodi
1315 815 1415 842 erant
1447 810 1587 852 depicte
1620 816 1655 842 et
1687 820 1708 841 a
1730 809 1929 853 Philippico
1960 810 2099 844 fuerant
2130 810 2281 851 deiecte,

1623 863 1760 895 Interea
1791 863 2037 896 Constantinus
2067 874 2159 906 papa
2187 863 2280 896 diem

421 918 510 953 obiit
540 927 630 949 anno
662 916 837 949 dominice
872 915 1121 948 incarnationis
1143 915 1380 949 DCXCVIIII
1405 916 1595 949 indictione
1618 915 1668 949 ν’
1702 923 1736 949 et
1759 916 1926 949 successit
1956 917 1988 948 ei
2011 917 2200 961 Gregorius
2221 928 2282 950 na-

419 973 512 1005 tione
537 971 716 1004 Romanus
740 979 783 1001 ex
806 974 903 1011 patre
927 968 1108 1007 Marcello,
1131 968 1292 1012 seditque
1316 979 1406 1002 anno
1429 980 1489 1002 xv1
1512 969 1690 1002 mensibus
1713 979 1753 1002 1x
1765 968 1788 1002 ⁴.
1827 969 1908 1003 Fuit
1931 976 2045 1003 autem
2068 969 2283 1013 temporibus

418 1024 591 1057 Anastasii
624 1028 659 1055 et
689 1021 884 1054 Theodosii
913 1021 1044 1054 Leonis
1075 1027 1179 1064 atque
1202 1021 1421 1054 Constantini
1443 1021 1688 1067 Augustorum.
1735 1023 1815 1055 Fuit
1839 1022 1980 1065 quidem
2010 1022 2198 1066 Gregorius
2228 1023 2281 1056 uir

418 1083 540 1116 castus,
564 1076 682 1108 diuine
705 1075 876 1117 scripture
900 1074 1066 1113 eruditus,
1089 1074 1229 1118 loquela
1245 1075 1430 1114 facundus,
1454 1076 1571 1108 animo
1595 1081 1768 1114 constan-⁴3,
1786 1076 2104 1108 ecclesiasticorum
2127 1086 2281 1109 errorum

418 1132 623 1168 destructor,
649 1134 683 1160 et
707 1128 899 1160 contrarius
935 1137 979 1160 ac
1003 1127 1210 1160 fortissimus
1240 1127 1464 1171 inpugnator.
1510 1128 1617 1162 Cuius
1651 1129 1873 1171 imperatoris
1906 1135 2063 1171 tempore
2098 1139 2164 1171 per
2192 1129 2282 1162 indi-

403 1184 571 1216 ‘ctionem
595 1192 646 1214 ΧΗ
655 1181 679 1220 5,
702 1190 820 1213 mense
844 1180 989 1213 ianuarii
1012 1191 1075 1223 per
1097 1191 1121 1212 x
1144 1181 1219 1213 dies
1242 1181 1352 1220 stella,
1385 1191 1453 1225 que
1477 1182 1628 1214 anthifer
1650 1188 1804 1221 uocatur,
1828 1192 1907 1214 curn
1935 1181 2042 1214 radiis
2057 1182 2095 1214 in
2121 1181 2198 1216 celo
2222 1193 2283 1225 ap-

183 1409 333 1433 Ansprandus
359 1413 405 1427 rca'

246 1468 266 1482 c.
282 1463 318 1486 ¹⁶7
325 1461 337 1481 b

279 2213 300 2227 a.
316 2208 344 2228 C.
358 2212 395 2231 717

364 2739 395 2757 10

365 2946 393 2971 15

417 1237 531 1279 paruit
553 1236 588 1267 in
612 1235 807 1273 occidente,
831 1233 931 1266 cuius
961 1233 1051 1266 radii
1081 1240 1215 1276 partem
1250 1233 1436 1278 Aquilonis
1465 1234 1682 1277 aspiciebant
1713 1241 1748 1267 et
1777 1245 1884 1278 usque
1916 1235 1963 1267 ad
1992 1235 2145 1268 medium
2169 1235 2282 1269 celum

418 1301 454 1323 se
479 1288 714 1322 extendebant
722 1285 744 1320 ⁶.
775 1287 845 1319 Hic
861 1297 924 1329 per
939 1287 1162 1319 Bonifacium
1179 1288 1389 1320 monachum
1403 1294 1437 1320 et
1457 1288 1660 1331 episcopum
1677 1293 1820 1332 gentem
1837 1288 2089 1322 Germanorum
2105 1289 2284 1322 sedentem
2328 1282 2333 1287 ⁴

417 1344 453 1375 in
476 1341 631 1375 tenebris
654 1347 688 1373 et
710 1340 832 1372 umbra
854 1341 975 1374 mortis
1001 1339 1161 1373 doctrina
1183 1340 1272 1373 lucis
1295 1341 1468 1374 conuertit
1491 1341 1536 1373 ad
1559 1341 1735 1374 Christum
1747 1340 1771 1374 ⁷.

517 1396 569 1428 Eo
592 1394 746 1437 tempore
770 1399 951 1437 postquam
982 1403 1022 1426 1v
1051 1393 1152 1426 annis
1182 1393 1278 1437 apud
1309 1394 1507 1427 Baioariam
1542 1394 1713 1427 exulasset
1740 1394 1979 1438 Ansprandus,
2007 1394 2051 1428 de
2077 1406 2147 1438 quo
2178 1406 2283 1439 supra
2305 1397 2348 1429 20
2368 1412 2370 1414 -

420 1450 581 1487 diximus,
605 1448 747 1481 tandem
774 1458 851 1480 cum
875 1447 1034 1480 exercitu
1057 1446 1299 1480 Baioariorum
1323 1447 1434 1491 regis,'
1459 1448 1594 1481 Italiam
1625 1448 1731 1486 uenit,
1755 1448 1993 1493 pugnauitque
2018 1459 2096 1481 cum
2111 1448 2280 1492 Ariperto

419 1502 731 1546 Langobardorum
753 1511 847 1544 rege,
873 1506 907 1533 et
930 1501 1026 1533 facta
1050 1507 1101 1533 est
1124 1511 1168 1532 ex
1190 1507 1336 1544 utraque
1359 1506 1459 1543 parte
1490 1511 1617 1544 magna
1639 1501 1847 1544 populorum
1878 1507 2028 1544 strages3
2059 1507 2095 1534 et
2124 1502 2282 1545 quamuis

417 1562 608 1588 extremum
630 1564 700 1587 nox
723 1554 869 1597 prelium
894 1553 1081 1587 dirimisset
1104 1560 1138 1586 et
1160 1553 1286 1587 uictori
1309 1553 1476 1597 Ariperto
1500 1554 1650 1587 Baioarii
1665 1560 1764 1597 terga
1778 1554 2009 1597 prebuissent,
2033 1555 2158 1588 eadem
2179 1562 2283 1589 nocte

417 1608 599 1651 Aripertus
622 1607 797 1640 extinctus
820 1612 881 1639 est.
934 1609 949 1625 ‘⁴
962 1607 1140 1651 Regnauit
1163 1613 1277 1639 autem
1301 1618 1379 1639 cum
1395 1613 1495 1650 patre
1511 1607 1727 1650 Daginperto
1743 1608 1816 1640 siue
1839 1607 1932 1640 solus
1953 1618 2062 1649 usque
2085 1609 2131 1641 ad
2153 1618 2281 1640 annum

423 1662 707 1700 “duodecimum‚
739 1661 875 1704 fuitque
905 1661 960 1693 uir
989 1661 1068 1703 pius
1103 1667 1138 1694 et
1172 1661 1380 1704 elemosynis
1410 1660 1560 1700 deditus,
1597 1660 1725 1694 iustitie
1755 1667 1899 1700 amator,
1931 1661 1969 1693 in
1999 1661 2097 1694 cuius
2126 1667 2281 1704 tempore
2306 1660 2369 1694 25

425 1718 438 1734 “
452 1716 591 1749 ubertas
614 1715 721 1747 nimia
737 1740 751 1756 „
778 1714 897 1747 extitit.
943 1714 1102 1758 Denique
1123 1716 1137 1732 ‘⁴
1151 1720 1229 1757 post
1245 1714 1401 1757 Ariperti
1417 1715 1533 1753 funus,
1549 1713 1779 1757 Ansprandus
1801 1713 2113 1757 Langobardorum
2136 1724 2282 1758 regnum

421 1771 435 1786 “
450 1769 580 1812 potitus
605 1774 665 1807 est,
690 1768 748 1810 qui
773 1774 842 1800 tres
865 1767 1080 1800 solummodo
1105 1773 1239 1800 mentes
1262 1767 1432 1811 regnauit,
1455 1767 1511 1799 uir
1534 1777 1599 1810 per
1622 1768 1737 1800 omnia
1761 1767 1923 1811 egregius
1953 1773 1988 1800 et
2019 1767 2117 1800 cuius
2143 1767 2280 1810 sapien-

426 1825 440 1840 “
453 1823 502 1855 tie
526 1821 593 1854 rari
618 1821 771 1864 equandi
795 1826 873 1853 sunt
886 1844 917 1861 „.
953 1820 1145 1854 Cernentes
1167 1820 1393 1865 Langobardi
1416 1820 1517 1852 huius
1539 1820 1715 1853 interitum
1738 1820 1995 1863 Liutprandum
2019 1820 2125 1853 filium
2147 1821 2220 1854 eius
2245 1821 2283 1853 in

418 1875 527 1918 regali
552 1874 767 1907 constituunt
788 1873 877 1906 solio
889 1872 912 1906 ⁸.
959 1874 1193 1916 Liutprandus
1216 1883 1300 1906 uero
1324 1884 1403 1906 cum
1424 1873 1461 1906 in
1483 1883 1592 1917 regno
1609 1874 1832 1906 confirmatus
1855 1879 1945 1906 esset
1966 1883 2028 1906 suo
2057 1873 2281 1906 donationem

418 1928 615 1971 patrimonii
631 1927 762 1969 alpium
787 1925 978 1966 Cotiarum,
1012 1938 1114 1970 quam
1136 1926 1322 1970 Aripertus
1344 1936 1407 1959 rex
1437 1927 1572 1959 fecerat
1607 1932 1642 1959 et
1664 1926 1723 1959 ille
1747 1927 1943 1969 repetierat,
1967 1937 2013 1959 ex
2037 1926 2280 1960 ammonitione
2303 1927 2348 1959 30
2364 1929 2395 1955 ³³2

421 1981 629 2014 uenerabilis
651 1991 742 2023 pape
767 1980 927 2023 Gregorii
949 1990 1091 2013 romane
1125 1981 1274 2013 ecclesie
1304 1980 1520 2013 confirmauit
1532 1979 1555 2013 ⁹.
1601 1979 1669 2012 Hic
1700 1979 1800 2012 initio
1831 1979 1932 2023 regni
1964 1979 2015 2012 sui
2042 1979 2279 2013 Baioariorum

421 2035 568 2078 plurima
592 2040 704 2066 castra
727 2033 831 2076 cepit,
855 2034 1063 2066 Rauennam
1087 2044 1226 2078 quoque
1246 2033 1385 2066 obsedit
1407 2033 1584 2077 cepitque.
1629 2033 1733 2066 Tunc
1766 2035 1780 2050 ‘⁴
1793 2032 1944 2077 Tyberis
1960 2032 2086 2066 fluuius
2104 2032 2204 2066 alueo
2219 2043 2280 2066 suo

425 2091 439 2107 ‘⁴
453 2098 612 2132 egressus
634 2086 744 2119 multa
766 2087 925 2120 Romane
949 2087 1035 2120 fecit
1058 2087 1163 2120 exitia
1188 2087 1341 2125 ciuitati3
1365 2087 1414 2120 ita
1436 2093 1475 2119 ut
1498 2086 1536 2118 in
1558 2086 1616 2119 uia
1639 2086 1727 2119 Lata
1743 2086 1788 2118 ad
1803 2097 1907 2118 unam
1931 2091 1966 2119 et
1988 2086 2092 2119 semis
2114 2092 2279 2120 staturam

373 2159 397 2172 20
426 2144 440 2160 “
454 2142 604 2174 hominis
627 2140 813 2174 excederet
844 2151 945 2184 aqua,
969 2147 1006 2174 et
1030 2151 1050 2173 a
1072 2147 1173 2183 porta
1195 2141 1306 2173 sancti
1329 2140 1427 2173 Petri
1449 2150 1560 2183 usque
1592 2140 1637 2172 ad
1668 2145 1810 2182 pontem
1841 2139 2010 2172 Moluium
2041 2150 2131 2183 aque
2162 2150 2200 2173 se
2222 2149 2283 2172 co—

424 2196 439 2212 “
454 2196 660 2239 niungerent
674 2193 732 2234 „¹⁰.
766 2194 895 2227 Mansit
917 2201 1034 2227 autem
1057 2201 1190 2237 septem
1208 2194 1339 2228 diebus.
1379 2194 1517 2227 Interea
1533 2193 1735 2226 Theodosio
1751 2191 1845 2236 apud
1861 2193 2195 2236 Constantinopolim
2218 2193 2282 2226 im-
2303 2191 2346 2226 35

511 2316 533 2333 1.
546 2308 715 2333 Archemius
730 2309 753 2332 C
764 2321 797 2326 ——
809 2314 832 2341 5.
847 2310 918 2333 esset
931 2314 1024 2332 manca
1036 2308 1067 2332 in
1078 2308 1117 2337 B;
1133 2308 1210 2333 Sasso
1222 2306 1438 2340 l'aggx'ungefra
1448 2306 1586 2338 parentes!
1597 2320 1629 2324 —
1643 2304 1668 2330 6.
1681 2306 1801 2330 eundem
1814 2305 1847 2335 σς
1861 2305 2047 2330 Anastasium
2056 2305 2079 2331 C
2091 2318 2125 2323 -—-
2135 2305 2279 2338 9.qu1bus‚

418 2359 471 2376 non
490 2359 544 2383 qua
565 2351 640 2376 Sasso
660 2363 669 2368 —
689 2351 820 2382 depincte
841 2351 864 2375 C
882 2363 891 2368 -
911 2350 1018 2374 delecte
1038 2351 1065 2374 B
1082 2357 1095 2374 e
1114 2350 1205 2379 Sasso;
1223 2349 1248 2373 A
1262 2350 1291 2380 C,
1310 2348 1441 2380 conformi
1458 2347 1751 2378 Psmus‚y1‚xxxv1
1768 2347 1812 2372 cha
1832 2355 1850 2372 R
1868 2347 1943 2379 copia
1961 2348 1991 2372 in
2005 2349 2085 2379 parte
2103 2360 2138 2366 —
2159 2352 2200 2380 15.
2213 2353 2279 2372 con-

420 2395 525 2418 trarius
541 2393 714 2417 fortissimus
731 2394 754 2418 C
765 2405 774 2410 -
789 2392 878 2417 Cuius
891 2392 923 2416 in
937 2394 1066 2425 tempora
1078 2393 1101 2417 C
1111 2406 1144 2410 —
1158 2390 1246 2423 15-16.
1266 2398 1315 2424 per
1335 2390 1497 2415 indictIOne
1509 2396 1556 2415 xn
1568 2403 1596 2409 -—
1618 2389 1658 2415 16.
1673 2390 1780 2415 antifer
1795 2390 1819 2415 C
1830 2404 1862 2408 —
1876 2396 1919 2414 20.
1934 2397 2037 2414 novem
2050 2389 2074 2414 C
2086 2403 2119 2407 -
2133 2395 2175 2422 23.
2189 2390 2278 2414 extre-

419 2444 495 2460 mum
514 2436 635 2468 prelium
654 2435 813 2460 diremisset
828 2442 885 2459 nox
901 2435 924 2459 C
940 2442 954 2458 e
973 2435 1049 2460 Sasso
1068 2448 1078 2453 -
1098 2436 1177 2466 terga
1190 2435 1344 2459 vertIssent
1358 2434 1384 2458 B
1396 2441 1409 2458 e
1424 2433 1514 2462 Sass0;
1533 2432 1559 2457 Α
1571 2433 1595 2458 C
1610 2439 1678 2457 come
1691 2432 1815 2461 Pauus,
1834 2431 1874 2456 VI
1893 2438 1982 2461 xxxv,
1999 2431 2046 2456 che
2065 2432 2093 2456 R
2110 2431 2184 2463 copta
2202 2431 2281 2463 quasi

418 2478 606 2502 letter-almerae
625 2491 657 2496 —-
678 2484 721 2510 24.
740 2477 918 2509 Daginberto
932 2478 959 2501 B
970 2484 984 2501 e
997 2477 1082 2502 Sasso.
1097 2476 1129 2502 R.
1149 2477 1223 2509 copia
1235 2476 1303 2500 male
1315 2476 1439 2506 PAULus,
1453 2475 1498 2500 loc.
1512 2475 1556 2500 cit.
1575 2475 1622 2499 clue
1634 2475 1686 2498 ha:
1704 2473 1889 2507 Ragimperto
1910 2488 1943 2492 --
1963 2473 2005 2499 26.
2024 2473 2278 2506 Longobardorum

421 2527 507 2552 regno
527 2521 554 2544 Β
571 2526 583 2542 e
602 2518 679 2545 Sasso
699 2532 731 2537 -—
752 2518 794 2543 28.
814 2518 1016 2551 Liudprandus
1032 2517 1057 2543 0
1071 2532 1104 2536 —
1125 2525 1168 2551 29.
1182 2525 1245 2543 cum
1264 2518 1295 2543 ln
1315 2524 1403 2550 regno
1415 2524 1510 2541 manca
1526 2516 1592 2541 0-
1606 2523 1649 2549 3o.
1665 2516 1818 2542 Cociarum
1838 2517 1889 2541 Be
1908 2516 2000 2546 Sasso;
2020 2514 2188 2541 Cocharum
2205 2515 2229 2540 C
2245 2527 2277 2534 —

420 2568 462 2593 31.
480 2562 533 2585 Hic
553 2562 583 2585 in
605 2561 694 2585 initio
718 2560 741 2584 C
758 2574 791 2578 —
811 2568 854 2593 33.
874 2562 1004 2586 ciuitatis
1027 2560 1051 2584 C

2307 865 2370 912 ¹⁰ss

2309 1127 2374 1162 15

507 2646 516 2664 ¹
536 2648 661 2679 Pmnms,
680 2647 727 2677 VI,
741 2654 844 2672 xxxiv.
865 2655 892 2679 R,
912 2655 991 2672 come
1004 2647 1120 2678 Paulus,
1140 2645 1219 2680 segui
1235 2647 1324 2672 anche

421 2690 511 2720 Bam,
528 2692 569 2721 op.
586 2691 641 2719 cit„
660 2697 706 2713 an.
726 2688 805 2722 4659,
824 2688 892 2722 4665
914 2697 928 2714 e
949 2688 1027 2722 4667.

509 2730 520 2747 ²
538 2731 629 2762 IDEM,
647 2731 695 2760 VI,
714 2737 808 2756 xxxv1
834 2738 849 2755 e
869 2732 915 2756 nel
934 2731 1081 2764 principio
1100 2731 1191 2761 Bnns,
1210 2734 1249 2763 op.
1269 2732 1322 2760 cit..

422 2782 467 2799 an.
485 2773 563 2806 4670.
583 2774 729 2807 Filippico
747 2775 777 2799 fu
792 2774 989 2799 detronizzato
1003 2773 1025 2798 il
1038 2774 1142 2806 giorno
1163 2774 1239 2799 della
1252 2774 1323 2798 Pen-

421 2817 528 2840 tecoste
547 2823 564 2848 4
582 2816 691 2848 giugno
713 2821 772 2848 713.

509 2856 520 2872 ²³
538 2856 649 2882 L’anno
675 2865 689 2882 e
714 2857 887 2882 l'indizione
913 2858 988 2883 della
1012 2859 1105 2883 morte
1124 2858 1153 2882 di
1174 2865 1247 2890 papa
1267 2857 1322 2883 Co-

422 2900 551 2924 stantino
572 2907 642 2924 sono
662 2901 759 2925 errati.

511 2940 524 2956 ⁴
543 2940 635 2966 Sedici
661 2942 732 2966 anni
766 2949 873 2966 enove
899 2942 968 2966 mesi
994 2942 1025 2967 di
1044 2942 1215 2976 pontificato
1241 2943 1322 2967 attri-

421 2983 562 3007 buiscono
580 2991 598 3008 a
616 2982 758 3016 Gregorio
778 2983 789 3008 i
809 2991 875 3008 mss.
896 2983 942 3008 del
961 2983 1042 3010 Liber
1059 2984 1229 3016 Pontificum
1247 2984 1323 3008 della

424 3025 512 3049 classe
525 3025 550 3048 B
563 3033 577 3049 e
592 3026 794 3057 precisamente
809 3025 830 3049 il
844 3025 1026 3057 Napoletano
1040 3025 1089 3058 1v,
1104 3026 1140 3050 A.
1152 3026 1183 3052 8:
1205 3025 1250 3051 Cf.
1264 3026 1324 3051 DU-

1378 2652 1501 2676 cnnsnn,
1519 2646 1542 2677 Ι,
1561 2644 1614 2678 396
1635 2653 1649 2670 e
1668 2653 1696 2678 p.
1718 2652 1765 2678 115
1787 2645 1903 2679 “Slgles
1924 2645 1971 2670 des
1991 2645 2165 2670 Manuscrsts
2175 2662 2200 2676 ῃ.

1466 2687 1477 2704 ⁵
1495 2688 1524 2713 L.
1544 2688 1584 2718 P..
1602 2687 1623 2719 Ι,
1643 2687 1709 2721 396;
1729 2694 1748 2712 R
1773 2694 1856 2720 segue
1876 2688 1905 2712 la
1925 2687 2075 2712 redazione
2095 2684 2147 2719 piis
2165 2688 2277 2712 recente

1378 2732 1458 2764 quasi
1479 2730 1698 2756 letteralmente.

1466 2771 1479 2789 ⁸
1497 2773 1583 2803 ΙΒΕΜ,
1602 2772 1624 2804 Ι,
1643 2777 1704 2805 407,
1725 2773 1873 2797 redazione
1892 2769 1943 2805 piu
1963 2772 2090 2796 recenter
2109 2778 2154 2796 an.
2175 2769 2235 2804 728.

1466 2816 1478 2834 '⁷
1495 2815 1583 2845 IDEM,
1601 2815 1623 2847 1,
1643 2821 1694 2849 397
1714 2815 1869 2840 redazione
1888 2812 1939 2847 plu
1959 2815 2078 2839 recente.
2109 2836 2111 2838 ,

1465 2857 1478 2875 ⁸
1497 2859 1621 2888 Faunus,
1640 2858 1688 2888 VI,
1706 2864 1796 2883 xxxv.
1821 2865 1840 2882 n
1865 2859 1945 2891 parte
1970 2858 2062 2890 copia,
2085 2858 2166 2891 parte
2184 2858 2276 2882 sunta.

1465 2899 1478 2917 ⁹
1494 2900 1584 2931 InnM,
1602 2900 1651 2930 VI,
1670 2905 1755 2925 xL111.

2371 2709 2387 2723 ²&

2305 2735 2340 2755 πο
2371 2725 2390 2762 ἐξ

2371 2850 2380 2874 ὲ

2364 2893 2387 2938 ἕ

1458 2941 1481 2958 ¹⁰
1500 2942 1592 2972 Bam,
1612 2945 1654 2974 op.
1673 2943 1726 2972 cit„
1745 2949 1791 2966 sn.
1811 2940 1890 2974 4670.
1911 2941 1956 2966 Cf.
1975 2949 2025 2974 per
2038 2941 2146 2966 notizie
2159 2937 2210 2974 plis
2223 2941 2278 2964 mi·
2305 2950 2337 2976 ²⁵

1383 2986 1452 3010 nute
1470 2983 1500 3010 L.
1519 2984 1560 3014 P„
1577 2983 1599 3014 Ι,
1619 2991 1679 3016 399.

2372 2854 2389 2897 ὲ

2372 2907 2386 2938 ἐ
