<?xml version="1.0" encoding="UTF-8"?>
<!DOCTYPE html PUBLIC "-//W3C//DTD XHTML 1.0 Transitional//EN"
    "http://www.w3.org/TR/xhtml1/DTD/xhtml1-transitional.dtd">
<html xmlns="http://www.w3.org/1999/xhtml" xml:lang="en" lang="en">
 <head>
  <title>
</title>
<meta http-equiv="Content-Type" content="text/html;charset=utf-8" />
  <meta name='ocr-system' content='tesseract 3.04.00' />
  <meta name='ocr-capabilities' content='ocr_page ocr_carea ocr_par ocr_line ocrx_word'/>
</head>
<body>
  <div class='ocr_page' id='page_1' title='image "./rerumitalicarums71murauoft_0136.png"; bbox 0 0 2398 3470; ppageno 0'>
   <div class='ocr_carea' id='block_1_1' title="bbox 185 254 380 280">
    <p class='ocr_par' dir='ltr' id='par_1_1' title="bbox 185 254 380 280">
     <span class='ocr_line' id='line_1_1' title="bbox 185 254 380 280; baseline 0.005 -5"><span class='ocrx_word' id='word_1_1' title='bbox 185 254 261 279; x_wconf 68' lang='lat' dir='ltr'>Mus„</span> <span class='ocrx_word' id='word_1_2' title='bbox 274 260 307 275; x_wconf 85' lang='lat' dir='ltr'>cc.</span> <span class='ocrx_word' id='word_1_3' title='bbox 317 256 380 280; x_wconf 76' lang='lat'><strong>65-66</strong></span> 
     </span>
    </p>
   </div>
   <div class='ocr_carea' id='block_1_2' title="bbox 289 646 372 666">
    <p class='ocr_par' dir='ltr' id='par_1_2' title="bbox 289 646 372 666">
     <span class='ocr_line' id='line_1_2' title="bbox 289 646 372 666; baseline 0 0"><span class='ocrx_word' id='word_1_4' title='bbox 289 652 309 666; x_wconf 88' lang='lat' dir='ltr'>c.</span> <span class='ocrx_word' id='word_1_5' title='bbox 325 646 372 666; x_wconf 71' lang='lat'>88⁶</span> 
     </span>
    </p>
   </div>
   <div class='ocr_carea' id='block_1_3' title="bbox 258 747 371 784">
    <p class='ocr_par' dir='ltr' id='par_1_3' title="bbox 258 747 371 784">
     <span class='ocr_line' id='line_1_3' title="bbox 258 747 371 784; baseline 0 -5"><span class='ocrx_word' id='word_1_6' title='bbox 258 747 280 779; x_wconf 69' lang='lat' dir='ltr'>ui.</span> <span class='ocrx_word' id='word_1_7' title='bbox 296 766 316 780; x_wconf 84' lang='lat' dir='ltr'>c.</span> <span class='ocrx_word' id='word_1_8' title='bbox 331 765 371 784; x_wconf 86' lang='lat'>970</span> 
     </span>
    </p>
   </div>
   <div class='ocr_carea' id='block_1_4' title="bbox 265 1233 371 1254">
    <p class='ocr_par' dir='ltr' id='par_1_4' title="bbox 265 1233 371 1254">
     <span class='ocr_line' id='line_1_4' title="bbox 265 1233 371 1254; baseline 0 -1"><span class='ocrx_word' id='word_1_9' title='bbox 265 1234 293 1254; x_wconf 79' lang='lat' dir='ltr'>Ut</span> <span class='ocrx_word' id='word_1_10' title='bbox 298 1233 371 1254; x_wconf 79' lang='lat' dir='ltr'>banus</span> 
     </span>
    </p>
   </div>
   <div class='ocr_carea' id='block_1_5' title="bbox 359 2599 391 2617">
    <p class='ocr_par' dir='ltr' id='par_1_5' title="bbox 359 2599 391 2617">
     <span class='ocr_line' id='line_1_5' title="bbox 359 2599 391 2617; baseline 0 0"><span class='ocrx_word' id='word_1_11' title='bbox 359 2599 391 2617; x_wconf 89' lang='lat'>10</span> 
     </span>
    </p>
   </div>
   <div class='ocr_carea' id='block_1_6' title="bbox 361 2810 390 2836">
    <p class='ocr_par' dir='ltr' id='par_1_6' title="bbox 361 2810 390 2836">
     <span class='ocr_line' id='line_1_6' title="bbox 361 2810 390 2836; baseline 0 0"><span class='ocrx_word' id='word_1_12' title='bbox 361 2810 390 2836; x_wconf 85' lang='lat'>¹5</span> 
     </span>
    </p>
   </div>
   <div class='ocr_carea' id='block_1_7' title="bbox 360 3023 394 3044">
    <p class='ocr_par' dir='ltr' id='par_1_7' title="bbox 360 3023 394 3044">
     <span class='ocr_line' id='line_1_7' title="bbox 360 3023 394 3044; baseline 0 -3"><span class='ocrx_word' id='word_1_13' title='bbox 360 3023 394 3044; x_wconf 70' lang='lat'>20</span> 
     </span>
    </p>
   </div>
   <div class='ocr_carea' id='block_1_8' title="bbox 1018 237 2285 280">
    <p class='ocr_par' dir='ltr' id='par_1_8' title="bbox 1018 237 2285 280">
     <span class='ocr_line' id='line_1_8' title="bbox 1018 237 2285 280; baseline -0.003 -4"><span class='ocrx_word' id='word_1_14' title='bbox 1018 237 1310 276; x_wconf 91' lang='lat' dir='ltr'>ROMUALDI</span> <span class='ocrx_word' id='word_1_15' title='bbox 1337 237 1702 275; x_wconf 90' lang='lat' dir='ltr'>SALERNITANI</span> <span class='ocrx_word' id='word_1_16' title='bbox 1739 242 2037 279; x_wconf 78' lang='lat' dir='ltr'>[AA.c.223-239;</span> <span class='ocrx_word' id='word_1_17' title='bbox 2051 251 2078 271; x_wconf 91' lang='lat' dir='ltr'>u.</span> <span class='ocrx_word' id='word_1_18' title='bbox 2091 246 2285 280; x_wconf 57' lang='lat'>2974-991]</span> 
     </span>
    </p>
   </div>
   <div class='ocr_carea' id='block_1_9' title="bbox 419 368 2288 1378">
    <p class='ocr_par' dir='ltr' id='par_1_9' title="bbox 421 368 2286 511">
     <span class='ocr_line' id='line_1_9' title="bbox 421 368 2284 415; baseline -0.001 -12"><span class='ocrx_word' id='word_1_19' title='bbox 421 370 480 413; x_wconf 91' lang='lat' dir='ltr'>qui</span> <span class='ocrx_word' id='word_1_20' title='bbox 505 371 644 404; x_wconf 87' lang='lat' dir='ltr'>dicunt:</span> <span class='ocrx_word' id='word_1_21' title='bbox 667 371 858 404; x_wconf 76' lang='lat' dir='ltr'><em>sacerdotes</em></span> <span class='ocrx_word' id='word_1_22' title='bbox 878 374 959 415; x_wconf 81' lang='lat' dir='ltr'>post</span> <span class='ocrx_word' id='word_1_23' title='bbox 980 371 1122 414; x_wconf 78' lang='lat' dir='ltr'>lapsum,</span> <span class='ocrx_word' id='word_1_24' title='bbox 1138 370 1172 402; x_wconf 82' lang='lat' dir='ltr'>si</span> <span class='ocrx_word' id='word_1_25' title='bbox 1184 369 1332 412; x_wconf 77' lang='lat' dir='ltr'>dignam</span> <span class='ocrx_word' id='word_1_26' title='bbox 1349 368 1492 411; x_wconf 76' lang='lat' dir='ltr'>egerint</span> <span class='ocrx_word' id='word_1_27' title='bbox 1513 369 1748 412; x_wconf 76' lang='lat' dir='ltr'><em>penitentiam,</em></span> <span class='ocrx_word' id='word_1_28' title='bbox 1765 379 1831 401; x_wconf 84' lang='lat' dir='ltr'>non</span> <span class='ocrx_word' id='word_1_29' title='bbox 1850 372 1952 413; x_wconf 78' lang='lat' dir='ltr'>posse</span> <span class='ocrx_word' id='word_1_30' title='bbox 1973 369 2022 401; x_wconf 85' lang='lat' dir='ltr'>ad</span> <span class='ocrx_word' id='word_1_31' title='bbox 2038 369 2206 413; x_wconf 76' lang='lat' dir='ltr'>pristinos</span> <span class='ocrx_word' id='word_1_32' title='bbox 2227 379 2284 402; x_wconf 76' lang='lat' dir='ltr'>re·-</span> 
     </span>
     <span class='ocr_line' id='line_1_10' title="bbox 422 421 2286 468; baseline 0.001 -13"><span class='ocrx_word' id='word_1_33' title='bbox 422 424 497 456; x_wconf 79' lang='lat' dir='ltr'>dire</span> <span class='ocrx_word' id='word_1_34' title='bbox 520 424 671 457; x_wconf 80' lang='lat' dir='ltr'>honores.</span> <span class='ocrx_word' id='word_1_35' title='bbox 719 424 789 457; x_wconf 88' lang='lat' dir='ltr'>Sed</span> <span class='ocrx_word' id='word_1_36' title='bbox 813 430 848 457; x_wconf 89' lang='lat' dir='ltr'>et</span> <span class='ocrx_word' id='word_1_37' title='bbox 870 424 928 457; x_wconf 89' lang='lat' dir='ltr'>hic</span> <span class='ocrx_word' id='word_1_38' title='bbox 951 423 1116 468; x_wconf 86' lang='lat' dir='ltr'>martyrio</span> <span class='ocrx_word' id='word_1_39' title='bbox 1141 427 1325 455; x_wconf 88' lang='lat' dir='ltr'>coronatus</span> <span class='ocrx_word' id='word_1_40' title='bbox 1348 427 1410 461; x_wconf 89' lang='lat' dir='ltr'>est,</span> <span class='ocrx_word' id='word_1_41' title='bbox 1435 427 1471 454; x_wconf 92' lang='lat' dir='ltr'>et</span> <span class='ocrx_word' id='word_1_42' title='bbox 1492 421 1649 464; x_wconf 84' lang='lat' dir='ltr'>sepultus</span> <span class='ocrx_word' id='word_1_43' title='bbox 1671 422 1706 454; x_wconf 89' lang='lat' dir='ltr'>in</span> <span class='ocrx_word' id='word_1_44' title='bbox 1730 421 1924 462; x_wconf 88' lang='lat' dir='ltr'>Cimiterio,</span> <span class='ocrx_word' id='word_1_45' title='bbox 1947 422 2049 465; x_wconf 61' lang='lat' dir='ltr'>quod*</span> <span class='ocrx_word' id='word_1_46' title='bbox 2066 433 2128 456; x_wconf 93' lang='lat' dir='ltr'>suo</span> <span class='ocrx_word' id='word_1_47' title='bbox 2144 423 2286 456; x_wconf 77' lang='lat' dir='ltr'>nomine</span> 
     </span>
     <span class='ocr_line' id='line_1_11' title="bbox 423 476 737 511; baseline 0.006 -2"><span class='ocrx_word' id='word_1_48' title='bbox 423 477 552 510; x_wconf 90' lang='lat' dir='ltr'>dicitur</span> <span class='ocrx_word' id='word_1_49' title='bbox 576 476 703 511; x_wconf 85' lang='lat' dir='ltr'>Calixti</span> <span class='ocrx_word' id='word_1_50' title='bbox 715 477 737 511; x_wconf 86' lang='lat'>¹.</span> 
     </span>
    </p>

    <p class='ocr_par' dir='ltr' id='par_1_10' title="bbox 422 528 2287 735">
     <span class='ocr_line' id='line_1_12' title="bbox 512 528 2287 573; baseline -0.001 -10"><span class='ocrx_word' id='word_1_51' title='bbox 512 530 595 564; x_wconf 87' lang='lat' dir='ltr'>Post</span> <span class='ocrx_word' id='word_1_52' title='bbox 617 530 817 565; x_wconf 77' lang='lat' dir='ltr'>Bassianum</span> <span class='ocrx_word' id='word_1_53' title='bbox 841 531 1110 565; x_wconf 75' lang='lat' dir='ltr'><strong>nonusdecimus</strong></span> <span class='ocrx_word' id='word_1_54' title='bbox 1134 529 1178 562; x_wconf 91' lang='lat' dir='ltr'>ab</span> <span class='ocrx_word' id='word_1_55' title='bbox 1202 528 1360 572; x_wconf 83' lang='lat' dir='ltr'>Augusto</span> <span class='ocrx_word' id='word_1_56' title='bbox 1391 528 1489 569; x_wconf 89' lang='lat' dir='ltr'>filius,</span> <span class='ocrx_word' id='word_1_57' title='bbox 1512 529 1706 568; x_wconf 88' lang='lat' dir='ltr'>Macrinus,</span> <span class='ocrx_word' id='word_1_58' title='bbox 1735 529 1794 572; x_wconf 90' lang='lat' dir='ltr'>qui</span> <span class='ocrx_word' id='word_1_59' title='bbox 1817 530 1997 572; x_wconf 67' lang='lat' dir='ltr'>prefectus</span> <span class='ocrx_word' id='word_1_60' title='bbox 2027 529 2182 573; x_wconf 87' lang='lat' dir='ltr'>pretorio</span> <span class='ocrx_word' id='word_1_61' title='bbox 2212 535 2287 563; x_wconf 89' lang='lat' dir='ltr'>erat</span> 
     </span>
     <span class='ocr_line' id='line_1_13' title="bbox 423 582 2287 627; baseline 0 -12"><span class='ocrx_word' id='word_1_62' title='bbox 423 594 501 616; x_wconf 88' lang='lat' dir='ltr'>curn</span> <span class='ocrx_word' id='word_1_63' title='bbox 525 584 596 617; x_wconf 90' lang='lat' dir='ltr'>filio</span> <span class='ocrx_word' id='word_1_64' title='bbox 618 585 841 619; x_wconf 89' lang='lat' dir='ltr'>Diadumedo</span> <span class='ocrx_word' id='word_1_65' title='bbox 865 585 993 617; x_wconf 84' lang='lat' dir='ltr'>inuasit</span> <span class='ocrx_word' id='word_1_66' title='bbox 1014 583 1205 627; x_wconf 86' lang='lat' dir='ltr'>imperium.</span> <span class='ocrx_word' id='word_1_67' title='bbox 1252 582 1298 614; x_wconf 90' lang='lat' dir='ltr'>Hi</span> <span class='ocrx_word' id='word_1_68' title='bbox 1322 582 1408 615; x_wconf 83' lang='lat' dir='ltr'>facti</span> <span class='ocrx_word' id='word_1_69' title='bbox 1430 582 1660 625; x_wconf 87' lang='lat' dir='ltr'>imperatores</span> <span class='ocrx_word' id='word_1_70' title='bbox 1682 583 1790 616; x_wconf 85' lang='lat' dir='ltr'><strong>nichil</strong></span> <span class='ocrx_word' id='word_1_71' title='bbox 1813 583 2040 616; x_wconf 78' lang='lat' dir='ltr'>memorabile</span> <span class='ocrx_word' id='word_1_72' title='bbox 2064 593 2108 615; x_wconf 87' lang='lat' dir='ltr'>ex</span> <span class='ocrx_word' id='word_1_73' title='bbox 2123 583 2287 626; x_wconf 75' lang='lat' dir='ltr'>temporis</span> 
     </span>
     <span class='ocr_line' id='line_1_14' title="bbox 422 635 2287 682; baseline 0 -13"><span class='ocrx_word' id='word_1_74' title='bbox 422 636 594 671; x_wconf 85' lang='lat' dir='ltr'>breuitate</span> <span class='ocrx_word' id='word_1_75' title='bbox 618 645 808 682; x_wconf 86' lang='lat' dir='ltr'>gesserunt,</span> <span class='ocrx_word' id='word_1_76' title='bbox 832 649 911 671; x_wconf 90' lang='lat' dir='ltr'>nam</span> <span class='ocrx_word' id='word_1_77' title='bbox 943 648 1084 670; x_wconf 88' lang='lat' dir='ltr'>emenso</span> <span class='ocrx_word' id='word_1_78' title='bbox 1107 647 1209 675; x_wconf 87' lang='lat' dir='ltr'>anno,</span> <span class='ocrx_word' id='word_1_79' title='bbox 1235 635 1412 669; x_wconf 86' lang='lat' dir='ltr'>continuo&#39;</span> <span class='ocrx_word' id='word_1_80' title='bbox 1436 637 1532 679; x_wconf 90' lang='lat' dir='ltr'>apud</span> <span class='ocrx_word' id='word_1_81' title='bbox 1561 635 1811 670; x_wconf 78' lang='lat' dir='ltr'>Archelaidem</span> <span class='ocrx_word' id='word_1_82' title='bbox 1835 636 1975 669; x_wconf 85' lang='lat' dir='ltr'>militari</span> <span class='ocrx_word' id='word_1_83' title='bbox 2005 637 2154 670; x_wconf 78' lang='lat' dir='ltr'>tumultu</span> <span class='ocrx_word' id='word_1_84' title='bbox 2183 635 2287 670; x_wconf 86' lang='lat' dir='ltr'>ambo</span> 
     </span>
     <span class='ocr_line' id='line_1_15' title="bbox 422 689 2074 735; baseline 0.001 -13"><span class='ocrx_word' id='word_1_85' title='bbox 422 690 554 733; x_wconf 87' lang='lat' dir='ltr'>pariter</span> <span class='ocrx_word' id='word_1_86' title='bbox 577 692 684 725; x_wconf 81' lang='lat' dir='ltr'>occisi</span> <span class='ocrx_word' id='word_1_87' title='bbox 709 698 788 724; x_wconf 89' lang='lat' dir='ltr'>sunt</span> <span class='ocrx_word' id='word_1_88' title='bbox 801 691 823 725; x_wconf 80' lang='lat'>³.</span> <span class='ocrx_word' id='word_1_89' title='bbox 877 691 1056 735; x_wconf 88' lang='lat' dir='ltr'>“Abgarus</span> <span class='ocrx_word' id='word_1_90' title='bbox 1079 690 1131 723; x_wconf 87' lang='lat' dir='ltr'>uir</span> <span class='ocrx_word' id='word_1_91' title='bbox 1154 695 1292 722; x_wconf 86' lang='lat' dir='ltr'>sanctus</span> <span class='ocrx_word' id='word_1_92' title='bbox 1315 689 1486 732; x_wconf 84' lang='lat' dir='ltr'>regnabat</span> <span class='ocrx_word' id='word_1_93' title='bbox 1508 689 1643 723; x_wconf 85' lang='lat' dir='ltr'>Edesse</span> <span class='ocrx_word' id='word_1_94' title='bbox 1667 696 1704 723; x_wconf 92' lang='lat' dir='ltr'>ut</span> <span class='ocrx_word' id='word_1_95' title='bbox 1727 691 1801 723; x_wconf 88' lang='lat' dir='ltr'>uult</span> <span class='ocrx_word' id='word_1_96' title='bbox 1824 689 2016 723; x_wconf 75' lang='lat' dir='ltr'>Africanus</span> <span class='ocrx_word' id='word_1_97' title='bbox 2029 689 2074 731; x_wconf 51' lang='grc' dir='ltr'>η’.</span> 
     </span>
    </p>

    <p class='ocr_par' dir='ltr' id='par_1_11' title="bbox 419 742 2288 1378">
     <span class='ocr_line' id='line_1_16' title="bbox 509 742 2288 781; baseline 0 -5"><span class='ocrx_word' id='word_1_98' title='bbox 509 743 612 777; x_wconf 89' lang='lat' dir='ltr'>Anno</span> <span class='ocrx_word' id='word_1_99' title='bbox 636 744 680 778; x_wconf 83' lang='lat' dir='ltr'>ab</span> <span class='ocrx_word' id='word_1_100' title='bbox 704 745 938 778; x_wconf 86' lang='lat' dir='ltr'>incarnatione</span> <span class='ocrx_word' id='word_1_101' title='bbox 962 743 1102 776; x_wconf 85' lang='lat' dir='ltr'>Domini</span> <span class='ocrx_word' id='word_1_102' title='bbox 1125 742 1320 781; x_wconf 85' lang='lat' dir='ltr'>CCXXIII,</span> <span class='ocrx_word' id='word_1_103' title='bbox 1345 747 1379 774; x_wconf 88' lang='lat' dir='ltr'>et</span> <span class='ocrx_word' id='word_1_104' title='bbox 1403 753 1496 775; x_wconf 87' lang='lat' dir='ltr'>anno</span> <span class='ocrx_word' id='word_1_105' title='bbox 1521 742 1564 776; x_wconf 90' lang='lat' dir='ltr'>ab</span> <span class='ocrx_word' id='word_1_106' title='bbox 1587 742 1674 776; x_wconf 88' lang='lat' dir='ltr'>urbe</span> <span class='ocrx_word' id='word_1_107' title='bbox 1697 743 1838 777; x_wconf 89' lang='lat' dir='ltr'>condita</span> <span class='ocrx_word' id='word_1_108' title='bbox 1861 743 2120 777; x_wconf 91' lang='lat' dir='ltr'>DCCCCLXX</span> <span class='ocrx_word' id='word_1_109' title='bbox 2143 744 2288 777; x_wconf 80' lang='lat' dir='ltr'>Marcus</span> 
     </span>
     <span class='ocr_line' id='line_1_17' title="bbox 421 795 2288 842; baseline 0.001 -13"><span class='ocrx_word' id='word_1_110' title='bbox 421 796 585 831; x_wconf 73' lang='lat' dir='ltr'>Aurelius</span> <span class='ocrx_word' id='word_1_111' title='bbox 607 797 817 838; x_wconf 84' lang='lat' dir='ltr'>Antoninus,</span> <span class='ocrx_word' id='word_1_112' title='bbox 841 799 900 842; x_wconf 93' lang='lat' dir='ltr'>qui</span> <span class='ocrx_word' id='word_1_113' title='bbox 923 797 1092 830; x_wconf 89' lang='lat' dir='ltr'>Antonini</span> <span class='ocrx_word' id='word_1_114' title='bbox 1118 795 1299 829; x_wconf 86' lang='lat' dir='ltr'>Caracalle</span> <span class='ocrx_word' id='word_1_115' title='bbox 1315 796 1406 828; x_wconf 88' lang='lat' dir='ltr'>filius</span> <span class='ocrx_word' id='word_1_116' title='bbox 1420 797 1617 839; x_wconf 87' lang='lat' dir='ltr'>putabatur,</span> <span class='ocrx_word' id='word_1_117' title='bbox 1642 797 1830 830; x_wconf 87' lang='lat' dir='ltr'>uicesimus</span> <span class='ocrx_word' id='word_1_118' title='bbox 1853 797 1897 830; x_wconf 90' lang='lat' dir='ltr'>ab</span> <span class='ocrx_word' id='word_1_119' title='bbox 1922 796 2081 841; x_wconf 87' lang='lat' dir='ltr'>Augusto</span> <span class='ocrx_word' id='word_1_120' title='bbox 2104 797 2288 841; x_wconf 82' lang='lat' dir='ltr'>imperium</span> 
     </span>
     <span class='ocr_line' id='line_1_18' title="bbox 423 850 2288 895; baseline 0.001 -12"><span class='ocrx_word' id='word_1_121' title='bbox 423 851 581 894; x_wconf 87' lang='lat' dir='ltr'>adeptus,</span> <span class='ocrx_word' id='word_1_122' title='bbox 598 852 708 885; x_wconf 87' lang='lat' dir='ltr'>tenuit</span> <span class='ocrx_word' id='word_1_123' title='bbox 723 852 821 884; x_wconf 89' lang='lat' dir='ltr'>annis</span> <span class='ocrx_word' id='word_1_124' title='bbox 837 858 1008 894; x_wconf 88' lang='lat' dir='ltr'>quattuor.</span> <span class='ocrx_word' id='word_1_125' title='bbox 1055 851 1125 883; x_wconf 90' lang='lat' dir='ltr'>Hic</span> <span class='ocrx_word' id='word_1_126' title='bbox 1141 855 1258 882; x_wconf 90' lang='lat' dir='ltr'>autem</span> <span class='ocrx_word' id='word_1_127' title='bbox 1275 850 1441 882; x_wconf 80' lang='lat' dir='ltr'>sacerdos</span> <span class='ocrx_word' id='word_1_128' title='bbox 1459 850 1683 895; x_wconf 84' lang='lat' dir='ltr'>Heliogabali</span> <span class='ocrx_word' id='word_1_129' title='bbox 1700 851 1834 893; x_wconf 84' lang='lat' dir='ltr'>templi,</span> <span class='ocrx_word' id='word_1_130' title='bbox 1851 857 1927 884; x_wconf 87' lang='lat' dir='ltr'>erat</span> <span class='ocrx_word' id='word_1_131' title='bbox 1937 850 1951 869; x_wconf 85' lang='lat'><strong>⁴</strong></span> <span class='ocrx_word' id='word_1_132' title='bbox 1966 850 2025 894; x_wconf 91' lang='lat' dir='ltr'>qui</span> <span class='ocrx_word' id='word_1_133' title='bbox 2041 861 2121 884; x_wconf 81' lang='lat' dir='ltr'>cnm</span> <span class='ocrx_word' id='word_1_134' title='bbox 2137 850 2288 884; x_wconf 68' lang='lat' dir='ltr'>Romam</span> 
     </span>
     <span class='ocr_line' id='line_1_19' title="bbox 421 903 2287 947; baseline 0.002 -13"><span class='ocrx_word' id='word_1_135' title='bbox 421 904 553 947; x_wconf 82' lang='lat' dir='ltr'>ingenti</span> <span class='ocrx_word' id='word_1_136' title='bbox 577 905 723 937; x_wconf 91' lang='lat' dir='ltr'>militum</span> <span class='ocrx_word' id='word_1_137' title='bbox 748 911 782 937; x_wconf 89' lang='lat' dir='ltr'>et</span> <span class='ocrx_word' id='word_1_138' title='bbox 803 910 943 938; x_wconf 87' lang='lat' dir='ltr'>senatus</span> <span class='ocrx_word' id='word_1_139' title='bbox 967 904 1210 946; x_wconf 83' lang='lat' dir='ltr'>expectatione</span> <span class='ocrx_word' id='word_1_140' title='bbox 1234 903 1397 943; x_wconf 88' lang='lat' dir='ltr'>uenisset,</span> <span class='ocrx_word' id='word_1_141' title='bbox 1421 904 1548 946; x_wconf 88' lang='lat' dir='ltr'>stupris</span> <span class='ocrx_word' id='word_1_142' title='bbox 1570 910 1605 936; x_wconf 90' lang='lat' dir='ltr'>et</span> <span class='ocrx_word' id='word_1_143' title='bbox 1626 904 1764 947; x_wconf 86' lang='lat' dir='ltr'>probris</span> <span class='ocrx_word' id='word_1_144' title='bbox 1787 904 1947 937; x_wconf 90' lang='lat' dir='ltr'>omnibus</span> <span class='ocrx_word' id='word_1_145' title='bbox 1969 914 2007 937; x_wconf 91' lang='lat' dir='ltr'>se</span> <span class='ocrx_word' id='word_1_146' title='bbox 2024 903 2287 944; x_wconf 58' lang='lat' dir='ltr'>contaminavit,</span> 
     </span>
     <span class='ocr_line' id='line_1_20' title="bbox 420 955 2288 1002; baseline 0.002 -14"><span class='ocrx_word' id='word_1_147' title='bbox 420 957 692 1001; x_wconf 82' lang='lat' dir='ltr'>impudicissime</span> <span class='ocrx_word' id='word_1_148' title='bbox 717 965 752 991; x_wconf 90' lang='lat' dir='ltr'>et</span> <span class='ocrx_word' id='word_1_149' title='bbox 783 958 1028 991; x_wconf 86' lang='lat' dir='ltr'>obscenissime</span> <span class='ocrx_word' id='word_1_150' title='bbox 1059 956 1143 989; x_wconf 84' lang='lat' dir='ltr'>uixit</span> <span class='ocrx_word' id='word_1_151' title='bbox 1156 955 1178 996; x_wconf 86' lang='lat'>⁵,</span> <span class='ocrx_word' id='word_1_152' title='bbox 1202 962 1237 989; x_wconf 90' lang='lat' dir='ltr'>et</span> <span class='ocrx_word' id='word_1_153' title='bbox 1260 956 1389 989; x_wconf 85' lang='lat' dir='ltr'>nuliam</span> <span class='ocrx_word' id='word_1_154' title='bbox 1421 956 1486 995; x_wconf 90' lang='lat' dir='ltr'>sui,</span> <span class='ocrx_word' id='word_1_155' title='bbox 1517 957 1583 990; x_wconf 91' lang='lat' dir='ltr'>nisi</span> <span class='ocrx_word' id='word_1_156' title='bbox 1613 957 1833 1001; x_wconf 87' lang='lat' dir='ltr'>flagitiorum,</span> <span class='ocrx_word' id='word_1_157' title='bbox 1864 958 2040 1002; x_wconf 86' lang='lat' dir='ltr'>totiusque</span> <span class='ocrx_word' id='word_1_158' title='bbox 2063 956 2288 991; x_wconf 71' lang='lat' dir='ltr'>obscenitatis</span> 
     </span>
     <span class='ocr_line' id='line_1_21' title="bbox 421 1010 2287 1055; baseline 0 -12"><span class='ocrx_word' id='word_1_159' title='bbox 421 1011 587 1044; x_wconf 78' lang='lat' dir='ltr'>infamem</span> <span class='ocrx_word' id='word_1_160' title='bbox 610 1012 694 1045; x_wconf 83' lang='lat' dir='ltr'>satis</span> <span class='ocrx_word' id='word_1_161' title='bbox 716 1012 919 1045; x_wconf 85' lang='lat' dir='ltr'>memoriam</span> <span class='ocrx_word' id='word_1_162' title='bbox 949 1011 1100 1054; x_wconf 84' lang='lat' dir='ltr'>reliquit.</span> <span class='ocrx_word' id='word_1_163' title='bbox 1147 1010 1315 1043; x_wconf 90' lang='lat' dir='ltr'>Tumultu</span> <span class='ocrx_word' id='word_1_164' title='bbox 1346 1016 1461 1043; x_wconf 91' lang='lat' dir='ltr'>autem</span> <span class='ocrx_word' id='word_1_165' title='bbox 1492 1011 1636 1043; x_wconf 88' lang='lat' dir='ltr'>militari</span> <span class='ocrx_word' id='word_1_166' title='bbox 1660 1018 1794 1050; x_wconf 85' lang='lat' dir='ltr'>exorto,</span> <span class='ocrx_word' id='word_1_167' title='bbox 1826 1012 1941 1045; x_wconf 88' lang='lat' dir='ltr'>Rome</span> <span class='ocrx_word' id='word_1_168' title='bbox 1966 1012 2041 1055; x_wconf 84' lang='lat' dir='ltr'>ipse</span> <span class='ocrx_word' id='word_1_169' title='bbox 2066 1021 2145 1044; x_wconf 87' lang='lat' dir='ltr'>cum</span> <span class='ocrx_word' id='word_1_170' title='bbox 2177 1017 2287 1045; x_wconf 63' lang='lat' dir='ltr'>mite</span> 
     </span>
     <span class='ocr_line' id='line_1_22' title="bbox 419 1063 2287 1107; baseline 0.001 -11"><span class='ocrx_word' id='word_1_171' title='bbox 419 1065 626 1098; x_wconf 80' lang='lat' dir='ltr'>interfectus</span> <span class='ocrx_word' id='word_1_172' title='bbox 648 1071 702 1098; x_wconf 86' lang='lat' dir='ltr'>est</span> <span class='ocrx_word' id='word_1_173' title='bbox 713 1065 735 1098; x_wconf 84' lang='lat'>⁶.</span> <span class='ocrx_word' id='word_1_174' title='bbox 787 1066 857 1098; x_wconf 83' lang='lat' dir='ltr'>“In</span> <span class='ocrx_word' id='word_1_175' title='bbox 879 1065 1056 1098; x_wconf 86' lang='lat' dir='ltr'>Palestina</span> <span class='ocrx_word' id='word_1_176' title='bbox 1087 1063 1283 1107; x_wconf 82' lang='lat' dir='ltr'>Nicopolis,</span> <span class='ocrx_word' id='word_1_177' title='bbox 1315 1074 1384 1107; x_wconf 89' lang='lat' dir='ltr'>que</span> <span class='ocrx_word' id='word_1_178' title='bbox 1407 1063 1505 1107; x_wconf 90' lang='lat' dir='ltr'>prius</span> <span class='ocrx_word' id='word_1_179' title='bbox 1527 1064 1691 1098; x_wconf 84' lang='lat' dir='ltr'>Emmaus</span> <span class='ocrx_word' id='word_1_180' title='bbox 1714 1065 1915 1105; x_wconf 87' lang='lat' dir='ltr'>uocabatur,</span> <span class='ocrx_word' id='word_1_181' title='bbox 1938 1064 2020 1098; x_wconf 84' lang='lat' dir='ltr'>urbs</span> <span class='ocrx_word' id='word_1_182' title='bbox 2052 1065 2195 1098; x_wconf 84' lang='lat' dir='ltr'>condita</span> <span class='ocrx_word' id='word_1_183' title='bbox 2224 1070 2287 1105; x_wconf 75' lang='lat' dir='ltr'>est,</span> 
     </span>
     <span class='ocr_line' id='line_1_23' title="bbox 426 1116 2288 1164; baseline 0.001 -14"><span class='ocrx_word' id='word_1_184' title='bbox 426 1118 638 1161; x_wconf 85' lang='lat' dir='ltr'>“legationis</span> <span class='ocrx_word' id='word_1_185' title='bbox 660 1119 864 1152; x_wconf 88' lang='lat' dir='ltr'>industriam</span> <span class='ocrx_word' id='word_1_186' title='bbox 887 1129 951 1161; x_wconf 89' lang='lat' dir='ltr'>pro</span> <span class='ocrx_word' id='word_1_187' title='bbox 976 1129 1018 1150; x_wconf 91' lang='lat' dir='ltr'>ea</span> <span class='ocrx_word' id='word_1_188' title='bbox 1040 1117 1254 1161; x_wconf 87' lang='lat' dir='ltr'>suscipiente</span> <span class='ocrx_word' id='word_1_189' title='bbox 1277 1117 1371 1160; x_wconf 87' lang='lat' dir='ltr'>Julio</span> <span class='ocrx_word' id='word_1_190' title='bbox 1393 1116 1568 1150; x_wconf 74' lang='lat' dir='ltr'>Airicano</span> <span class='ocrx_word' id='word_1_191' title='bbox 1598 1118 1769 1161; x_wconf 85' lang='lat' dir='ltr'>scriptore</span> <span class='ocrx_word' id='word_1_192' title='bbox 1792 1124 1990 1162; x_wconf 89' lang='lat' dir='ltr'>temporum</span> <span class='ocrx_word' id='word_1_193' title='bbox 2003 1118 2026 1152; x_wconf 79' lang='lat'>¹¹.</span> <span class='ocrx_word' id='word_1_194' title='bbox 2073 1117 2288 1164; x_wconf 71' lang='lat' dir='ltr'>Hyppolims</span> 
     </span>
     <span class='ocr_line' id='line_1_24' title="bbox 427 1171 2288 1216; baseline 0.001 -13"><span class='ocrx_word' id='word_1_195' title='bbox 427 1173 441 1189; x_wconf 88' lang='lat'>“</span> <span class='ocrx_word' id='word_1_196' title='bbox 456 1172 641 1215; x_wconf 89' lang='lat' dir='ltr'>episcopus</span> <span class='ocrx_word' id='word_1_197' title='bbox 665 1173 849 1205; x_wconf 84' lang='lat' dir='ltr'>multorum</span> <span class='ocrx_word' id='word_1_198' title='bbox 873 1172 1033 1205; x_wconf 91' lang='lat' dir='ltr'>conditor</span> <span class='ocrx_word' id='word_1_199' title='bbox 1049 1172 1306 1214; x_wconf 89' lang='lat' dir='ltr'>opusculorum,</span> <span class='ocrx_word' id='word_1_200' title='bbox 1323 1177 1519 1214; x_wconf 90' lang='lat' dir='ltr'>temporum</span> <span class='ocrx_word' id='word_1_201' title='bbox 1543 1181 1726 1210; x_wconf 87' lang='lat' dir='ltr'>canonem,</span> <span class='ocrx_word' id='word_1_202' title='bbox 1751 1182 1819 1215; x_wconf 91' lang='lat' dir='ltr'>que</span> <span class='ocrx_word' id='word_1_203' title='bbox 1841 1171 1990 1215; x_wconf 80' lang='lat' dir='ltr'>scripsit,</span> <span class='ocrx_word' id='word_1_204' title='bbox 2006 1173 2188 1216; x_wconf 85' lang='lat' dir='ltr'>hucusque</span> <span class='ocrx_word' id='word_1_205' title='bbox 2206 1182 2288 1215; x_wconf 67' lang='lat' dir='ltr'>pen-</span> 
     </span>
     <span class='ocr_line' id='line_1_25' title="bbox 427 1224 2288 1269; baseline 0.001 -12"><span class='ocrx_word' id='word_1_206' title='bbox 427 1226 441 1241; x_wconf 85' lang='lat'>“</span> <span class='ocrx_word' id='word_1_207' title='bbox 455 1225 553 1258; x_wconf 86' lang='lat' dir='ltr'>duxit</span> <span class='ocrx_word' id='word_1_208' title='bbox 567 1225 608 1267; x_wconf 83' lang='lat'>„⁸.</span> <span class='ocrx_word' id='word_1_209' title='bbox 656 1224 738 1264; x_wconf 90' lang='lat' dir='ltr'>Quo</span> <span class='ocrx_word' id='word_1_210' title='bbox 762 1232 916 1268; x_wconf 89' lang='lat' dir='ltr'>tempore</span> <span class='ocrx_word' id='word_1_211' title='bbox 941 1224 1104 1258; x_wconf 90' lang='lat' dir='ltr'>Urbanus</span> <span class='ocrx_word' id='word_1_212' title='bbox 1126 1235 1229 1268; x_wconf 85' lang='lat' dir='ltr'>papa,</span> <span class='ocrx_word' id='word_1_213' title='bbox 1252 1225 1395 1258; x_wconf 85' lang='lat' dir='ltr'>natione</span> <span class='ocrx_word' id='word_1_214' title='bbox 1418 1225 1599 1258; x_wconf 90' lang='lat' dir='ltr'>Romanus</span> <span class='ocrx_word' id='word_1_215' title='bbox 1622 1235 1667 1257; x_wconf 86' lang='lat' dir='ltr'>ex</span> <span class='ocrx_word' id='word_1_216' title='bbox 1690 1232 1789 1269; x_wconf 86' lang='lat' dir='ltr'>patre</span> <span class='ocrx_word' id='word_1_217' title='bbox 1813 1225 1985 1259; x_wconf 83' lang='lat' dir='ltr'>Pontiano</span> <span class='ocrx_word' id='word_1_218' title='bbox 2009 1232 2088 1269; x_wconf 88' lang='lat' dir='ltr'>post</span> <span class='ocrx_word' id='word_1_219' title='bbox 2101 1225 2288 1260; x_wconf 80' lang='lat' dir='ltr'>Canixtum</span> 
     </span>
     <span class='ocr_line' id='line_1_26' title="bbox 419 1278 2287 1324; baseline 0.001 -14"><span class='ocrx_word' id='word_1_220' title='bbox 419 1278 567 1311; x_wconf 89' lang='lat' dir='ltr'>ecclesie</span> <span class='ocrx_word' id='word_1_221' title='bbox 592 1279 744 1322; x_wconf 85' lang='lat' dir='ltr'>suscepit</span> <span class='ocrx_word' id='word_1_222' title='bbox 766 1278 1013 1323; x_wconf 88' lang='lat' dir='ltr'>gubernacula.</span> <span class='ocrx_word' id='word_1_223' title='bbox 1060 1278 1128 1311; x_wconf 89' lang='lat' dir='ltr'>Hic</span> <span class='ocrx_word' id='word_1_224' title='bbox 1151 1278 1324 1321; x_wconf 85' lang='lat' dir='ltr'>precepit,</span> <span class='ocrx_word' id='word_1_225' title='bbox 1347 1284 1385 1311; x_wconf 90' lang='lat' dir='ltr'>ut</span> <span class='ocrx_word' id='word_1_226' title='bbox 1408 1278 1526 1311; x_wconf 87' lang='lat' dir='ltr'>omnia</span> <span class='ocrx_word' id='word_1_227' title='bbox 1549 1289 1633 1311; x_wconf 87' lang='lat' dir='ltr'>uasa</span> <span class='ocrx_word' id='word_1_228' title='bbox 1656 1279 1892 1313; x_wconf 78' lang='lat' dir='ltr'>ecclesiastica</span> <span class='ocrx_word' id='word_1_229' title='bbox 1916 1289 2022 1312; x_wconf 88' lang='lat' dir='ltr'>aurea</span> <span class='ocrx_word' id='word_1_230' title='bbox 2045 1280 2102 1312; x_wconf 89' lang='lat' dir='ltr'>uel</span> <span class='ocrx_word' id='word_1_231' title='bbox 2122 1284 2287 1324; x_wconf 78' lang='lat' dir='ltr'>argentea</span> 
     </span>
     <span class='ocr_line' id='line_1_27' title="bbox 424 1331 2288 1378; baseline 0.002 -16"><span class='ocrx_word' id='word_1_232' title='bbox 424 1331 557 1372; x_wconf 86' lang='lat' dir='ltr'>fierent,</span> <span class='ocrx_word' id='word_1_233' title='bbox 582 1332 649 1371; x_wconf 88' lang='lat' dir='ltr'>uel,</span> <span class='ocrx_word' id='word_1_234' title='bbox 672 1333 701 1365; x_wconf 91' lang='lat' dir='ltr'>si</span> <span class='ocrx_word' id='word_1_235' title='bbox 732 1343 866 1375; x_wconf 87' lang='lat' dir='ltr'>pauper</span> <span class='ocrx_word' id='word_1_236' title='bbox 897 1338 988 1365; x_wconf 86' lang='lat' dir='ltr'>esset</span> <span class='ocrx_word' id='word_1_237' title='bbox 1010 1331 1170 1370; x_wconf 87' lang='lat' dir='ltr'>ecclesia,</span> <span class='ocrx_word' id='word_1_238' title='bbox 1201 1337 1356 1375; x_wconf 86' lang='lat' dir='ltr'>stagnea.</span> <span class='ocrx_word' id='word_1_239' title='bbox 1402 1331 1470 1364; x_wconf 89' lang='lat' dir='ltr'>Hic</span> <span class='ocrx_word' id='word_1_240' title='bbox 1500 1331 1644 1374; x_wconf 90' lang='lat' dir='ltr'>primus&#39;</span> <span class='ocrx_word' id='word_1_241' title='bbox 1668 1332 1819 1365; x_wconf 86' lang='lat' dir='ltr'>instituit</span> <span class='ocrx_word' id='word_1_242' title='bbox 1848 1338 1886 1366; x_wconf 92' lang='lat' dir='ltr'>ut</span> <span class='ocrx_word' id='word_1_243' title='bbox 1916 1332 2064 1366; x_wconf 87' lang='lat' dir='ltr'>ecclesia</span> <span class='ocrx_word' id='word_1_244' title='bbox 2095 1333 2288 1378; x_wconf 75' lang='lat' dir='ltr'>susciperet</span> 
     </span>
    </p>
   </div>
   <div class='ocr_carea' id='block_1_10' title="bbox 420 1384 2353 1429">
    <p class='ocr_par' dir='ltr' id='par_1_12' title="bbox 420 1384 2353 1429">
     <span class='ocr_line' id='line_1_28' title="bbox 420 1384 2353 1429; baseline 0.002 -13"><span class='ocrx_word' id='word_1_245' title='bbox 420 1384 553 1427; x_wconf 87' lang='lat' dir='ltr'>predia,</span> <span class='ocrx_word' id='word_1_246' title='bbox 577 1395 620 1418; x_wconf 86' lang='lat' dir='ltr'>ex</span> <span class='ocrx_word' id='word_1_247' title='bbox 643 1396 787 1429; x_wconf 87' lang='lat' dir='ltr'>quorum</span> <span class='ocrx_word' id='word_1_248' title='bbox 813 1385 981 1418; x_wconf 82' lang='lat' dir='ltr'>reditibus</span> <span class='ocrx_word' id='word_1_249' title='bbox 1005 1385 1124 1418; x_wconf 87' lang='lat' dir='ltr'>clerici</span> <span class='ocrx_word' id='word_1_250' title='bbox 1156 1385 1388 1418; x_wconf 90' lang='lat' dir='ltr'>communiter</span> <span class='ocrx_word' id='word_1_251' title='bbox 1410 1385 1581 1418; x_wconf 88' lang='lat' dir='ltr'>uiuerent.</span> <span class='ocrx_word' id='word_1_252' title='bbox 1629 1384 1697 1418; x_wconf 91' lang='lat' dir='ltr'>Hic</span> <span class='ocrx_word' id='word_1_253' title='bbox 1727 1388 1741 1402; x_wconf 87' lang='lat'>“</span> <span class='ocrx_word' id='word_1_254' title='bbox 1755 1386 1881 1419; x_wconf 89' lang='lat' dir='ltr'>multos</span> <span class='ocrx_word' id='word_1_255' title='bbox 1910 1385 2079 1419; x_wconf 77' lang='lat' dir='ltr'>nobilium</span> <span class='ocrx_word' id='word_1_256' title='bbox 2103 1386 2151 1420; x_wconf 79' lang='lat' dir='ltr'>ad</span> <span class='ocrx_word' id='word_1_257' title='bbox 2181 1386 2286 1419; x_wconf 86' lang='lat' dir='ltr'>fidem</span> <span class='ocrx_word' id='word_1_258' title='bbox 2309 1386 2353 1419; x_wconf 71' lang='lat'>2⁰</span> 
     </span>
    </p>
   </div>
   <div class='ocr_carea' id='block_1_11' title="bbox 417 1438 2288 1632">
    <p class='ocr_par' dir='ltr' id='par_1_13' title="bbox 417 1438 2288 1632">
     <span class='ocr_line' id='line_1_29' title="bbox 424 1438 2288 1484; baseline 0.001 -14"><span class='ocrx_word' id='word_1_259' title='bbox 424 1440 439 1455; x_wconf 87' lang='lat'>“</span> <span class='ocrx_word' id='word_1_260' title='bbox 452 1438 591 1478; x_wconf 87' lang='lat' dir='ltr'>Christi,</span> <span class='ocrx_word' id='word_1_261' title='bbox 607 1446 643 1472; x_wconf 87' lang='lat' dir='ltr'>et</span> <span class='ocrx_word' id='word_1_262' title='bbox 658 1440 842 1483; x_wconf 76' lang='lat' dir='ltr'>matyrium</span> <span class='ocrx_word' id='word_1_263' title='bbox 859 1439 1024 1482; x_wconf 86' lang='lat' dir='ltr'>perduxit</span> <span class='ocrx_word' id='word_1_264' title='bbox 1036 1463 1067 1479; x_wconf 84' lang='lat'>„.</span> <span class='ocrx_word' id='word_1_265' title='bbox 1115 1439 1228 1484; x_wconf 85' lang='lat' dir='ltr'>Hujus</span> <span class='ocrx_word' id='word_1_266' title='bbox 1242 1445 1400 1482; x_wconf 88' lang='lat' dir='ltr'>tempore</span> <span class='ocrx_word' id='word_1_267' title='bbox 1418 1438 1532 1472; x_wconf 89' lang='lat' dir='ltr'>extitit</span> <span class='ocrx_word' id='word_1_268' title='bbox 1547 1439 1680 1472; x_wconf 89' lang='lat' dir='ltr'>Cecilia</span> <span class='ocrx_word' id='word_1_269' title='bbox 1696 1440 1797 1483; x_wconf 88' lang='lat' dir='ltr'>uirgo</span> <span class='ocrx_word' id='word_1_270' title='bbox 1820 1439 2097 1482; x_wconf 83' lang='lat' dir='ltr'>prudentissima,</span> <span class='ocrx_word' id='word_1_271' title='bbox 2113 1449 2181 1484; x_wconf 85' lang='lat' dir='ltr'>que</span> <span class='ocrx_word' id='word_1_272' title='bbox 2198 1439 2288 1472; x_wconf 81' lang='lat' dir='ltr'>duos</span> 
     </span>
     <span class='ocr_line' id='line_1_30' title="bbox 420 1491 2287 1537; baseline 0.002 -14"><span class='ocrx_word' id='word_1_273' title='bbox 420 1491 547 1524; x_wconf 77' lang='lat' dir='ltr'>fratres</span> <span class='ocrx_word' id='word_1_274' title='bbox 570 1492 791 1537; x_wconf 87' lang='lat' dir='ltr'>Tyburtium,</span> <span class='ocrx_word' id='word_1_275' title='bbox 823 1499 858 1525; x_wconf 88' lang='lat' dir='ltr'>et</span> <span class='ocrx_word' id='word_1_276' title='bbox 882 1492 1108 1525; x_wconf 84' lang='lat' dir='ltr'>Valerianum</span> <span class='ocrx_word' id='word_1_277' title='bbox 1139 1492 1185 1525; x_wconf 89' lang='lat' dir='ltr'>ad</span> <span class='ocrx_word' id='word_1_278' title='bbox 1209 1502 1359 1525; x_wconf 90' lang='lat' dir='ltr'>coronas</span> <span class='ocrx_word' id='word_1_279' title='bbox 1389 1492 1543 1531; x_wconf 85' lang='lat' dir='ltr'>uocauit,</span> <span class='ocrx_word' id='word_1_280' title='bbox 1575 1503 1643 1535; x_wconf 89' lang='lat' dir='ltr'>que</span> <span class='ocrx_word' id='word_1_281' title='bbox 1674 1498 1859 1537; x_wconf 86' lang='lat' dir='ltr'>postquam</span> <span class='ocrx_word' id='word_1_282' title='bbox 1891 1493 2032 1526; x_wconf 85' lang='lat' dir='ltr'>domum</span> <span class='ocrx_word' id='word_1_283' title='bbox 2054 1503 2151 1526; x_wconf 83' lang='lat' dir='ltr'>suam</span> <span class='ocrx_word' id='word_1_284' title='bbox 2182 1492 2287 1526; x_wconf 66' lang='lat' dir='ltr'>beato</span> 
     </span>
     <span class='ocr_line' id='line_1_31' title="bbox 417 1544 2287 1590; baseline 0.001 -13"><span class='ocrx_word' id='word_1_285' title='bbox 417 1544 561 1578; x_wconf 83' lang='lat' dir='ltr'>Urbano</span> <span class='ocrx_word' id='word_1_286' title='bbox 586 1546 770 1579; x_wconf 86' lang='lat' dir='ltr'>ecclesiam</span> <span class='ocrx_word' id='word_1_287' title='bbox 793 1546 943 1579; x_wconf 89' lang='lat' dir='ltr'>tradidit</span> <span class='ocrx_word' id='word_1_288' title='bbox 963 1544 1207 1585; x_wconf 85' lang='lat' dir='ltr'>dedicandam,</span> <span class='ocrx_word' id='word_1_289' title='bbox 1231 1546 1267 1577; x_wconf 90' lang='lat' dir='ltr'>in</span> <span class='ocrx_word' id='word_1_290' title='bbox 1285 1546 1419 1584; x_wconf 89' lang='lat' dir='ltr'>eadem,</span> <span class='ocrx_word' id='word_1_291' title='bbox 1437 1545 1558 1578; x_wconf 87' lang='lat' dir='ltr'>inclito</span> <span class='ocrx_word' id='word_1_292' title='bbox 1581 1546 1758 1590; x_wconf 87' lang='lat' dir='ltr'>martyrio,</span> <span class='ocrx_word' id='word_1_293' title='bbox 1782 1546 1894 1579; x_wconf 88' lang='lat' dir='ltr'>finiuit</span> <span class='ocrx_word' id='word_1_294' title='bbox 1915 1545 2022 1579; x_wconf 84' lang='lat' dir='ltr'>uitam</span> <span class='ocrx_word' id='word_1_295' title='bbox 2035 1545 2057 1579; x_wconf 86' lang='lat'>⁹.</span> <span class='ocrx_word' id='word_1_296' title='bbox 2103 1546 2207 1579; x_wconf 84' lang='lat' dir='ltr'>Tunc</span> <span class='ocrx_word' id='word_1_297' title='bbox 2222 1545 2287 1579; x_wconf 76' lang='lat' dir='ltr'>Sa-</span> 
     </span>
     <span class='ocr_line' id='line_1_32' title="bbox 420 1598 686 1632; baseline 0.004 -1"><span class='ocrx_word' id='word_1_298' title='bbox 420 1598 546 1631; x_wconf 83' lang='lat' dir='ltr'>beliius</span> <span class='ocrx_word' id='word_1_299' title='bbox 569 1599 686 1632; x_wconf 89' lang='lat' dir='ltr'>oritur.</span> 
     </span>
    </p>
   </div>
   <div class='ocr_carea' id='block_1_12' title="bbox 506 1643 2358 1697">
    <p class='ocr_par' dir='ltr' id='par_1_14' title="bbox 506 1640 2365 1697">
     <span class='ocr_line' id='line_1_33' title="bbox 506 1643 2358 1697; baseline 0.001 -12"><span class='ocrx_word' id='word_1_300' title='bbox 506 1652 612 1685; x_wconf 89' lang='lat' dir='ltr'>Anno</span> <span class='ocrx_word' id='word_1_301' title='bbox 634 1653 679 1686; x_wconf 92' lang='lat' dir='ltr'>ab</span> <span class='ocrx_word' id='word_1_302' title='bbox 702 1653 942 1686; x_wconf 87' lang='lat' dir='ltr'>incarnatione</span> <span class='ocrx_word' id='word_1_303' title='bbox 967 1653 1108 1686; x_wconf 86' lang='lat' dir='ltr'>Domini</span> <span class='ocrx_word' id='word_1_304' title='bbox 1133 1651 1318 1686; x_wconf 89' lang='lat' dir='ltr'>CCXXIII</span> <span class='ocrx_word' id='word_1_305' title='bbox 1342 1659 1378 1686; x_wconf 92' lang='lat' dir='ltr'>et</span> <span class='ocrx_word' id='word_1_306' title='bbox 1403 1643 1494 1685; x_wconf 79' lang='lat' dir='ltr'>anno</span> <span class='ocrx_word' id='word_1_307' title='bbox 1517 1652 1562 1686; x_wconf 92' lang='lat' dir='ltr'>ab</span> <span class='ocrx_word' id='word_1_308' title='bbox 1584 1653 1671 1686; x_wconf 88' lang='lat' dir='ltr'>urbe</span> <span class='ocrx_word' id='word_1_309' title='bbox 1696 1653 1838 1686; x_wconf 86' lang='lat' dir='ltr'>condita</span> <span class='ocrx_word' id='word_1_310' title='bbox 1860 1652 2190 1687; x_wconf 88' lang='lat' dir='ltr'>DCCCCLXXIIII</span> <span class='ocrx_word' id='word_1_311' title='bbox 2212 1651 2287 1686; x_wconf 87' lang='lat' dir='ltr'>Au·</span> <span class='ocrx_word' id='word_1_312' title='bbox 2309 1654 2330 1686; x_wconf 91' lang='lat'>2</span> <span class='ocrx_word' id='word_1_313' title='bbox 2355 1695 2358 1697; x_wconf 64' lang='lat'>‚</span> 
     </span>
    </p>
   </div>
   <div class='ocr_carea' id='block_1_13' title="bbox 418 1705 2288 1911">
    <p class='ocr_par' dir='ltr' id='par_1_15' title="bbox 418 1705 2288 1911">
     <span class='ocr_line' id='line_1_34' title="bbox 418 1705 2288 1751; baseline 0.001 -13"><span class='ocrx_word' id='word_1_314' title='bbox 418 1705 523 1738; x_wconf 84' lang='lat' dir='ltr'>relius</span> <span class='ocrx_word' id='word_1_315' title='bbox 552 1707 754 1739; x_wconf 87' lang='lat' dir='ltr'>Alexander</span> <span class='ocrx_word' id='word_1_316' title='bbox 783 1707 973 1751; x_wconf 85' lang='lat' dir='ltr'>uigesimus</span> <span class='ocrx_word' id='word_1_317' title='bbox 1003 1707 1136 1750; x_wconf 89' lang='lat' dir='ltr'>primus</span> <span class='ocrx_word' id='word_1_318' title='bbox 1166 1707 1210 1740; x_wconf 87' lang='lat' dir='ltr'>ab</span> <span class='ocrx_word' id='word_1_319' title='bbox 1241 1706 1412 1751; x_wconf 87' lang='lat' dir='ltr'>Augusto,</span> <span class='ocrx_word' id='word_1_320' title='bbox 1448 1712 1599 1746; x_wconf 86' lang='lat' dir='ltr'>senatus,</span> <span class='ocrx_word' id='word_1_321' title='bbox 1630 1717 1674 1740; x_wconf 90' lang='lat' dir='ltr'>ac</span> <span class='ocrx_word' id='word_1_322' title='bbox 1705 1707 1850 1740; x_wconf 88' lang='lat' dir='ltr'>militum</span> <span class='ocrx_word' id='word_1_323' title='bbox 1881 1707 2061 1741; x_wconf 89' lang='lat' dir='ltr'>uoluntate</span> <span class='ocrx_word' id='word_1_324' title='bbox 2094 1707 2288 1751; x_wconf 75' lang='lat' dir='ltr'>imperator</span> 
     </span>
     <span class='ocr_line' id='line_1_35' title="bbox 419 1758 2287 1804; baseline 0.001 -13"><span class='ocrx_word' id='word_1_325' title='bbox 419 1765 566 1799; x_wconf 85' lang='lat' dir='ltr'>creatus,</span> <span class='ocrx_word' id='word_1_326' title='bbox 584 1769 666 1792; x_wconf 89' lang='lat' dir='ltr'>x1111</span> <span class='ocrx_word' id='word_1_327' title='bbox 689 1760 788 1792; x_wconf 88' lang='lat' dir='ltr'>annis</span> <span class='ocrx_word' id='word_1_328' title='bbox 812 1760 919 1804; x_wconf 87' lang='lat' dir='ltr'>digno</span> <span class='ocrx_word' id='word_1_329' title='bbox 942 1760 1106 1804; x_wconf 85' lang='lat' dir='ltr'>equitatis</span> <span class='ocrx_word' id='word_1_330' title='bbox 1129 1760 1298 1803; x_wconf 85' lang='lat' dir='ltr'>preconio</span> <span class='ocrx_word' id='word_1_331' title='bbox 1321 1758 1437 1793; x_wconf 82' lang='lat' dir='ltr'>fuit¹⁰.</span> <span class='ocrx_word' id='word_1_332' title='bbox 1483 1759 1582 1793; x_wconf 84' lang='lat' dir='ltr'>“Hic</span> <span class='ocrx_word' id='word_1_333' title='bbox 1605 1759 1640 1792; x_wconf 92' lang='lat' dir='ltr'>in</span> <span class='ocrx_word' id='word_1_334' title='bbox 1663 1759 1874 1793; x_wconf 86' lang='lat' dir='ltr'>Mammeam</span> <span class='ocrx_word' id='word_1_335' title='bbox 1898 1767 2043 1794; x_wconf 85' lang='lat' dir='ltr'>matrem</span> <span class='ocrx_word' id='word_1_336' title='bbox 2065 1770 2174 1799; x_wconf 86' lang='lat' dir='ltr'>suam,</span> <span class='ocrx_word' id='word_1_337' title='bbox 2204 1760 2287 1804; x_wconf 80' lang='lat' dir='ltr'>quia</span> 
     </span>
     <span class='ocr_line' id='line_1_36' title="bbox 424 1811 2288 1858; baseline 0.001 -14"><span class='ocrx_word' id='word_1_338' title='bbox 424 1813 438 1828; x_wconf 78' lang='lat'>⁴⁴</span> <span class='ocrx_word' id='word_1_339' title='bbox 453 1811 629 1845; x_wconf 89' lang='lat' dir='ltr'>Cristiana</span> <span class='ocrx_word' id='word_1_340' title='bbox 650 1819 735 1852; x_wconf 89' lang='lat' dir='ltr'>erat,</span> <span class='ocrx_word' id='word_1_341' title='bbox 760 1813 863 1846; x_wconf 87' lang='lat' dir='ltr'>unice</span> <span class='ocrx_word' id='word_1_342' title='bbox 887 1813 964 1857; x_wconf 88' lang='lat' dir='ltr'>pius</span> <span class='ocrx_word' id='word_1_343' title='bbox 987 1813 1065 1852; x_wconf 78' lang='lat' dir='ltr'>fuit,</span> <span class='ocrx_word' id='word_1_344' title='bbox 1091 1819 1125 1846; x_wconf 90' lang='lat' dir='ltr'>et</span> <span class='ocrx_word' id='word_1_345' title='bbox 1147 1813 1193 1846; x_wconf 94' lang='lat' dir='ltr'>ob</span> <span class='ocrx_word' id='word_1_346' title='bbox 1209 1813 1247 1846; x_wconf 90' lang='lat' dir='ltr'>id</span> <span class='ocrx_word' id='word_1_347' title='bbox 1266 1813 1429 1846; x_wconf 88' lang='lat' dir='ltr'>omnibus</span> <span class='ocrx_word' id='word_1_348' title='bbox 1452 1812 1609 1846; x_wconf 84' lang='lat' dir='ltr'>amabilis</span> <span class='ocrx_word' id='word_1_349' title='bbox 1622 1837 1653 1853; x_wconf 87' lang='lat'>„,</span> <span class='ocrx_word' id='word_1_350' title='bbox 1678 1819 1714 1847; x_wconf 90' lang='lat' dir='ltr'>et</span> <span class='ocrx_word' id='word_1_351' title='bbox 1737 1813 2001 1857; x_wconf 82' lang='lat' dir='ltr'>quamplurimis</span> <span class='ocrx_word' id='word_1_352' title='bbox 2024 1813 2195 1858; x_wconf 82' lang='lat' dir='ltr'>benignus</span> <span class='ocrx_word' id='word_1_353' title='bbox 2202 1825 2212 1852; x_wconf 79' lang='lat'><em>3</em></span> <span class='ocrx_word' id='word_1_354' title='bbox 2228 1812 2288 1857; x_wconf 85' lang='lat' dir='ltr'>qui</span> 
     </span>
     <span class='ocr_line' id='line_1_37' title="bbox 419 1866 2287 1911; baseline 0.001 -13"><span class='ocrx_word' id='word_1_355' title='bbox 419 1866 644 1909; x_wconf 88' lang='lat' dir='ltr'>expeditione</span> <span class='ocrx_word' id='word_1_356' title='bbox 667 1867 703 1899; x_wconf 88' lang='lat' dir='ltr'>in</span> <span class='ocrx_word' id='word_1_357' title='bbox 727 1868 851 1900; x_wconf 86' lang='lat' dir='ltr'>Persas</span> <span class='ocrx_word' id='word_1_358' title='bbox 874 1867 980 1906; x_wconf 81' lang='lat' dir='ltr'>facta,</span> <span class='ocrx_word' id='word_1_359' title='bbox 1004 1867 1154 1900; x_wconf 83' lang='lat' dir='ltr'>Xersem</span> <span class='ocrx_word' id='word_1_360' title='bbox 1170 1877 1289 1911; x_wconf 90' lang='lat' dir='ltr'>regem</span> <span class='ocrx_word' id='word_1_361' title='bbox 1313 1877 1432 1900; x_wconf 88' lang='lat' dir='ltr'>eorum</span> <span class='ocrx_word' id='word_1_362' title='bbox 1456 1866 1608 1900; x_wconf 85' lang='lat' dir='ltr'>maximo</span> <span class='ocrx_word' id='word_1_363' title='bbox 1632 1866 1726 1900; x_wconf 88' lang='lat' dir='ltr'>bello</span> <span class='ocrx_word' id='word_1_364' title='bbox 1749 1867 1880 1900; x_wconf 86' lang='lat' dir='ltr'>uictum</span> <span class='ocrx_word' id='word_1_365' title='bbox 1899 1867 2087 1900; x_wconf 76' lang='lat' dir='ltr'>interfecit.</span> <span class='ocrx_word' id='word_1_366' title='bbox 2134 1866 2287 1910; x_wconf 78' lang='lat' dir='ltr'>Ulpiano</span> 
     </span>
    </p>
   </div>
   <div class='ocr_carea' id='block_1_14' title="bbox 417 1919 2345 1964">
    <p class='ocr_par' dir='ltr' id='par_1_16' title="bbox 417 1919 2345 1964">
     <span class='ocr_line' id='line_1_38' title="bbox 417 1919 2345 1964; baseline 0.001 -13"><span class='ocrx_word' id='word_1_367' title='bbox 417 1930 497 1952; x_wconf 88' lang='lat' dir='ltr'>usus</span> <span class='ocrx_word' id='word_1_368' title='bbox 520 1930 693 1953; x_wconf 84' lang='lat' dir='ltr'>assessore</span> <span class='ocrx_word' id='word_1_369' title='bbox 717 1931 884 1953; x_wconf 85' lang='lat' dir='ltr'>summam</span> <span class='ocrx_word' id='word_1_370' title='bbox 901 1920 953 1954; x_wconf 89' lang='lat' dir='ltr'>sui</span> <span class='ocrx_word' id='word_1_371' title='bbox 968 1920 1244 1954; x_wconf 89' lang='lat' dir='ltr'>moderationem</span> <span class='ocrx_word' id='word_1_372' title='bbox 1259 1920 1453 1964; x_wconf 90' lang='lat' dir='ltr'>reipublice</span> <span class='ocrx_word' id='word_1_373' title='bbox 1476 1919 1644 1960; x_wconf 86' lang='lat' dir='ltr'>exhibuit,</span> <span class='ocrx_word' id='word_1_374' title='bbox 1668 1920 1732 1954; x_wconf 86' lang='lat' dir='ltr'>sed</span> <span class='ocrx_word' id='word_1_375' title='bbox 1755 1920 1894 1954; x_wconf 85' lang='lat' dir='ltr'>militari</span> <span class='ocrx_word' id='word_1_376' title='bbox 1918 1921 2067 1954; x_wconf 87' lang='lat' dir='ltr'>tumultu</span> <span class='ocrx_word' id='word_1_377' title='bbox 2089 1919 2185 1964; x_wconf 84' lang='lat' dir='ltr'>apud</span> <span class='ocrx_word' id='word_1_378' title='bbox 2206 1920 2287 1954; x_wconf 90' lang='grc' dir='ltr'><strong>Μο-’</strong></span> <span class='ocrx_word' id='word_1_379' title='bbox 2328 1927 2345 1947; x_wconf 50' lang='lat'>‘1⁸</span> 
     </span>
    </p>
   </div>
   <div class='ocr_carea' id='block_1_15' title="bbox 417 1973 970 2017">
    <p class='ocr_par' dir='ltr' id='par_1_17' title="bbox 417 1973 970 2017">
     <span class='ocr_line' id='line_1_39' title="bbox 417 1973 970 2017; baseline 0.005 -12"><span class='ocrx_word' id='word_1_380' title='bbox 417 1973 617 2017; x_wconf 82' lang='lat' dir='ltr'>guntiacum</span> <span class='ocrx_word' id='word_1_381' title='bbox 639 1973 847 2007; x_wconf 73' lang='lat' dir='ltr'>interfectus</span> <span class='ocrx_word' id='word_1_382' title='bbox 869 1975 970 2008; x_wconf 64' lang='lat' dir='ltr'>estu.</span> 
     </span>
    </p>
   </div>
   <div class='ocr_carea' id='block_1_16' title="bbox 423 2124 2287 2205">
    <p class='ocr_par' dir='ltr' id='par_1_18' title="bbox 423 2124 2287 2205">
     <span class='ocr_line' id='line_1_40' title="bbox 509 2124 2287 2160; baseline 0 -11"><span class='ocrx_word' id='word_1_383' title='bbox 509 2132 531 2150; x_wconf 88' lang='lat'>1.</span> <span class='ocrx_word' id='word_1_384' title='bbox 550 2125 740 2159; x_wconf 70' lang='lat' dir='ltr'>penitenciam</span> <span class='ocrx_word' id='word_1_385' title='bbox 758 2125 820 2151; x_wconf 81' lang='lat' dir='ltr'>Bc·</span> <span class='ocrx_word' id='word_1_386' title='bbox 838 2139 871 2144; x_wconf 92' lang='lat'><strong>—</strong></span> <span class='ocrx_word' id='word_1_387' title='bbox 892 2132 916 2151; x_wconf 83' lang='lat'>2.</span> <span class='ocrx_word' id='word_1_388' title='bbox 930 2126 979 2151; x_wconf 82' lang='lat' dir='ltr'>Set</span> <span class='ocrx_word' id='word_1_389' title='bbox 997 2126 1060 2152; x_wconf 89' lang='lat' dir='ltr'>BC</span> <span class='ocrx_word' id='word_1_390' title='bbox 1075 2139 1086 2145; x_wconf 95' lang='lat'><em>-</em></span> <span class='ocrx_word' id='word_1_391' title='bbox 1103 2126 1255 2152; x_wconf 80' lang='lat' dir='ltr'>oemeterio</span> <span class='ocrx_word' id='word_1_392' title='bbox 1273 2126 1300 2150; x_wconf 89' lang='lat' dir='ltr'><em>B</em></span> <span class='ocrx_word' id='word_1_393' title='bbox 1319 2139 1352 2145; x_wconf 91' lang='lat'>-</span> <span class='ocrx_word' id='word_1_394' title='bbox 1371 2134 1397 2160; x_wconf 82' lang='lat'>4.</span> <span class='ocrx_word' id='word_1_395' title='bbox 1416 2126 1493 2152; x_wconf 73' lang='lat' dir='ltr'>filius</span> <span class='ocrx_word' id='word_1_396' title='bbox 1511 2126 1548 2155; x_wconf 81' lang='lat' dir='ltr'>B,</span> <span class='ocrx_word' id='word_1_397' title='bbox 1567 2128 1662 2151; x_wconf 62' lang='lat' dir='ltr'>accello</span> <span class='ocrx_word' id='word_1_398' title='bbox 1682 2126 1709 2151; x_wconf 81' lang='lat' dir='ltr'>Ia</span> <span class='ocrx_word' id='word_1_399' title='bbox 1727 2126 1824 2152; x_wconf 71' lang='lat' dir='ltr'>lesione</span> <span class='ocrx_word' id='word_1_400' title='bbox 1842 2126 1909 2151; x_wconf 56' lang='lat' dir='ltr'>&amp;A</span> <span class='ocrx_word' id='word_1_401' title='bbox 1921 2127 1946 2153; x_wconf 87' lang='lat' dir='ltr'>C</span> <span class='ocrx_word' id='word_1_402' title='bbox 1961 2124 2094 2156; x_wconf 71' lang='lat' dir='ltr'>conforme</span> <span class='ocrx_word' id='word_1_403' title='bbox 2111 2133 2129 2150; x_wconf 77' lang='lat' dir='ltr'><strong><em>a</em></strong></span> <span class='ocrx_word' id='word_1_404' title='bbox 2147 2124 2239 2157; x_wconf 73' lang='lat' dir='ltr'>quella</span> <span class='ocrx_word' id='word_1_405' title='bbox 2255 2124 2287 2149; x_wconf 74' lang='lat' dir='ltr'>di</span> 
     </span>
     <span class='ocr_line' id='line_1_41' title="bbox 423 2167 2287 2205; baseline 0.001 -12"><span class='ocrx_word' id='word_1_406' title='bbox 423 2167 512 2193; x_wconf 71' lang='lat' dir='ltr'>Oresio</span> <span class='ocrx_word' id='word_1_407' title='bbox 531 2183 564 2188; x_wconf 92' lang='lat'><strong>—</strong></span> <span class='ocrx_word' id='word_1_408' title='bbox 585 2174 608 2200; x_wconf 84' lang='lat'>5.</span> <span class='ocrx_word' id='word_1_409' title='bbox 627 2169 805 2195; x_wconf 86' lang='lat' dir='ltr'>Diadumeno</span> <span class='ocrx_word' id='word_1_410' title='bbox 823 2170 848 2194; x_wconf 83' lang='grc' dir='ltr'><em>Α</em></span> <span class='ocrx_word' id='word_1_411' title='bbox 867 2183 879 2189; x_wconf 83' lang='grc'>-</span> <span class='ocrx_word' id='word_1_412' title='bbox 898 2170 972 2195; x_wconf 80' lang='lat' dir='ltr'>nihil</span> <span class='ocrx_word' id='word_1_413' title='bbox 985 2171 1012 2194; x_wconf 89' lang='lat' dir='ltr'><em>B</em></span> <span class='ocrx_word' id='word_1_414' title='bbox 1031 2184 1062 2188; x_wconf 93' lang='lat'>—</span> <span class='ocrx_word' id='word_1_415' title='bbox 1084 2176 1109 2203; x_wconf 87' lang='lat'>7.</span> <span class='ocrx_word' id='word_1_416' title='bbox 1123 2171 1231 2197; x_wconf 80' lang='lat' dir='ltr'>Adesse</span> <span class='ocrx_word' id='word_1_417' title='bbox 1248 2171 1311 2195; x_wconf 80' lang='lat' dir='ltr'>AB</span> <span class='ocrx_word' id='word_1_418' title='bbox 1330 2184 1363 2190; x_wconf 86' lang='lat'>—</span> <span class='ocrx_word' id='word_1_419' title='bbox 1377 2179 1402 2205; x_wconf 86' lang='lat'>9.</span> <span class='ocrx_word' id='word_1_420' title='bbox 1416 2171 1573 2203; x_wconf 75' lang='lat' dir='ltr'>ulgeeimus</span> <span class='ocrx_word' id='word_1_421' title='bbox 1585 2171 1612 2195; x_wconf 88' lang='lat' dir='ltr'><em>B</em></span> <span class='ocrx_word' id='word_1_422' title='bbox 1623 2185 1657 2190; x_wconf 91' lang='lat'>—</span> <span class='ocrx_word' id='word_1_423' title='bbox 1673 2178 1715 2197; x_wconf 87' lang='lat'>10.</span> <span class='ocrx_word' id='word_1_424' title='bbox 1730 2171 1893 2204; x_wconf 77' lang='lat' dir='ltr'>Eliogabali</span> <span class='ocrx_word' id='word_1_425' title='bbox 1908 2171 1931 2197; x_wconf 91' lang='lat' dir='ltr'>C</span> <span class='ocrx_word' id='word_1_426' title='bbox 1948 2183 1982 2188; x_wconf 97' lang='lat'><strong>—</strong></span> <span class='ocrx_word' id='word_1_427' title='bbox 1999 2177 2040 2195; x_wconf 86' lang='lat'>11.</span> <span class='ocrx_word' id='word_1_428' title='bbox 2054 2170 2177 2204; x_wconf 77' lang='lat' dir='ltr'>stmpris</span> <span class='ocrx_word' id='word_1_429' title='bbox 2186 2168 2247 2202; x_wconf 70' lang='lat' dir='ltr'>(dc)</span> <span class='ocrx_word' id='word_1_430' title='bbox 2262 2169 2287 2195; x_wconf 88' lang='lat' dir='ltr'>C</span> 
     </span>
    </p>
   </div>
   <div class='ocr_carea' id='block_1_17' title="bbox 418 2208 2345 2250">
    <p class='ocr_par' dir='ltr' id='par_1_19' title="bbox 418 2208 2345 2250">
     <span class='ocr_line' id='line_1_42' title="bbox 418 2208 2345 2250; baseline 0 -12"><span class='ocrx_word' id='word_1_431' title='bbox 418 2226 452 2232; x_wconf 91' lang='lat'>-</span> <span class='ocrx_word' id='word_1_432' title='bbox 474 2220 515 2239; x_wconf 74' lang='grc' dir='ltr'><strong>η.</strong></span> <span class='ocrx_word' id='word_1_433' title='bbox 534 2214 713 2247; x_wconf 78' lang='lat' dir='ltr'>flagiciorum</span> <span class='ocrx_word' id='word_1_434' title='bbox 726 2215 872 2248; x_wconf 83' lang='lat' dir='ltr'>tociusque</span> <span class='ocrx_word' id='word_1_435' title='bbox 885 2216 944 2240; x_wconf 87' lang='lat' dir='ltr'>BC</span> <span class='ocrx_word' id='word_1_436' title='bbox 960 2229 994 2234; x_wconf 85' lang='lat'>-—</span> <span class='ocrx_word' id='word_1_437' title='bbox 1016 2223 1057 2249; x_wconf 86' lang='lat'>¹3·</span> <span class='ocrx_word' id='word_1_438' title='bbox 1075 2216 1202 2249; x_wconf 87' lang='lat' dir='ltr'>reliquid</span> <span class='ocrx_word' id='word_1_439' title='bbox 1223 2217 1248 2242; x_wconf 88' lang='lat' dir='ltr'>C</span> <span class='ocrx_word' id='word_1_440' title='bbox 1265 2229 1297 2234; x_wconf 95' lang='lat'>—-</span> <span class='ocrx_word' id='word_1_441' title='bbox 1321 2223 1363 2250; x_wconf 84' lang='lat'>¹4·</span> <span class='ocrx_word' id='word_1_442' title='bbox 1376 2217 1482 2241; x_wconf 81' lang='lat' dir='ltr'>Emaus</span> <span class='ocrx_word' id='word_1_443' title='bbox 1503 2216 1527 2242; x_wconf 91' lang='lat' dir='ltr'>C</span> <span class='ocrx_word' id='word_1_444' title='bbox 1543 2229 1576 2235; x_wconf 93' lang='lat'><em>-</em></span> <span class='ocrx_word' id='word_1_445' title='bbox 1599 2221 1640 2248; x_wconf 86' lang='lat'>15.</span> <span class='ocrx_word' id='word_1_446' title='bbox 1659 2216 1801 2241; x_wconf 80' lang='lat' dir='ltr'>industria</span> <span class='ocrx_word' id='word_1_447' title='bbox 1816 2217 1839 2241; x_wconf 88' lang='lat' dir='ltr'>C</span> <span class='ocrx_word' id='word_1_448' title='bbox 1857 2229 1890 2234; x_wconf 98' lang='lat'><strong>—</strong></span> <span class='ocrx_word' id='word_1_449' title='bbox 1912 2214 2001 2246; x_wconf 85' lang='lat'>17-18.</span> <span class='ocrx_word' id='word_1_450' title='bbox 2016 2213 2220 2241; x_wconf 47' lang='lat' dir='ltr'>...sanatum</span> <span class='ocrx_word' id='word_1_451' title='bbox 2238 2220 2285 2239; x_wconf 79' lang='lat' dir='ltr'>su·</span> <span class='ocrx_word' id='word_1_452' title='bbox 2343 2208 2345 2214; x_wconf 83' lang='lat'>&#39;</span> 
     </span>
    </p>
   </div>
   <div class='ocr_carea' id='block_1_18' title="bbox 416 2258 2283 2293">
    <p class='ocr_par' dir='ltr' id='par_1_20' title="bbox 416 2258 2283 2293">
     <span class='ocr_line' id='line_1_43' title="bbox 416 2258 2283 2293; baseline 0.002 -11"><span class='ocrx_word' id='word_1_453' title='bbox 416 2259 504 2291; x_wconf 83' lang='lat' dir='ltr'>scepit</span> <span class='ocrx_word' id='word_1_454' title='bbox 522 2258 643 2283; x_wconf 77' lang='lat' dir='ltr'>eeclesia</span> <span class='ocrx_word' id='word_1_455' title='bbox 664 2259 688 2284; x_wconf 87' lang='lat' dir='ltr'>C</span> <span class='ocrx_word' id='word_1_456' title='bbox 705 2272 739 2277; x_wconf 97' lang='lat'><strong>—</strong></span> <span class='ocrx_word' id='word_1_457' title='bbox 762 2265 802 2291; x_wconf 82' lang='lat'>19.</span> <span class='ocrx_word' id='word_1_458' title='bbox 833 2261 953 2286; x_wconf 80' lang='lat' dir='ltr'>stannea</span> <span class='ocrx_word' id='word_1_459' title='bbox 971 2261 999 2284; x_wconf 86' lang='lat' dir='ltr'><em>B</em></span> <span class='ocrx_word' id='word_1_460' title='bbox 1018 2273 1051 2278; x_wconf 89' lang='lat'>—-</span> <span class='ocrx_word' id='word_1_461' title='bbox 1071 2267 1114 2287; x_wconf 61' lang='grc' dir='ltr'>πο.</span> <span class='ocrx_word' id='word_1_462' title='bbox 1133 2261 1292 2287; x_wconf 76' lang='lat' dir='ltr'>redditibus</span> <span class='ocrx_word' id='word_1_463' title='bbox 1309 2261 1337 2285; x_wconf 88' lang='lat' dir='ltr'><em>B</em></span> <span class='ocrx_word' id='word_1_464' title='bbox 1356 2275 1388 2279; x_wconf 97' lang='lat'><strong>—</strong></span> <span class='ocrx_word' id='word_1_465' title='bbox 1408 2267 1452 2286; x_wconf 80' lang='lat'>22.</span> <span class='ocrx_word' id='word_1_466' title='bbox 1474 2260 1642 2286; x_wconf 71' lang='lat' dir='ltr'>&#39;ribai-cium</span> <span class='ocrx_word' id='word_1_467' title='bbox 1658 2261 1682 2286; x_wconf 89' lang='lat' dir='ltr'>C</span> <span class='ocrx_word' id='word_1_468' title='bbox 1705 2273 1739 2279; x_wconf 93' lang='lat'>—-</span> <span class='ocrx_word' id='word_1_469' title='bbox 1759 2267 1802 2293; x_wconf 83' lang='lat'>²3·</span> <span class='ocrx_word' id='word_1_470' title='bbox 1824 2261 1955 2286; x_wconf 78' lang='lat' dir='ltr'>martirio</span> <span class='ocrx_word' id='word_1_471' title='bbox 1974 2259 2066 2285; x_wconf 80' lang='lat' dir='ltr'>uitam</span> <span class='ocrx_word' id='word_1_472' title='bbox 2085 2258 2182 2284; x_wconf 73' lang='lat' dir='ltr'>finIuit</span> <span class='ocrx_word' id='word_1_473' title='bbox 2201 2259 2226 2285; x_wconf 88' lang='lat' dir='ltr'>C</span> <span class='ocrx_word' id='word_1_474' title='bbox 2249 2271 2283 2277; x_wconf 86' lang='lat'><em>-</em></span> 
     </span>
    </p>
   </div>
   <div class='ocr_carea' id='block_1_19' title="bbox 416 2293 2347 2337">
    <p class='ocr_par' dir='ltr' id='par_1_21' title="bbox 416 2293 2347 2337">
     <span class='ocr_line' id='line_1_44' title="bbox 416 2293 2347 2337; baseline 0.001 -11"><span class='ocrx_word' id='word_1_475' title='bbox 416 2300 460 2327; x_wconf 83' lang='lat'>26.</span> <span class='ocrx_word' id='word_1_476' title='bbox 480 2302 632 2334; x_wconf 80' lang='lat' dir='ltr'>uigesimus</span> <span class='ocrx_word' id='word_1_477' title='bbox 654 2303 677 2326; x_wconf 88' lang='grc' dir='ltr'><em>Β</em></span> <span class='ocrx_word' id='word_1_478' title='bbox 700 2316 733 2321; x_wconf 83' lang='grc'><strong>-</strong></span> <span class='ocrx_word' id='word_1_479' title='bbox 760 2308 802 2334; x_wconf 82' lang='lat'>27.</span> <span class='ocrx_word' id='word_1_480' title='bbox 821 2304 851 2328; x_wconf 80' lang='lat' dir='ltr'>in</span> <span class='ocrx_word' id='word_1_481' title='bbox 869 2304 893 2328; x_wconf 78' lang='lat' dir='ltr'><em>A</em></span> <span class='ocrx_word' id='word_1_482' title='bbox 913 2311 1024 2329; x_wconf 79' lang='lat' dir='ltr'>manca.-</span> <span class='ocrx_word' id='word_1_483' title='bbox 1044 2310 1102 2329; x_wconf 86' lang='lat' dir='ltr'>x111</span> <span class='ocrx_word' id='word_1_484' title='bbox 1120 2311 1221 2335; x_wconf 83' lang='lat' dir='ltr'>annus,</span> <span class='ocrx_word' id='word_1_485' title='bbox 1240 2304 1286 2329; x_wconf 73' lang='lat' dir='ltr'>che</span> <span class='ocrx_word' id='word_1_486' title='bbox 1303 2304 1318 2328; x_wconf 75' lang='grc' dir='ltr'><strong><em>ἑ</em></strong></span> <span class='ocrx_word' id='word_1_487' title='bbox 1331 2307 1402 2337; x_wconf 75' lang='lat' dir='ltr'>pure</span> <span class='ocrx_word' id='word_1_488' title='bbox 1426 2305 1457 2329; x_wconf 80' lang='lat' dir='ltr'>in</span> <span class='ocrx_word' id='word_1_489' title='bbox 1480 2303 1512 2333; x_wconf 79' lang='lat' dir='ltr'>C,</span> <span class='ocrx_word' id='word_1_490' title='bbox 1532 2303 1558 2328; x_wconf 81' lang='lat' dir='ltr'>la</span> <span class='ocrx_word' id='word_1_491' title='bbox 1583 2304 1679 2329; x_wconf 70' lang='lat' dir='ltr'>lenione</span> <span class='ocrx_word' id='word_1_492' title='bbox 1699 2303 1725 2327; x_wconf 91' lang='lat' dir='ltr'><em>B</em></span> <span class='ocrx_word' id='word_1_493' title='bbox 1742 2304 1774 2328; x_wconf 73' lang='lat' dir='ltr'>du·</span> <span class='ocrx_word' id='word_1_494' title='bbox 1796 2303 1809 2327; x_wconf 68' lang='grc' dir='ltr'><em>δ</em></span> <span class='ocrx_word' id='word_1_495' title='bbox 1834 2302 1966 2334; x_wconf 78' lang='lat' dir='ltr'>conforme</span> <span class='ocrx_word' id='word_1_496' title='bbox 1988 2303 2025 2327; x_wconf 82' lang='lat' dir='ltr'>ad</span> <span class='ocrx_word' id='word_1_497' title='bbox 2047 2302 2136 2328; x_wconf 65' lang='lat' dir='ltr'>Oratio</span> <span class='ocrx_word' id='word_1_498' title='bbox 2155 2315 2167 2322; x_wconf 91' lang='lat'>-</span> <span class='ocrx_word' id='word_1_499' title='bbox 2184 2309 2286 2337; x_wconf 81' lang='lat' dir='ltr'>proeo-</span> <span class='ocrx_word' id='word_1_500' title='bbox 2342 2293 2347 2295; x_wconf 26' lang='grc' dir='ltr'><strong><em>Δ</em></strong></span> 
     </span>
    </p>
   </div>
   <div class='ocr_carea' id='block_1_20' title="bbox 418 2346 1914 2383">
    <p class='ocr_par' dir='ltr' id='par_1_22' title="bbox 418 2346 1914 2383">
     <span class='ocr_line' id='line_1_45' title="bbox 418 2346 1914 2383; baseline 0.002 -12"><span class='ocrx_word' id='word_1_501' title='bbox 418 2346 468 2371; x_wconf 89' lang='lat' dir='ltr'>nlo</span> <span class='ocrx_word' id='word_1_502' title='bbox 489 2347 513 2371; x_wconf 91' lang='lat' dir='ltr'>C</span> <span class='ocrx_word' id='word_1_503' title='bbox 530 2359 562 2364; x_wconf 90' lang='lat'>—-</span> <span class='ocrx_word' id='word_1_504' title='bbox 583 2347 626 2372; x_wconf 84' lang='lat'>28.</span> <span class='ocrx_word' id='word_1_505' title='bbox 644 2347 675 2371; x_wconf 89' lang='lat' dir='ltr'>in</span> <span class='ocrx_word' id='word_1_506' title='bbox 687 2354 755 2373; x_wconf 87' lang='lat' dir='ltr'>nece</span> <span class='ocrx_word' id='word_1_507' title='bbox 769 2347 792 2372; x_wconf 70' lang='lat' dir='ltr'><em>A</em></span> <span class='ocrx_word' id='word_1_508' title='bbox 803 2348 830 2372; x_wconf 86' lang='lat' dir='ltr'><em>B</em></span> <span class='ocrx_word' id='word_1_509' title='bbox 848 2361 859 2366; x_wconf 97' lang='lat'>-</span> <span class='ocrx_word' id='word_1_510' title='bbox 878 2349 1089 2382; x_wconf 77' lang='lat' dir='ltr'>quampluribus</span> <span class='ocrx_word' id='word_1_511' title='bbox 1109 2350 1134 2376; x_wconf 87' lang='lat' dir='ltr'>C</span> <span class='ocrx_word' id='word_1_512' title='bbox 1151 2361 1185 2367; x_wconf 91' lang='lat'>—</span> <span class='ocrx_word' id='word_1_513' title='bbox 1198 2355 1241 2382; x_wconf 85' lang='lat'>²9·</span> <span class='ocrx_word' id='word_1_514' title='bbox 1260 2349 1445 2383; x_wconf 79' lang='lat' dir='ltr'>expedicione</span> <span class='ocrx_word' id='word_1_515' title='bbox 1463 2349 1490 2373; x_wconf 89' lang='lat' dir='ltr'><em>B</em></span> <span class='ocrx_word' id='word_1_516' title='bbox 1501 2349 1526 2374; x_wconf 88' lang='lat' dir='ltr'>C</span> <span class='ocrx_word' id='word_1_517' title='bbox 1542 2362 1554 2367; x_wconf 94' lang='lat'>-</span> <span class='ocrx_word' id='word_1_518' title='bbox 1575 2349 1681 2374; x_wconf 80' lang='lat' dir='ltr'>Xersen</span> <span class='ocrx_word' id='word_1_519' title='bbox 1700 2348 1724 2372; x_wconf 76' lang='lat' dir='ltr'><em>A</em></span> <span class='ocrx_word' id='word_1_520' title='bbox 1745 2361 1756 2367; x_wconf 96' lang='lat'>-</span> <span class='ocrx_word' id='word_1_521' title='bbox 1776 2347 1869 2373; x_wconf 81' lang='lat' dir='ltr'>victor</span> <span class='ocrx_word' id='word_1_522' title='bbox 1890 2348 1914 2374; x_wconf 92' lang='lat' dir='ltr'>C</span> 
     </span>
    </p>
   </div>
   <div class='ocr_carea' id='block_1_21' title="bbox 418 2463 1325 2542">
    <p class='ocr_par' dir='ltr' id='par_1_23' title="bbox 418 2463 1325 2542">
     <span class='ocr_line' id='line_1_46' title="bbox 507 2463 1325 2500; baseline 0 -9"><span class='ocrx_word' id='word_1_523' title='bbox 507 2463 514 2480; x_wconf 89' lang='lat'><strong>¹</strong></span> <span class='ocrx_word' id='word_1_524' title='bbox 535 2464 579 2491; x_wconf 76' lang='lat' dir='ltr'>Cf.</span> <span class='ocrx_word' id='word_1_525' title='bbox 599 2465 798 2498; x_wconf 74' lang='lat' dir='ltr'>Philosophum,</span> <span class='ocrx_word' id='word_1_526' title='bbox 823 2464 874 2499; x_wconf 84' lang='lat' dir='ltr'>lx,</span> <span class='ocrx_word' id='word_1_527' title='bbox 895 2473 939 2492; x_wconf 82' lang='lat'>1²:</span> <span class='ocrx_word' id='word_1_528' title='bbox 959 2467 1059 2497; x_wconf 77' lang='grc' dir='ltr'>μεΘόῦ</span> <span class='ocrx_word' id='word_1_529' title='bbox 1078 2467 1205 2500; x_wconf 71' lang='lat' dir='ltr'>(victor)</span> <span class='ocrx_word' id='word_1_530' title='bbox 1228 2466 1325 2499; x_wconf 76' lang='grc' dir='ltr'><strong>κοίμη-</strong></span> 
     </span>
     <span class='ocr_line' id='line_1_47' title="bbox 418 2508 1325 2542; baseline 0.002 -11"><span class='ocrx_word' id='word_1_531' title='bbox 418 2514 456 2531; x_wconf 72' lang='grc' dir='ltr'>σιν</span> <span class='ocrx_word' id='word_1_532' title='bbox 484 2508 620 2538; x_wconf 65' lang='grc' dir='ltr'><strong>Ζιφυρῑνος</strong></span> <span class='ocrx_word' id='word_1_533' title='bbox 646 2509 820 2539; x_wconf 72' lang='grc' dir='ltr'>συνκράμενσν</span> <span class='ocrx_word' id='word_1_534' title='bbox 844 2509 922 2534; x_wconf 72' lang='grc' dir='ltr'>αὐτον</span> <span class='ocrx_word' id='word_1_535' title='bbox 947 2508 1068 2542; x_wconf 75' lang='lat' dir='ltr'>(Callis.)</span> <span class='ocrx_word' id='word_1_536' title='bbox 1090 2511 1158 2541; x_wconf 67' lang='grc' dir='ltr'>σχὼν</span> <span class='ocrx_word' id='word_1_537' title='bbox 1184 2510 1250 2540; x_wconf 72' lang='grc' dir='ltr'><strong>πρὸς</strong></span> <span class='ocrx_word' id='word_1_538' title='bbox 1277 2510 1325 2541; x_wconf 79' lang='grc' dir='ltr'>τῆν</span> 
     </span>
    </p>
   </div>
   <div class='ocr_carea' id='block_1_22' title="bbox 1380 2464 2234 2541">
    <p class='ocr_par' dir='ltr' id='par_1_24' title="bbox 1380 2464 2234 2541">
     <span class='ocr_line' id='line_1_48' title="bbox 1380 2464 2234 2499; baseline -0.001 -7"><span class='ocrx_word' id='word_1_539' title='bbox 1380 2465 1394 2480; x_wconf 75' lang='lat'>‘¹</span> <span class='ocrx_word' id='word_1_540' title='bbox 1405 2466 1480 2493; x_wconf 76' lang='lat' dir='ltr'>finus</span> <span class='ocrx_word' id='word_1_541' title='bbox 1500 2467 1675 2499; x_wconf 75' lang='lat' dir='ltr'>putabatur„</span> <span class='ocrx_word' id='word_1_542' title='bbox 1695 2464 1711 2491; x_wconf 70' lang='lat' dir='ltr'>e</span> <span class='ocrx_word' id='word_1_543' title='bbox 1730 2473 1816 2499; x_wconf 84' lang='lat' dir='ltr'>preso</span> <span class='ocrx_word' id='word_1_544' title='bbox 1835 2467 1872 2492; x_wconf 72' lang='lat' dir='ltr'>da</span> <span class='ocrx_word' id='word_1_545' title='bbox 1890 2466 2073 2498; x_wconf 64' lang='lat' dir='ltr'>Eua-nonus,</span> <span class='ocrx_word' id='word_1_546' title='bbox 2092 2464 2169 2496; x_wconf 86' lang='lat' dir='ltr'>vm,</span> <span class='ocrx_word' id='word_1_547' title='bbox 2190 2471 2234 2491; x_wconf 69' lang='grc' dir='ltr'>ιι.</span> 
     </span>
     <span class='ocr_line' id='line_1_49' title="bbox 1468 2508 1820 2541; baseline -0.003 -6"><span class='ocrx_word' id='word_1_548' title='bbox 1468 2508 1479 2526; x_wconf 85' lang='lat'>⁵</span> <span class='ocrx_word' id='word_1_549' title='bbox 1500 2510 1678 2541; x_wconf 69' lang='lat' dir='ltr'>Eua-nemus,</span> <span class='ocrx_word' id='word_1_550' title='bbox 1699 2510 1752 2535; x_wconf 89' lang='lat' dir='ltr'>loc.</span> <span class='ocrx_word' id='word_1_551' title='bbox 1772 2510 1820 2535; x_wconf 83' lang='lat' dir='ltr'>cit.</span> 
     </span>
    </p>
   </div>
   <div class='ocr_carea' id='block_1_23' title="bbox 417 2551 1326 3050">
    <p class='ocr_par' dir='ltr' id='par_1_25' title="bbox 417 2551 1326 2753">
     <span class='ocr_line' id='line_1_50' title="bbox 417 2551 1325 2584; baseline 0.002 -9"><span class='ocrx_word' id='word_1_552' title='bbox 417 2551 577 2575; x_wconf 68' lang='grc' dir='ltr'>κκτάσταισιν</span> <span class='ocrx_word' id='word_1_553' title='bbox 603 2553 649 2574; x_wconf 80' lang='grc' dir='ltr'>τοῦ</span> <span class='ocrx_word' id='word_1_554' title='bbox 674 2551 778 2582; x_wconf 76' lang='grc' dir='ltr'>κλήρου</span> <span class='ocrx_word' id='word_1_555' title='bbox 800 2551 906 2584; x_wconf 73' lang='grc' dir='ltr'>ἐτίμησε</span> <span class='ocrx_word' id='word_1_556' title='bbox 926 2554 961 2583; x_wconf 89' lang='grc' dir='ltr'>τῷ</span> <span class='ocrx_word' id='word_1_557' title='bbox 986 2552 1041 2582; x_wconf 65' lang='grc' dir='ltr'>ἰδίῳ</span> <span class='ocrx_word' id='word_1_558' title='bbox 1067 2555 1146 2584; x_wconf 66' lang='grc' dir='ltr'>κακῷ</span> <span class='ocrx_word' id='word_1_559' title='bbox 1164 2553 1214 2577; x_wconf 66' lang='grc' dir='ltr'>και(</span> <span class='ocrx_word' id='word_1_560' title='bbox 1233 2555 1325 2577; x_wconf 67' lang='grc' dir='ltr'><strong>τοῦτον</strong></span> 
     </span>
     <span class='ocr_line' id='line_1_51' title="bbox 417 2591 1324 2628; baseline 0.002 -11"><span class='ocrx_word' id='word_1_561' title='bbox 417 2593 570 2625; x_wconf 67' lang='grc' dir='ltr'>μετάγκγῶν</span> <span class='ocrx_word' id='word_1_562' title='bbox 584 2591 644 2618; x_wconf 70' lang='grc' dir='ltr'>ἀπ’)</span> <span class='ocrx_word' id='word_1_563' title='bbox 659 2595 704 2617; x_wconf 73' lang='grc' dir='ltr'>τοῦ</span> <span class='ocrx_word' id='word_1_564' title='bbox 719 2593 833 2618; x_wconf 74' lang='grc' dir='ltr'><strong>Ανθείου</strong></span> <span class='ocrx_word' id='word_1_565' title='bbox 852 2595 890 2618; x_wconf 75' lang='grc' dir='ltr'>εἰς</span> <span class='ocrx_word' id='word_1_566' title='bbox 910 2595 940 2618; x_wconf 73' lang='grc' dir='ltr'>τό</span> <span class='ocrx_word' id='word_1_567' title='bbox 960 2595 1136 2628; x_wconf 70' lang='grc' dir='ltr'>κοιμητήριον</span> <span class='ocrx_word' id='word_1_568' title='bbox 1154 2595 1324 2627; x_wconf 62' lang='grc' dir='ltr'><strong>κατάστησον.</strong></span> 
     </span>
     <span class='ocr_line' id='line_1_52' title="bbox 417 2635 1325 2668; baseline 0.001 -7"><span class='ocrx_word' id='word_1_569' title='bbox 417 2636 465 2661; x_wconf 91' lang='lat' dir='ltr'>Sul</span> <span class='ocrx_word' id='word_1_570' title='bbox 485 2636 616 2660; x_wconf 76' lang='lat' dir='ltr'>cimitero</span> <span class='ocrx_word' id='word_1_571' title='bbox 636 2635 664 2659; x_wconf 83' lang='lat' dir='ltr'>di</span> <span class='ocrx_word' id='word_1_572' title='bbox 683 2643 732 2661; x_wconf 81' lang='lat' dir='ltr'>san</span> <span class='ocrx_word' id='word_1_573' title='bbox 752 2636 871 2662; x_wconf 78' lang='lat' dir='ltr'>Callisto</span> <span class='ocrx_word' id='word_1_574' title='bbox 892 2635 930 2663; x_wconf 76' lang='lat' dir='ltr'>cf.</span> <span class='ocrx_word' id='word_1_575' title='bbox 947 2637 994 2662; x_wconf 76' lang='lat' dir='ltr'>Ds</span> <span class='ocrx_word' id='word_1_576' title='bbox 1011 2638 1108 2668; x_wconf 79' lang='lat' dir='ltr'>Rossr,</span> <span class='ocrx_word' id='word_1_577' title='bbox 1127 2637 1211 2662; x_wconf 81' lang='lat' dir='ltr'>Roma</span> <span class='ocrx_word' id='word_1_578' title='bbox 1233 2640 1325 2662; x_wconf 74' lang='lat' dir='ltr'>sotter-</span> 
     </span>
     <span class='ocr_line' id='line_1_53' title="bbox 417 2679 1326 2710; baseline 0.002 -8"><span class='ocrx_word' id='word_1_579' title='bbox 417 2686 517 2707; x_wconf 71' lang='lat' dir='ltr'>ranea:</span> <span class='ocrx_word' id='word_1_580' title='bbox 536 2679 730 2703; x_wconf 55' lang='lat' dir='ltr'>Dssnnssmu</span> <span class='ocrx_word' id='word_1_581' title='bbox 748 2686 785 2703; x_wconf 78' lang='lat' dir='ltr'>ns</span> <span class='ocrx_word' id='word_1_582' title='bbox 803 2679 995 2710; x_wconf 64' lang='lat' dir='ltr'>mous-norff,</span> <span class='ocrx_word' id='word_1_583' title='bbox 1015 2679 1156 2704; x_wconf 76' lang='lat' dir='ltr'>Nouveues</span> <span class='ocrx_word' id='word_1_584' title='bbox 1175 2680 1264 2705; x_wconf 67' lang='lat' dir='ltr'>Atudes</span> <span class='ocrx_word' id='word_1_585' title='bbox 1277 2687 1326 2704; x_wconf 75' lang='lat' dir='ltr'>sur</span> 
     </span>
     <span class='ocr_line' id='line_1_54' title="bbox 419 2719 1182 2753; baseline 0.004 -10"><span class='ocrx_word' id='word_1_586' title='bbox 419 2720 442 2743; x_wconf 86' lang='lat' dir='ltr'>le</span> <span class='ocrx_word' id='word_1_587' title='bbox 459 2720 614 2744; x_wconf 72' lang='lat' dir='ltr'>catacombes</span> <span class='ocrx_word' id='word_1_588' title='bbox 631 2720 775 2748; x_wconf 73' lang='lat' dir='ltr'>romaines,</span> <span class='ocrx_word' id='word_1_589' title='bbox 794 2720 883 2751; x_wconf 75' lang='lat' dir='ltr'>Paris,</span> <span class='ocrx_word' id='word_1_590' title='bbox 906 2719 984 2752; x_wconf 79' lang='lat'>1870,</span> <span class='ocrx_word' id='word_1_591' title='bbox 1005 2728 1052 2753; x_wconf 88' lang='lat' dir='ltr'>pp.</span> <span class='ocrx_word' id='word_1_592' title='bbox 1071 2720 1182 2753; x_wconf 85' lang='lat'>69-267.</span> 
     </span>
    </p>

    <p class='ocr_par' dir='ltr' id='par_1_26' title="bbox 420 2761 1324 2880">
     <span class='ocr_line' id='line_1_55' title="bbox 507 2761 1324 2796; baseline 0.004 -9"><span class='ocrx_word' id='word_1_593' title='bbox 507 2761 516 2775; x_wconf 91' lang='lat'><strong>¹</strong></span> <span class='ocrx_word' id='word_1_594' title='bbox 535 2761 676 2794; x_wconf 75' lang='lat' dir='ltr'>Onosrus,</span> <span class='ocrx_word' id='word_1_595' title='bbox 696 2762 757 2793; x_wconf 87' lang='lat' dir='ltr'>VII,</span> <span class='ocrx_word' id='word_1_596' title='bbox 781 2763 820 2794; x_wconf 80' lang='lat'>18,</span> <span class='ocrx_word' id='word_1_597' title='bbox 841 2769 866 2794; x_wconf 88' lang='lat'>3,</span> <span class='ocrx_word' id='word_1_598' title='bbox 886 2765 1015 2789; x_wconf 83' lang='lat' dir='ltr'>eccetto:</span> <span class='ocrx_word' id='word_1_599' title='bbox 1035 2764 1048 2778; x_wconf 59' lang='grc' dir='ltr'>’ί</span> <span class='ocrx_word' id='word_1_600' title='bbox 1059 2764 1095 2789; x_wconf 84' lang='lat' dir='ltr'>Hi</span> <span class='ocrx_word' id='word_1_601' title='bbox 1114 2763 1183 2790; x_wconf 74' lang='lat' dir='ltr'>finctl</span> <span class='ocrx_word' id='word_1_602' title='bbox 1203 2765 1324 2796; x_wconf 72' lang='lat' dir='ltr'>impera·</span> 
     </span>
     <span class='ocr_line' id='line_1_56' title="bbox 420 2804 1324 2839; baseline 0.004 -11"><span class='ocrx_word' id='word_1_603' title='bbox 420 2804 522 2829; x_wconf 79' lang='lat' dir='ltr'>“tores</span> <span class='ocrx_word' id='word_1_604' title='bbox 540 2804 627 2829; x_wconf 84' lang='lat' dir='ltr'>nichil</span> <span class='ocrx_word' id='word_1_605' title='bbox 645 2805 829 2830; x_wconf 70' lang='lat' dir='ltr'>memor-bile</span> <span class='ocrx_word' id='word_1_606' title='bbox 849 2812 884 2830; x_wconf 91' lang='lat' dir='ltr'>ex</span> <span class='ocrx_word' id='word_1_607' title='bbox 903 2806 1040 2838; x_wconf 82' lang='lat' dir='ltr'>temporis</span> <span class='ocrx_word' id='word_1_608' title='bbox 1059 2806 1208 2832; x_wconf 79' lang='lat' dir='ltr'>brevitate</span> <span class='ocrx_word' id='word_1_609' title='bbox 1232 2813 1324 2839; x_wconf 80' lang='lat' dir='ltr'>gesse-</span> 
     </span>
     <span class='ocr_line' id='line_1_57' title="bbox 421 2845 550 2880; baseline 0.016 -9"><span class='ocrx_word' id='word_1_610' title='bbox 421 2845 435 2859; x_wconf 79' lang='lat'>“</span> <span class='ocrx_word' id='word_1_611' title='bbox 447 2848 513 2872; x_wconf 81' lang='lat' dir='ltr'>runt</span> <span class='ocrx_word' id='word_1_612' title='bbox 526 2865 550 2880; x_wconf 73' lang='lat'>„-</span> 
     </span>
    </p>

    <p class='ocr_par' dir='ltr' id='par_1_27' title="bbox 419 2887 1326 3008">
     <span class='ocr_line' id='line_1_58' title="bbox 507 2887 1326 2924; baseline 0.002 -10"><span class='ocrx_word' id='word_1_613' title='bbox 507 2887 519 2904; x_wconf 78' lang='lat'>⁸</span> <span class='ocrx_word' id='word_1_614' title='bbox 539 2889 691 2922; x_wconf 78' lang='lat' dir='ltr'>Eussnms,</span> <span class='ocrx_word' id='word_1_615' title='bbox 710 2892 749 2922; x_wconf 72' lang='lat' dir='ltr'>op.</span> <span class='ocrx_word' id='word_1_616' title='bbox 769 2897 784 2914; x_wconf 87' lang='lat' dir='ltr'>e</span> <span class='ocrx_word' id='word_1_617' title='bbox 804 2890 873 2916; x_wconf 84' lang='lat' dir='ltr'>ediz.</span> <span class='ocrx_word' id='word_1_618' title='bbox 887 2891 945 2921; x_wconf 67' lang='lat' dir='ltr'>cit„</span> <span class='ocrx_word' id='word_1_619' title='bbox 965 2898 993 2922; x_wconf 90' lang='lat' dir='ltr'>p.</span> <span class='ocrx_word' id='word_1_620' title='bbox 1008 2890 1075 2923; x_wconf 72' lang='lat'>3893</span> <span class='ocrx_word' id='word_1_621' title='bbox 1094 2892 1240 2918; x_wconf 68' lang='lat' dir='ltr'>Essemus</span> <span class='ocrx_word' id='word_1_622' title='bbox 1251 2893 1326 2924; x_wconf 66' lang='lat' dir='ltr'>apud</span> 
     </span>
     <span class='ocr_line' id='line_1_59' title="bbox 419 2931 1325 2966; baseline 0.003 -10"><span class='ocrx_word' id='word_1_623' title='bbox 419 2931 559 2963; x_wconf 59' lang='lat' dir='ltr'>Srucnu„</span> <span class='ocrx_word' id='word_1_624' title='bbox 578 2939 606 2964; x_wconf 89' lang='lat' dir='ltr'>p.</span> <span class='ocrx_word' id='word_1_625' title='bbox 621 2933 711 2966; x_wconf 76' lang='lat' dir='ltr'>359b=</span> <span class='ocrx_word' id='word_1_626' title='bbox 731 2931 894 2964; x_wconf 64' lang='grc' dir='ltr'><strong>Ἀφρικανὸς</strong></span> <span class='ocrx_word' id='word_1_627' title='bbox 909 2931 1046 2965; x_wconf 75' lang='grc' dir='ltr'>’Ἀβγαρον</span> <span class='ocrx_word' id='word_1_628' title='bbox 1064 2934 1142 2966; x_wconf 75' lang='grc' dir='ltr'>φησὶν</span> <span class='ocrx_word' id='word_1_629' title='bbox 1156 2934 1225 2965; x_wconf 67' lang='grc' dir='ltr'><strong>ἱερὸν</strong></span> <span class='ocrx_word' id='word_1_630' title='bbox 1243 2934 1325 2965; x_wconf 63' lang='lat' dir='ltr'>&amp;vome</span> 
     </span>
     <span class='ocr_line' id='line_1_60' title="bbox 419 2974 1326 3008; baseline 0.004 -11"><span class='ocrx_word' id='word_1_631' title='bbox 419 2974 563 3004; x_wconf 66' lang='grc' dir='ltr'>βισιλέυειν</span> <span class='ocrx_word' id='word_1_632' title='bbox 583 2974 686 3006; x_wconf 58' lang='lat' dir='ltr'>&#39;ans-05</span> <span class='ocrx_word' id='word_1_633' title='bbox 704 2975 776 3000; x_wconf 74' lang='grc' dir='ltr'>κατὰ</span> <span class='ocrx_word' id='word_1_634' title='bbox 794 2975 855 2999; x_wconf 77' lang='grc' dir='ltr'>τούς</span> <span class='ocrx_word' id='word_1_635' title='bbox 874 2975 994 3006; x_wconf 65' lang='grc' dir='ltr'><strong>κρόνους.</strong></span> <span class='ocrx_word' id='word_1_636' title='bbox 1015 2983 1033 3000; x_wconf 82' lang='grc' dir='ltr'>κ</span> <span class='ocrx_word' id='word_1_637' title='bbox 1053 2975 1122 3008; x_wconf 71' lang='lat' dir='ltr'>pero</span> <span class='ocrx_word' id='word_1_638' title='bbox 1135 2978 1219 3008; x_wconf 81' lang='lat' dir='ltr'>copia</span> <span class='ocrx_word' id='word_1_639' title='bbox 1238 2977 1326 3004; x_wconf 84' lang='lat' dir='ltr'>Beda.</span> 
     </span>
    </p>

    <p class='ocr_par' dir='ltr' id='par_1_28' title="bbox 510 3014 1326 3050">
     <span class='ocr_line' id='line_1_61' title="bbox 510 3014 1326 3050; baseline 0.004 -9"><span class='ocrx_word' id='word_1_640' title='bbox 510 3014 522 3031; x_wconf 84' lang='lat'><strong>⁴</strong></span> <span class='ocrx_word' id='word_1_641' title='bbox 542 3016 679 3049; x_wconf 74' lang='lat' dir='ltr'>Onosrus,</span> <span class='ocrx_word' id='word_1_642' title='bbox 700 3016 760 3049; x_wconf 85' lang='lat' dir='ltr'>v11,</span> <span class='ocrx_word' id='word_1_643' title='bbox 791 3018 830 3049; x_wconf 87' lang='lat'>18,</span> <span class='ocrx_word' id='word_1_644' title='bbox 850 3024 880 3050; x_wconf 76' lang='lat'>42</span> <span class='ocrx_word' id='word_1_645' title='bbox 907 3017 1135 3045; x_wconf 81' lang='lat' dir='ltr'>“....Antonini</span> <span class='ocrx_word' id='word_1_646' title='bbox 1160 3018 1326 3045; x_wconf 73' lang='lat' dir='ltr'>Caraealiae</span> 
     </span>
    </p>
   </div>
   <div class='ocr_carea' id='block_1_24' title="bbox 1469 2549 2288 2584">
    <p class='ocr_par' dir='ltr' id='par_1_29' title="bbox 1469 2533 2342 2584">
     <span class='ocr_line' id='line_1_62' title="bbox 1469 2549 2288 2584; baseline -0.005 -6"><span class='ocrx_word' id='word_1_647' title='bbox 1469 2550 1480 2568; x_wconf 79' lang='lat'>⁶</span> <span class='ocrx_word' id='word_1_648' title='bbox 1500 2552 1637 2583; x_wconf 66' lang='lat' dir='ltr'>onustus,</span> <span class='ocrx_word' id='word_1_649' title='bbox 1657 2552 1711 2578; x_wconf 88' lang='lat' dir='ltr'>loc.</span> <span class='ocrx_word' id='word_1_650' title='bbox 1732 2552 1780 2578; x_wconf 85' lang='lat' dir='ltr'>cit.</span> <span class='ocrx_word' id='word_1_651' title='bbox 1806 2552 1838 2577; x_wconf 93' lang='lat' dir='ltr'>1n</span> <span class='ocrx_word' id='word_1_652' title='bbox 1863 2553 1964 2584; x_wconf 79' lang='lat' dir='ltr'>questo</span> <span class='ocrx_word' id='word_1_653' title='bbox 1984 2551 2074 2583; x_wconf 80' lang='lat' dir='ltr'>punto</span> <span class='ocrx_word' id='word_1_654' title='bbox 2094 2558 2110 2576; x_wconf 88' lang='lat' dir='ltr'>e</span> <span class='ocrx_word' id='word_1_655' title='bbox 2129 2551 2176 2576; x_wconf 87' lang='lat' dir='ltr'>nel</span> <span class='ocrx_word' id='word_1_656' title='bbox 2199 2549 2288 2575; x_wconf 70' lang='lat' dir='ltr'>breno</span> 
     </span>
    </p>
   </div>
   <div class='ocr_carea' id='block_1_25' title="bbox 1378 2595 2288 2755">
    <p class='ocr_par' dir='ltr' id='par_1_30' title="bbox 1378 2595 2288 2755">
     <span class='ocr_line' id='line_1_63' title="bbox 1378 2595 1761 2627; baseline -0.003 -7"><span class='ocrx_word' id='word_1_657' title='bbox 1378 2596 1514 2627; x_wconf 77' lang='lat' dir='ltr'>seguente</span> <span class='ocrx_word' id='word_1_658' title='bbox 1533 2602 1552 2620; x_wconf 74' lang='lat' dir='ltr'>n</span> <span class='ocrx_word' id='word_1_659' title='bbox 1571 2595 1655 2627; x_wconf 80' lang='lat' dir='ltr'>copia</span> <span class='ocrx_word' id='word_1_660' title='bbox 1676 2595 1761 2619; x_wconf 78' lang='lat' dir='ltr'>Beda.</span> 
     </span>
     <span class='ocr_line' id='line_1_64' title="bbox 1468 2633 2288 2670; baseline -0.001 -8"><span class='ocrx_word' id='word_1_661' title='bbox 1468 2635 1480 2653; x_wconf 90' lang='lat'><strong>⁷</strong></span> <span class='ocrx_word' id='word_1_662' title='bbox 1498 2637 1706 2669; x_wconf 74' lang='lat' dir='ltr'>Eussn1us‚0p.</span> <span class='ocrx_word' id='word_1_663' title='bbox 1720 2637 1789 2662; x_wconf 81' lang='lat' dir='ltr'>ediz.</span> <span class='ocrx_word' id='word_1_664' title='bbox 1801 2638 1856 2668; x_wconf 76' lang='lat' dir='ltr'>cit„</span> <span class='ocrx_word' id='word_1_665' title='bbox 1871 2645 1898 2669; x_wconf 88' lang='lat' dir='ltr'>p.</span> <span class='ocrx_word' id='word_1_666' title='bbox 1912 2643 1964 2670; x_wconf 86' lang='lat'>390</span> <span class='ocrx_word' id='word_1_667' title='bbox 1973 2643 2006 2665; x_wconf 82' lang='lat' dir='ltr'>c.-</span> <span class='ocrx_word' id='word_1_668' title='bbox 2024 2635 2062 2662; x_wconf 82' lang='lat' dir='ltr'>cf.</span> <span class='ocrx_word' id='word_1_669' title='bbox 2077 2634 2173 2660; x_wconf 62' lang='lat' dir='ltr'>Chaa.</span> <span class='ocrx_word' id='word_1_670' title='bbox 2184 2633 2288 2667; x_wconf 70' lang='lat' dir='ltr'>pasch..</span> 
     </span>
     <span class='ocr_line' id='line_1_65' title="bbox 1379 2678 2066 2755; baseline -0.004 -7"><span class='ocrx_word' id='word_1_671' title='bbox 1379 2688 1407 2714; x_wconf 46' lang='lat' dir='ltr'>P·</span> <span class='ocrx_word' id='word_1_672' title='bbox 1427 2678 1481 2738; x_wconf 63' lang='lat'>²⁶⁷⁸</span> <span class='ocrx_word' id='word_1_673' title='bbox 1489 2681 1708 2753; x_wconf 52' lang='grc' dir='ltr'>ῗίικιιοιεγιωε,</span> <span class='ocrx_word' id='word_1_674' title='bbox 1727 2725 1767 2755; x_wconf 73' lang='lat' dir='ltr'>op.</span> <span class='ocrx_word' id='word_1_675' title='bbox 1787 2723 1845 2752; x_wconf 69' lang='lat' dir='ltr'>cit..</span> <span class='ocrx_word' id='word_1_676' title='bbox 1865 2722 1930 2747; x_wconf 87' lang='lat' dir='ltr'>LXI</span> <span class='ocrx_word' id='word_1_677' title='bbox 1950 2719 1990 2754; x_wconf 89' lang='lat' dir='ltr'>(p.</span> <span class='ocrx_word' id='word_1_678' title='bbox 2010 2720 2066 2753; x_wconf 81' lang='lat'>41).</span> 
     </span>
    </p>
   </div>
   <div class='ocr_carea' id='block_1_26' title="bbox 1468 2757 2355 2797">
    <p class='ocr_par' dir='ltr' id='par_1_31' title="bbox 1468 2757 2355 2797">
     <span class='ocr_line' id='line_1_66' title="bbox 1468 2757 2355 2797; baseline -0.005 -7"><span class='ocrx_word' id='word_1_679' title='bbox 1468 2763 1481 2781; x_wconf 78' lang='lat'><strong>⁹</strong></span> <span class='ocrx_word' id='word_1_680' title='bbox 1498 2764 1528 2790; x_wconf 77' lang='lat' dir='ltr'>L.</span> <span class='ocrx_word' id='word_1_681' title='bbox 1548 2765 1592 2794; x_wconf 80' lang='lat' dir='ltr'>P..</span> <span class='ocrx_word' id='word_1_682' title='bbox 1611 2764 1681 2790; x_wconf 85' lang='lat' dir='ltr'>ediz.</span> <span class='ocrx_word' id='word_1_683' title='bbox 1700 2765 1756 2795; x_wconf 68' lang='lat' dir='ltr'>cit„</span> <span class='ocrx_word' id='word_1_684' title='bbox 1769 2763 1791 2797; x_wconf 89' lang='lat'>1,</span> <span class='ocrx_word' id='word_1_685' title='bbox 1814 2771 1876 2797; x_wconf 73' lang='lat'>1433</span> <span class='ocrx_word' id='word_1_686' title='bbox 1896 2763 1933 2790; x_wconf 79' lang='lat' dir='ltr'>cf.</span> <span class='ocrx_word' id='word_1_687' title='bbox 1953 2770 2022 2795; x_wconf 86' lang='lat' dir='ltr'>pure</span> <span class='ocrx_word' id='word_1_688' title='bbox 2038 2769 2091 2797; x_wconf 82' lang='lat' dir='ltr'>per</span> <span class='ocrx_word' id='word_1_689' title='bbox 2107 2762 2136 2787; x_wconf 76' lang='lat' dir='ltr'>ln</span> <span class='ocrx_word' id='word_1_690' title='bbox 2154 2761 2287 2794; x_wconf 69' lang='lat' dir='ltr'>pudone</span> <span class='ocrx_word' id='word_1_691' title='bbox 2334 2757 2355 2765; x_wconf 70' lang='grc'>’“</span> 
     </span>
    </p>
   </div>
   <div class='ocr_carea' id='block_1_27' title="bbox 2314 849 2366 884">
    <p class='ocr_par' dir='ltr' id='par_1_32' title="bbox 2314 849 2366 884">
     <span class='ocr_line' id='line_1_67' title="bbox 2314 849 2366 884; baseline 0.038 -2"><span class='ocrx_word' id='word_1_692' title='bbox 2314 849 2366 884; x_wconf 71' lang='grc'>10</span> 
     </span>
    </p>
   </div>
   <div class='ocr_carea' id='block_1_28' title="bbox 2313 1116 2369 1154">
    <p class='ocr_par' dir='ltr' id='par_1_33' title="bbox 2313 1116 2369 1154">
     <span class='ocr_line' id='line_1_68' title="bbox 2313 1116 2369 1154; baseline 0.071 -4"><span class='ocrx_word' id='word_1_693' title='bbox 2313 1116 2369 1154; x_wconf 78' lang='lat'>152</span> 
     </span>
    </p>
   </div>
   <div class='ocr_carea' id='block_1_29' title="bbox 2330 1362 2398 1709">
    <p class='ocr_par' dir='ltr' id='par_1_34' title="bbox 2330 1362 2398 1709">
     <span class='ocr_line' id='line_1_69' title="bbox 2330 1362 2398 1709; baseline 0 0"><span class='ocrx_word' id='word_1_694' title='bbox 2330 1362 2398 1709; x_wconf 95' lang='lat' dir='ltr'>   </span> 
     </span>
    </p>
   </div>
   <div class='ocr_carea' id='block_1_30' title="bbox 1379 2796 2353 2837">
    <p class='ocr_par' dir='ltr' id='par_1_35' title="bbox 1379 2796 2353 2837">
     <span class='ocr_line' id='line_1_70' title="bbox 1379 2796 2353 2837; baseline -0.003 -5"><span class='ocrx_word' id='word_1_695' title='bbox 1379 2807 1408 2832; x_wconf 88' lang='lat' dir='ltr'>dl</span> <span class='ocrx_word' id='word_1_696' title='bbox 1426 2809 1509 2833; x_wconf 76' lang='lat' dir='ltr'>santa</span> <span class='ocrx_word' id='word_1_697' title='bbox 1534 2807 1646 2833; x_wconf 77' lang='lat' dir='ltr'>Cecilia</span> <span class='ocrx_word' id='word_1_698' title='bbox 1671 2806 1718 2833; x_wconf 78' lang='lat' dir='ltr'>cio</span> <span class='ocrx_word' id='word_1_699' title='bbox 1735 2807 1789 2833; x_wconf 86' lang='lat' dir='ltr'>che</span> <span class='ocrx_word' id='word_1_700' title='bbox 1809 2807 1828 2832; x_wconf 93' lang='lat' dir='ltr'>il</span> <span class='ocrx_word' id='word_1_701' title='bbox 1853 2807 2007 2833; x_wconf 78' lang='lat' dir='ltr'>nuche-ne</span> <span class='ocrx_word' id='word_1_702' title='bbox 2029 2806 2095 2832; x_wconf 79' lang='lat' dir='ltr'>dlee</span> <span class='ocrx_word' id='word_1_703' title='bbox 2119 2812 2136 2830; x_wconf 76' lang='lat' dir='ltr'>a</span> <span class='ocrx_word' id='word_1_704' title='bbox 2162 2811 2189 2837; x_wconf 80' lang='lat' dir='ltr'>p.</span> <span class='ocrx_word' id='word_1_705' title='bbox 2208 2809 2288 2830; x_wconf 81' lang='lat' dir='ltr'>xcux</span> <span class='ocrx_word' id='word_1_706' title='bbox 2335 2796 2353 2819; x_wconf 61' lang='lat'>*³-</span> 
     </span>
    </p>
   </div>
   <div class='ocr_carea' id='block_1_31' title="bbox 1380 2850 2009 2925">
    <p class='ocr_par' dir='ltr' id='par_1_36' title="bbox 1380 2850 2009 2925">
     <span class='ocr_line' id='line_1_71' title="bbox 1380 2850 1650 2877; baseline 0 -1"><span class='ocrx_word' id='word_1_707' title='bbox 1380 2850 1453 2876; x_wconf 83' lang='lat' dir='ltr'>della</span> <span class='ocrx_word' id='word_1_708' title='bbox 1473 2850 1650 2877; x_wconf 66' lang='lat' dir='ltr'>Pretazione.</span> 
     </span>
     <span class='ocr_line' id='line_1_72' title="bbox 1459 2890 2009 2925; baseline -0.004 -6"><span class='ocrx_word' id='word_1_709' title='bbox 1459 2891 1481 2909; x_wconf 93' lang='lat'>¹⁰</span> <span class='ocrx_word' id='word_1_710' title='bbox 1502 2893 1639 2925; x_wconf 75' lang='lat' dir='ltr'>Onosms,</span> <span class='ocrx_word' id='word_1_711' title='bbox 1660 2893 1722 2924; x_wconf 84' lang='lat' dir='ltr'>vn,</span> <span class='ocrx_word' id='word_1_712' title='bbox 1745 2893 1785 2924; x_wconf 82' lang='lat'>18,</span> <span class='ocrx_word' id='word_1_713' title='bbox 1805 2891 1823 2917; x_wconf 89' lang='lat'>6</span> <span class='ocrx_word' id='word_1_714' title='bbox 1843 2890 1921 2925; x_wconf 78' lang='lat' dir='ltr'>(pag.</span> <span class='ocrx_word' id='word_1_715' title='bbox 1941 2891 2009 2924; x_wconf 74' lang='lat' dir='ltr'>cit.)-</span> 
     </span>
    </p>
   </div>
   <div class='ocr_carea' id='block_1_32' title="bbox 1459 2924 2347 2967">
    <p class='ocr_par' dir='ltr' id='par_1_37' title="bbox 1459 2924 2347 2967">
     <span class='ocr_line' id='line_1_73' title="bbox 1459 2924 2347 2967; baseline -0.005 -6"><span class='ocrx_word' id='word_1_716' title='bbox 1459 2933 1479 2951; x_wconf 88' lang='lat'>¹¹</span> <span class='ocrx_word' id='word_1_717' title='bbox 1499 2935 1640 2967; x_wconf 72' lang='lat' dir='ltr'>Onosius,</span> <span class='ocrx_word' id='word_1_718' title='bbox 1660 2935 1722 2967; x_wconf 80' lang='lat' dir='ltr'>vn,</span> <span class='ocrx_word' id='word_1_719' title='bbox 1751 2935 1791 2967; x_wconf 83' lang='lat'>18,</span> <span class='ocrx_word' id='word_1_720' title='bbox 1811 2939 1827 2966; x_wconf 87' lang='lat'><strong>7</strong></span> <span class='ocrx_word' id='word_1_721' title='bbox 1848 2941 1863 2959; x_wconf 87' lang='lat' dir='ltr'>e</span> <span class='ocrx_word' id='word_1_722' title='bbox 1883 2934 1908 2960; x_wconf 88' lang='lat'>8.</span> <span class='ocrx_word' id='word_1_723' title='bbox 1931 2941 1950 2959; x_wconf 82' lang='lat' dir='ltr'>n</span> <span class='ocrx_word' id='word_1_724' title='bbox 1969 2934 2055 2966; x_wconf 73' lang='lat' dir='ltr'>sopit.</span> <span class='ocrx_word' id='word_1_725' title='bbox 2079 2933 2117 2958; x_wconf 77' lang='lat' dir='ltr'>ad</span> <span class='ocrx_word' id='word_1_726' title='bbox 2133 2932 2252 2958; x_wconf 68' lang='lat' dir='ltr'>[ineram</span> <span class='ocrx_word' id='word_1_727' title='bbox 2270 2939 2301 2958; x_wconf 76' lang='lat' dir='ltr'>a·</span> <span class='ocrx_word' id='word_1_728' title='bbox 2346 2924 2347 2927; x_wconf 31' lang='lat'>¹</span> 
     </span>
    </p>
   </div>
   <div class='ocr_carea' id='block_1_33' title="bbox 1380 2977 1753 3010">
    <p class='ocr_par' dir='ltr' id='par_1_38' title="bbox 1380 2977 1753 3010">
     <span class='ocr_line' id='line_1_74' title="bbox 1380 2977 1753 3010; baseline -0.003 -7"><span class='ocrx_word' id='word_1_729' title='bbox 1380 2978 1553 3003; x_wconf 84' lang='lat' dir='ltr'>eominciare</span> <span class='ocrx_word' id='word_1_730' title='bbox 1572 2977 1607 3002; x_wconf 81' lang='lat' dir='ltr'>da</span> <span class='ocrx_word' id='word_1_731' title='bbox 1631 2977 1753 3010; x_wconf 65' lang='lat' dir='ltr'>Ulpiano.</span> 
     </span>
    </p>
   </div>
   <div class='ocr_carea' id='block_1_34' title="bbox 2305 1709 2398 3470">
    <p class='ocr_par' dir='ltr' id='par_1_39' title="bbox 2305 1709 2398 3470">
     <span class='ocr_line' id='line_1_75' title="bbox 2305 1709 2398 3470; baseline 0 0"><span class='ocrx_word' id='word_1_732' title='bbox 2305 1709 2398 3470; x_wconf 95' lang='lat' dir='ltr'> </span> 
     </span>
    </p>
   </div>
  </div>
 </body>
</html>
