2398 3470
1908 245 1981 286 2⁷7
1996 259 2070 283 Mum,
2086 265 2119 281 ec.
2136 265 2222 284 ²23-³²⁴

141 251 193 289 μ.
213 251 247 281 c.
267 253 362 286 11⁷⁷]
723 247 1015 284 ROMUALDI
1043 246 1408 284 SALERNITANI

144 370 159 388 ⁸
172 379 215 402 ea
237 379 306 412 que
329 374 567 402 antecessores
589 370 699 403 nostri
720 369 847 402 iuniori
870 368 1025 402 Henrico
1038 370 1062 408 ¹,
1085 368 1274 402 Conrado*
1297 375 1333 403 et
1353 369 1544 403 Lothario⁸
1574 370 1632 403 uei
1661 370 1694 402 ei
1717 379 1825 413 usque
1848 370 1895 404 ad
1918 370 1985 403 hec

146 423 161 440 ⁸
174 427 332 464 tempora
355 422 594 461 reddiderunt,
616 422 786 465 recipere,
809 422 922 464 parati
945 432 1060 455 sumus
1081 422 1118 454 in
1140 432 1229 465 pace
1251 422 1460 465 persoluere.
1507 421 1614 461 Quod
1637 423 1666 455 si
1689 422 1772 455 'hoc
1788 423 1986 466 imperatori
2068 440 2089 455 c.
2105 435 2143 454 2⁶0

145 476 160 493 ‘¹
173 484 281 518 graue
304 475 436 508 residet
459 481 494 508 et
516 476 666 514 uidetur,
689 486 824 518 pacem,
845 485 914 518 que
936 476 1027 508 inter
1049 485 1113 508 nos
1135 480 1172 508 et
1196 485 1274 508 eum
1297 486 1360 519 per
1390 475 1643 509 Cremonenses
1673 482 1820 509 tractata
1849 477 1919 509 fuit
1949 483 1985 509 et

142 529 157 546 ⁰¹·
170 527 207 560 in
223 528 362 570 scriptis
378 528 521 561 redacta
532 528 556 568 ⁴,
571 528 731 561 uolumus
746 528 890 561 firmiter
906 527 1104 561 obseruare.
1152 528 1233 567 Que
1249 539 1292 561 eo
1309 534 1468 571 tempore
1485 528 1657 571 completa
1671 529 1804 568 fuisset,
1820 529 1886 562 nisi
1904 530 1985 572 quia

26 583 36 614 ἑ.
93 581 111 614 5
141 580 362 623 “imperator
383 580 523 614 uolebat
546 591 610 614 nos
633 581 677 614 ab
699 581 852 614 ecclesie
867 581 1000 613 unitate
1015 581 1186 614 recedere
1202 587 1237 613 et
1253 581 1446 614 Alexandri
1463 591 1554 624 pape
1569 582 1782 624 pontificium
1798 583 1984 626 denegare.

43 631 46 634 ’
141 634 156 650 “
170 633 360 667 Provideat
383 644 468 677 ergo
492 644 596 677 super
617 635 687 668 hoc
710 640 826 667 uestra
850 633 1025 672 discretio,
1048 634 1088 672 si,
1111 634 1194 677 quia
1217 634 1368 667 scismati
1385 635 1584 668 consentire
1598 635 1780 674 noluimus,
1796 634 1985 668 debeamus

143 688 287 720 “nostre
309 687 410 730 pacis
433 687 672 720 conditionem
696 687 902 720 deteriorem
925 687 1063 720 efficere
1077 710 1106 730 ,μ

227 741 315 774 Cum
339 747 451 773 autem
473 741 646 783 scriptura
669 740 713 773 de
737 746 886 774 tractatu
907 740 1004 783 pacis
1027 740 1145 774 habita
1168 746 1203 773 et
1226 750 1291 783 per
1313 740 1566 774 Cremonenses
1587 741 1794 774 Lombardis
1818 742 1893 774 aliis
1923 742 1983 775 de-

137 794 250 838 legata
273 794 446 837 producta
469 794 594 827 fuisset
616 794 652 826 in
675 792 838 833 medium,
862 799 1030 837 ceperunt
1059 793 1247 827 Teutonici
1279 793 1484 837 quibusdam
1513 794 1684 837 scripture
1716 795 1876 838 capitulis
1906 795 1983 829 dili-

40 863 48 875 s
77 846 116 881 10
138 853 261 892 genter
284 857 462 891 opponere
485 853 520 881 et
543 858 662 880 eorum
684 857 821 880 sensum
845 847 891 881 ad
912 857 973 880 sue
996 847 1105 890 partis
1126 848 1345 881 commodum
1367 853 1579 890 retorquere,
1602 849 1752 891 quedam
1775 859 1858 882 uero
1889 850 1983 892 capi-

41 890 47 898 *
138 901 210 934 tula
233 902 420 945 denegare.
467 901 498 934 E
521 908 645 934 contra
666 900 855 934 Lombardi
877 906 1047 943 ceperunt
1069 901 1207 934 illorum
1230 900 1473 944 responsiones
1495 902 1566 934 suis
1588 902 1869 944 responsionibus
1900 912 1984 935 cou-

136 955 264 994 futare,
288 960 324 988 et
346 955 410 993 his,
434 965 502 999 que
525 954 664 988 obiecta
686 954 835 991 fuerant,
858 954 940 986 satis
962 954 1117 987 studiose
1139 954 1312 987 resistere.
1357 954 1416 987 Ad
1439 953 1699 997 comprobanda
1721 965 1805 988 uero
1822 955 1984 998 capitula,

135 1017 204 1052 que
227 1009 295 1050 ipsi
318 1013 545 1052 negauerant,
577 1013 744 1050 ceperunt
775 1007 1070 1046 Cremonensium,
1102 1007 1183 1040 licet
1213 1012 1330 1040 essent
1361 1007 1507 1046 inimici,
1540 1007 1774 1041 testimonium
1808 1008 1982 1042 inuocare.

32 1088 43 1104 ,1.
136 1062 293 1104 Cumque
316 1071 419 1104 super
441 1061 494 1094 his
517 1060 681 1104 capitulis
704 1060 827 1093 diebus
849 1066 940 1093 esset
961 1060 1118 1103 plurimis
1141 1060 1351 1103 disputatum
1383 1066 1419 1094 et
1447 1060 1533 1093 nihil
1563 1061 1703 1103 penitus
1726 1061 1916 1100 diffinitum,
1940 1073 1984 1095 ex

6 1109 50 1135 ¹³*
74 1115 111 1148 15
133 1115 315 1158 utriusque
337 1115 446 1158 partis
469 1114 715 1147 conuenientia
737 1123 956 1158 quecumque
978 1114 1062 1146 hinc
1085 1119 1120 1146 et
1149 1113 1232 1147 inde
1263 1114 1357 1147 dicta
1387 1114 1538 1152 fuerant,
1570 1114 1625 1147 ad·
1645 1124 1736 1157 pape
1768 1114 1979 1148 audientiam

135 1174 215 1201 sunt
237 1169 355 1201 relata.
402 1167 604 1200 Alexander
627 1172 741 1199 autem
764 1178 867 1210 papa,
890 1172 1014 1210 utpote
1034 1167 1090 1200 uir
1112 1167 1266 1200 eruditus
1288 1172 1324 1200 et
1346 1167 1495 1210 sapiens,
1518 1167 1744 1201 considerans
1765 1169 1984 1210 imperatoris

136 1228 172 1255 et
194 1221 471 1255 Lombardorum
492 1230 617 1264 pacem
639 1220 756 1253 multis
778 1231 852 1252 esse
877 1220 1122 1253 controuersiis
1144 1227 1180 1254 et
1202 1221 1437 1264 questionibus
1459 1221 1660 1260 inuolutam,
1685 1231 1749 1254 nec
1774 1232 1849 1254 eam
1881 1232 1981 1264 posse

135 1274 237 1308 breui
260 1274 372 1317 spatio
394 1273 608 1317 temporibus
632 1273 873 1312 consummari,
895 1278 1046 1307 tractatu
1067 1273 1165 1316 pacis
1187 1274 1393 1316 postposito,
1416 1274 1509 1317 cepit
1532 1285 1611 1307 cum
1626 1274 1677 1307 eis
1693 1275 1737 1307 de
1753 1275 1906 1318 treuguis
1921 1285 1982 1309 sex

42 1369 48 1374 ι
135 1338 304 1361 annorum
328 1326 457 1371 agere,'
481 1337 624 1370 sperans
646 1336 710 1369 per
736 1333 899 1370 treuguas
928 1327 974 1360 ad
1005 1327 1334 1360 consummationem
1365 1327 1462 1370 pacis
1489 1327 1632 1360 facilius
1662 1338 1762 1370 posse
1793 1328 1980 1370 perueniri.
2063 1345 2082 1360 c.
2097 1341 2159 1359 ,σιω

29 1420 46 1427 ‚
69 1381 112 1414 20
134 1381 238 1415 Tunc
261 1380 365 1414 etiam
388 1379 591 1414 Teotonicis
613 1378 659 1412 de
682 1389 770 1422 pace
792 1379 884 1423 regis
907 1379 1029 1412 Sicilie
1052 1379 1195 1413 uerbum
1225 1380 1432 1422 proprosuit,
1450 1380 1642 1413 affectuose
1658 1381 1849 1423 postulans,
1864 1387 1901 1413 ut
1917 1381 1982 1413 im-

134 1440 277 1478 perator
298 1443 377 1467 cum
401 1443 444 1466 eo
467 1439 527 1466 aut
548 1442 673 1475 pacem
696 1438 900 1475 perpetuam
922 1438 982 1465 aut
1005 1433 1228 1476 temporalem
1251 1433 1297 1465 ad
1319 1433 1432 1466 minus
1455 1444 1565 1476 usque
1592 1434 1637 1466 ad
1653 1444 1761 1466 annos
1778 1434 1978 1476 quindecim

44 1505 52 1515 ν
108 1486 119 1489 ”
136 1488 283 1525 faceret,
306 1487 342 1519 in
364 1487 516 1520 ueritate
537 1486 697 1525 sciturus,
721 1486 816 1528 quod
839 1485 1034 1519 nullatenus
1056 1495 1178 1528 pacem
1203 1486 1276 1519 eius
1298 1492 1333 1519 et
1355 1486 1506 1519 ecclesie
1531 1493 1648 1529 posset
1670 1487 1809 1526 habere,
1826 1498 1908 1531 rege
1925 1488 1981 1521 Si·

134 1540 217 1574 cilie
240 1541 277 1574 in
299 1540 480 1574 discordia.
501 1545 711 1572 remanente.
757 1538 976 1571 Christianus
999 1545 1113 1571 autem
1137 1538 1367 1572 cancellarius
1389 1549 1468 1573 cum
1492 1539 1594 1572 sociis
1617 1540 1687 1573 suis
1711 1540 1859 1574 consilio
1886 1551 1982 1574 com-

133 1594 309 1628 municato
332 1592 529 1637 respondit:
559 1592 573 1608 ‘⁴
589 1591 700 1625 Nouit
721 1598 839 1625 uestra
861 1591 1038 1631 discretio,
1061 1592 1260 1625 uenerande
1284 1599 1384 1635 pater
1408 1599 1443 1626 et
1465 1593 1614 1631 domine,
1639 1594 1733 1636 quod
1756 1604 1820 1626 nos
1842 1594 1887 1626 ab
1917 1594 1981 1626 im-

35 1645 111 1681 “25
141 1649 330 1691 “peratore
352 1646 552 1689 accepimus
573 1646 609 1678 in
632 1644 812 1683 mandatis,
835 1651 874 1678 ut
896 1644 1075 1678 uobiscum
1099 1645 1144 1678 de
1167 1655 1256 1688 pace
1279 1645 1441 1685 ecclesie,
1464 1646 1555 1689 regis
1577 1645 1697 1680 Sicilie
1715 1653 1748 1679 et
1763 1646 1980 1680 Lombardo-

138 1703 242 1734 “mm
265 1700 472 1734 haberemus
494 1699 705 1743 colloquium
729 1704 764 1731 et
788 1703 991 1731 tractatum:
1016 1699 1079 1731 sed
1102 1698 1183 1742 quia
1206 1709 1280 1738 uos,
1302 1704 1453 1732 tractatu
1475 1700 1574 1742 pacis
1597 1701 1733 1740 omisso,
1757 1711 1884 1734 nouum
1906 1712 1980 1733 uer-

34 1768 44 1787 z·
138 1757 154 1774 ⁸
167 1754 249 1789 burn
271 1753 372 1788 nobis
394 1754 439 1786 de
461 1752 618 1796 treuguis
641 1751 814 1786 faciendis
835 1751 1039 1795 proponitis,
1062 1762 1133 1785 non
1155 1762 1335 1794 possumus
1356 1752 1528 1786 sanctitati
1553 1758 1669 1786 uestre
1692 1763 1795 1796 super
1818 1754 1886 1787 hoc
1903 1763 1980 1787 cer-

44 1818 58 1848 ζ
138 1810 239 1842 “tum
262 1808 346 1843 dare
370 1817 585 1850 responsum,
609 1805 834 1849 quoadusque
857 1805 1004 1838 uerbum
1027 1805 1130 1843 istud,
1153 1805 1249 1848 quod
1272 1805 1316 1838 de
1339 1815 1432 1839 nouo
1454 1806 1661 1846 audiuimus,
1684 1807 1731 1839 ad
1760 1806 1979 1850 imperatoris

42 1875 58 1908 ς1
136 1863 152 1880 “
164 1860 380 1895 audientiam
402 1859 596 1892 referamus
608 1882 639 1900 „-

221 1913 380 1957 Accepta
403 1913 520 1957 itaque
542 1924 564 1946 a
585 1922 678 1956 papa
700 1912 851 1951 licentia,
874 1912 920 1944 ad
942 1912 1197 1954 imperatorem,
1221 1912 1279 1956 qui
1302 1913 1397 1955 apud
1418 1911 1628 1956 Pomposam
1641 1912 1653 1930 ⁸
1683 1919 1837 1952 uenerat,
1866 1915 1979 1958 gradu

42 1962 61 1997 f
132 1968 271 2002 concito
293 1972 531 2011 perrexemnt.
577 1966 641 1999 Est
662 1971 778 1999 autem
802 1965 975 2008 Pomposa
995 1965 1095 1998 locus
1117 1965 1256 2008 quidam
1280 1965 1496 2000 delactabilis
1519 1971 1554 1999 et
1575 1976 1776 2000 nemorosus
1797 1967 1890 2000 inter
1906 1967 1977 2000 Ra-

221 2124 245 2150 6.
259 2125 415 2151 Schismati
433 2125 466 2153 B,
490 2124 519 2154 C,
538 2124 614 2149 Sasso
632 2132 646 2148 e
663 2124 755 2149 Arndt
773 2137 805 2141 —
825 2123 881 2155 8-9.
900 2124 1037 2156 denegata
1058 2124 1134 2149 Sane
1151 2136 1182 2142 -
1208 2130 1247 2155 14.
1266 2123 1323 2148 hiis
1342 2123 1366 2148 A
1386 2136 1395 2141 -
1415 2125 1507 2149 essent
1525 2123 1549 2148 A
1567 2137 1579 2144 ·
1598 2124 1688 2149 nichil
1707 2124 1732 2149 A
1748 2138 1782 2144 -
1804 2131 1843 2157 17.
1862 2126 1935 2150 esset
1952 2125 1976 2150 A

134 2180 165 2186 —
187 2174 230 2192 ει.
249 2166 285 2192 ad
304 2167 399 2191 minus
422 2165 558 2191 Conteloro
575 2173 668 2191 manca
688 2179 720 2183 —
741 2165 783 2190 26.
803 2167 844 2190 set
867 2165 891 2190 C
905 2173 920 2190 e
936 2165 1027 2190 Arndt

52 2274 58 2298 ζ
220 2268 227 2284 ¹
248 2269 356 2294 Enrico
376 2268 410 2294 V.
448 2267 634 2293 Concordato
653 2268 682 2293 di
704 2268 816 2292 Worms
836 2268 880 2292 del
908 2274 939 2300 23
965 2269 1028 2292 sett.
1083 2267 1096 2280 ‘⁴
1108 2275 1170 2293 meo
1189 2270 1256 2293 sunt
1275 2268 1444 2293 canonicam
1462 2268 1524 2293 fieri
1542 2269 1713 2294 electionem
1733 2271 1761 2294 et
1779 2269 1897 2294 liberam
1911 2278 1975 2295 con-

55 2320 58 2336 ς
131 2318 208 2343 112²,
233 2312 278 2337 col
299 2311 381 2344 quale
402 2312 424 2335 si
445 2311 543 2336 chluse
562 2310 590 2335 la
610 2310 716 2342 grande
735 2310 788 2334 lite
810 2310 884 2334 delle
909 2310 1027 2334 investi·
1084 2309 1307 2335 “secutionem
1342 2311 1542 2336 Possessiones
1561 2313 1589 2335 et
1609 2312 1716 2343 regalia
1735 2312 1810 2337 beati
1831 2313 1907 2337 Petri
1923 2320 1975 2345 que

86 2361 102 2388 5
130 2355 206 2383 ture:
225 2353 260 2377 cf.
274 2352 311 2377 A.
324 2352 429 2383 Somm,
442 2351 516 2376 Stato
527 2358 541 2375 e
552 2351 639 2376 cluna
656 2351 763 2376 secondo
771 2351 817 2383 gli
827 2352 916 2375 scritti·
923 2350 1030 2383 politici
1082 2351 1097 2365 ‘¹
1107 2359 1124 2377 ι
1143 2353 1290 2386 prIncipio
1308 2353 1394 2378 huius
1413 2354 1558 2378 discordie
1572 2361 1658 2386 usque
1672 2354 1705 2378 ad
1719 2354 1887 2379 hodiernam
1901 2355 1974 2380 diem

56 2420 59 2423 ,
128 2395 164 2420 da
180 2394 419 2427 Carlomaenofino
431 2393 620 2418 alcmordato
632 2393 664 2417 di
681 2393 789 2422 Worms‚
802 2392 934 2423 Modenn,
951 2399 1026 2426 1901.
1082 2393 1167 2420 “slve
1186 2397 1313 2429 tempore
1333 2397 1423 2428 patris
1443 2397 1495 2420 mei
1517 2397 1578 2421 sive
1597 2396 1683 2421 etlam
1703 2403 1765 2421 meo
1784 2397 1879 2421 ablata
1900 2399 1974 2426 sunt,
2003 2401 2035 2428 25

129 2438 153 2463 n
172 2439 248 2463 testo
267 2437 311 2462 del
332 2437 460 2470 diploma
475 2437 503 2460 dl
518 2435 624 2461 Enrlco
637 2435 664 2459 V
679 2436 709 2460 su
721 2435 802 2460 edito
823 2436 851 2460 in
865 2435 906 2461 All.
928 2436 961 2460 G.
981 2435 1026 2467 E,
1082 2437 1159 2468 “que
1176 2438 1266 2463 habeo
1290 2438 1407 2464 ecclesie
1425 2438 1554 2464 Romane
1574 2440 1703 2469 restituo,
1723 2447 1775 2472 que
1802 2440 1893 2464 autem
1915 2447 1973 2464 non

128 2479 200 2513 leg„
220 2482 299 2505 tomo
318 2479 354 2510 11,
375 2486 402 2512 p.
423 2477 516 2512 7621n
535 2478 566 2503 P·
579 2478 727 2507 Tflmmm,
744 2477 830 2502 Codex
841 2478 1027 2510 diplomaticus
1081 2478 1195 2504 “habeo
1214 2481 1247 2504 ut
1266 2481 1455 2506 restituantur
1479 2480 1602 2506 fideliter
1626 2481 1741 2506 iuvabo.
1777 2481 1974 2508 Possessiones

61 2544 65 2547 .
127 2522 287 2554 temporalis,
307 2522 387 2546 tomo
407 2520 428 2549 1.
449 2528 476 2545 n.
498 2527 544 2549 ης
565 2526 610 2545 ma
628 2519 704 2544 assai
730 2520 835 2553 meglio
854 2527 868 2544 e
891 2521 1025 2545 correttn-
1081 2521 1190 2547 “etiam
1210 2522 1330 2548 aliarum
1349 2524 1479 2548 omnium
1498 2523 1679 2548 ecclesiarum
1705 2524 1733 2547 et
1758 2524 1921 2556 prIncipum
1945 2525 1974 2548 et

54 2564 103 2595 ⁴10
128 2565 222 2589 mente
241 2563 288 2588 dal
308 2563 480 2592 Decumum,
503 2562 582 2587 Liber
605 2561 715 2591 Mitt,
741 2562 777 2592 11,
803 2569 829 2595 p.
855 2561 909 2595 378
926 2562 1025 2593 (Βοεο,
1081 2564 1230 2590 “aliorum
1248 2566 1306 2590 tam
1326 2565 1494 2590 clericorum
1509 2572 1592 2597 quam
1606 2565 1748 2597 laycorum
1763 2566 1859 2597 quein
1873 2573 1974 2599 guerra

62 2607 65 2622 '-
132 2605 254 2631 Cadistus
266 2605 316 2638 ΙΙ),
330 2605 373 2630 col
388 2606 532 2630 riscontro
545 2604 766 2637 deli'originale,
781 2606 952 2630 conservato
967 2605 1026 2630 nel·
1081 2605 1094 2620 “
1105 2607 1161 2631 ista
1179 2607 1282 2632 amisse
1300 2610 1375 2639 sunt,
1396 2607 1521 2632 consilio
1542 2609 1703 2640 principum
1724 2608 1768 2632 vel
1783 2609 1905 2637 iustitia.
1920 2616 1973 2640 que
2002 2615 2036 2640 30

129 2647 291 2673 l’Archlvlo
310 2647 459 2676 Vaticano„
479 2647 560 2672 Arm.
579 2646 600 2677 1,
620 2646 705 2679 Capu.
724 2646 772 2676 Vl,
792 2654 819 2672 n.
839 2653 879 2677 ιι,
899 2654 983 2672 senza
1002 2646 1023 2671 n
1080 2648 1194 2675 “habeo
1212 2650 1335 2681 reddam,
1355 2658 1408 2682 que
1428 2658 1486 2675 non
1505 2650 1594 2675 habeo
1608 2651 1638 2675 ut
1652 2651 1840 2675 restituantur
1852 2650 1973 2676 fideliter

129 2690 261 2723 suggello
280 2690 331 2714 che
349 2688 388 2714 νδ
407 2690 542 2723 perduto:
1081 2691 1095 2706 ⁹
1104 2692 1209 2718 iuvabo
1220 2711 1225 2717 .
1236 2710 1244 2718 .
1255 2709 1262 2718 .
1274 2711 1279 2717 .
1291 2711 1314 2725 n-

48 2739 53 2741 *
219 2731 370 2756 “Domino
389 2738 461 2764 pape
485 2730 605 2756 Culi¹t⁰
627 2731 766 2756 Henrlcufl
791 2731 954 2764 stupet-tof-
990 2730 1023 2755 1¹1
1166 2733 1178 2751 ²
1196 2733 1337 2766 corrado,
1356 2735 1437 2768 sigilo
1457 2734 1487 2759 di
1507 2734 1612 2759 Enrlco
1638 2733 1685 2763 1V.
1711 2736 1805 2760 morto
1832 2736 1860 2760 in
1888 2736 1973 2760 Italia

71 2779 100 2807 ις
131 2773 275 2798 “nomine
294 2775 391 2798 sancte
409 2774 437 2798 et
457 2773 609 2798 individue
627 2771 791 2805 Trinitatis,
812 2780 865 2806 ego
877 2772 1024 2802 Hem-icus,
1079 2777 1123 2802 nel
1152 2783 1228 2802 1101.

15 2826 18 2831 ¹
54 2814 58 2824 ²
131 2815 146 2829 ²
155 2815 210 2840 Del
219 2815 312 2848 gratia
326 2815 521 2840 Romanorum
534 2816 692 2847 imperator
706 2817 851 2848 augustus,
863 2822 915 2848 pro
927 2822 1023 2841 amore
1165 2815 1177 2833 ³
1195 2817 1315 2844 Lutario
1336 2818 1375 2843 111
1394 2818 1422 2843 di
1444 2817 1589 2849 Sasonis.
1610 2824 1777 2852 1125-1137;
1792 2818 1828 2843 cf.
1843 2819 1886 2844 W.
1900 2819 1972 2843 Bim-
2001 2822 2032 2848 35

129 2859 143 2874 ‘¹
155 2859 208 2884 Del
229 2860 258 2884 et
277 2860 374 2883 sancte
392 2858 520 2883 Romane
533 2858 651 2883 ecclesie
669 2859 697 2884 et
709 2858 808 2883 domni
829 2865 900 2892 pape
913 2858 1022 2884 Cslixti
1076 2866 1200 2890 numm,
1219 2860 1318 2886 lothar
1335 2868 1384 2886 van
1403 2860 1597 2892 supputebant,
1619 2861 1746 2893 Leipzig,
1774 2860 1850 2893 1870.
1870 2869 1896 2893 p.
1920 2860 1972 2892 560

133 2900 183 2926 'et
194 2908 247 2934 pro
267 2901 391 2926 remedio
409 2901 504 2925 anime
521 2907 588 2929 mee.
601 2900 719 2925 dimitto
732 2900 794 2925 Deo
807 2902 835 2925 et
848 2901 957 2926 sanctis
968 2900 1021 2925 Dei
1076 2909 1090 2927 e
1110 2910 1149 2936 ις.
1914 2920 1918 2923 .

66 2962 69 2965 <
131 2943 295 2976 ‘apostolis
315 2942 400 2968 Petro
418 2944 446 2968 et
465 2942 557 2968 Paulo
575 2944 726 2975 sancteque
745 2942 884 2968 catholice
897 2942 1022 2968 Ecclesie
1164 2943 1176 2960 ⁴
1195 2945 1234 2970 M.
1258 2945 1292 2971 G.
1311 2945 1356 2974 H..
1375 2944 1445 2977 ιιι..
1464 2945 1499 2974 11,
1521 2950 1567 2976 145
1588 2951 1603 2969 e
1622 2952 1662 2977 sg.

14 3014 16 3024 1
64 2992 104 3011 o
133 2985 269 3011 “omnem
290 2986 491 3010 investituram
510 2992 560 3018 per
578 2985 694 3010 anulum
711 2987 743 3011 et·
763 2985 903 3015 baculum,
915 2986 943 3011 et
956 2992 1021 3010 con·
1165 2985 1177 3003 ⁸
1195 2987 1236 3013 La
1256 2987 1366 3012 famosa
1385 2987 1469 3012 badia
1490 2986 1517 3012 dl
1539 2987 1681 3019 Pomposs
1694 2986 1710 3012 ὲ
1722 2993 1739 3012 a
1752 2989 1827 3012 circa
1842 2988 1895 3012 km.
1911 2994 1924 3020 5
1938 2985 1971 3022 ¹l,

70 3022 73 3026 Ὗ
132 3027 225 3053 'cedo
246 3029 273 3053 ln
294 3028 426 3053 omnibus
444 3027 572 3053 ecclesiis
591 3034 644 3060 que
670 3029 698 3053 in
726 3034 814 3062 regno
838 3028 882 3054 vel
902 3028 1023 3061 imperio
1077 3029 1112 3054 dn
1131 3029 1279 3063 Codigoro
1300 3031 1329 3054 ln
1349 3030 1499 3055 territorio
1518 3030 1546 3055 di
1568 3029 1693 3055 Ferret-a.
1999 3037 2034 3061 40
