2398 3470
139 228 350 253 nomem-,0⁶
384 216 455 253 loo
1152 211 1469 248 CHRONICON
1925 219 2010 254 [ΔΑ.
2029 220 2064 249 c.
2082 221 2239 256 sos-⁵141

383 347 532 384 “induit‚
557 346 617 389 qui
641 355 745 377 xnvn
769 345 805 377 in
828 344 967 387 imperii
983 353 1127 376 numero
1152 342 1275 375 extitit.
1322 342 1391 374 Hic
1407 341 1557 375 Romani
1581 341 1689 375 decus
1711 342 1862 386 imperii,
1877 343 2122 389 Euthychiana
2137 346 2239 379 here-

250 446 254 450 *
383 403 397 418 “
410 410 488 433 seos
509 399 677 432 illuuione
701 397 888 430 maculauit
902 397 946 437 „¹.

141 447 356 497 Α”ωῗζῗᾌῗζζῖ
469 453 550 492 Quo
574 458 732 494 tempore
757 450 943 484 Anastasio
974 461 1066 493 papa
1090 449 1193 482 rebus
1224 449 1383 481 humanis
1407 456 1578 492 exempto,
1610 449 1840 493 Symmachus
1864 451 2002 484 natione
2034 451 2166 485 Sardus
2195 463 2240 486 ex

137 500 354 552 *ἵν”ζαὲζζέζξζ
376 513 475 550 patre
500 506 692 538 Fortunato
715 503 909 546 pontificali
933 503 1100 535 cathedra
1116 502 1318 534 sublimatus
1335 507 1396 541 est,
1413 502 1570 545 seditque
1594 502 1695 534 annis
1718 511 1780 542 xv,
1803 504 1977 537 mensibus
2000 514 2054 537 vn
2062 504 2085 538 ².
2130 505 2241 550 Hujus

256 579 277 593 c.
291 571 352 595 120⁶
376 558 589 602 temporibus
612 565 709 590 tanta
731 562 877 600 propter
901 556 1102 594 simmachi,
1127 564 1160 588 et
1184 555 1378 593 Laurentii,
1404 555 1611 588 electionem
1632 555 1761 588 Rome'
1787 556 1955 590 dissensio
1978 558 2055 596 fuit,
2078 564 2117 592 ut
2137 569 2239 592 sena·
2284 559 2304 592 5
2353 571 2355 574 ’

213 626 355 647 Laurentius
376 621 471 647 tores
493 611 673 646 Laurentii
697 611 852 654 partibus
869 611 1038 648 fauentes,
1055 610 1222 642 aduersus
1238 615 1386 648 ceteros,
1410 608 1470 652 qui
1494 609 1695 642 Simmacho
1714 610 1872 652 pontifici
1895 609 2094 650 aderebant,
2110 611 2239 645 bellum

376 668 557 705 inferrent,
581 665 776 708 multasque
800 665 916 702 cedes,
940 670 974 697 et
998 663 1167 696 omicidia
1181 663 1217 694 in
1233 662 1348 695 medio
1365 661 1460 695 urbis
1477 662 1660 702 facientes,
1683 662 1868 706 plerosque
1891 665 2101 704 sacerdotes,
2116 665 2242 699 multos

377 721 480 754 etiam
496 720 715 758 clericorum,
733 718 930 761 ciuiumque
947 718 1186 750 Romanorum
1205 716 1448 759 extinguerent
1458 714 1481 748 ⁸.
1527 716 1688 759 Denique
1705 716 1856 749 ordinati
1871 723 1950 750 sunt
1968 728 2037 750 uno
2053 718 2111 751 die
2127 718 2240 753 ambo.

379 773 596 808 Simmachus
619 771 758 816 quidem
781 771 818 803 in
842 771 988 804 basilica
1018 769 1313 807 Constantiniana,
1344 769 1555 802 Laurentius
1585 779 1669 802 uero
1698 769 1734 801 in
1765 770 1918 802 ecclesia
1947 777 2067 804 sancte
2089 771 2206 804 Marie
2215 771 2239 805 ⁴.

376 827 450 861 Sed
474 837 552 860 cum
575 831 700 858 neutra
723 835 803 867 pars
827 824 927 857 alteri
952 824 1106 861 cederet,
1141 822 1405 862 constituerunt,
1428 828 1468 854 ut
1500 822 1542 854 lis
1564 828 1712 865 accepta
1742 823 1877 867 judicio
1901 811 1994 867 regis
2024 824 2240 858 Theoderici
2266 825 2307 859 10
2341 835 2353 855 ς

376 881 541 914 finiretur.
588 878 661 918 Qui
684 878 856 911 Rauenne
880 877 1013 920 positus
1037 876 1119 909 dum
1142 875 1277 919 legatos
1299 876 1479 919 utriusque
1503 876 1608 918 partis
1631 876 1797 916 audisset,
1822 876 1982 910 decreuit
2004 883 2042 910 ut
2064 878 2124 920 qui
2145 877 2242 921 prior
2344 860 2346 866 ¹

376 934 556 968 ordinatus
580 938 683 971 esset,
707 937 765 964 aut
787 941 891 974 quem
915 930 1024 974 major
1046 940 1127 972 pars
1151 929 1235 961 cleri
1259 928 1371 967 simul,
1389 935 1424 961 et
1445 929 1566 971 populi
1591 929 1763 973 elegisset,
1786 929 1860 972 ipse
1884 929 1919 962 in
1942 930 2026 963 sede
2049 931 2242 974 apostolica

377 988 558 1021 resideret.
605 986 710 1018 Unde
734 984 964 1029 Symmachus
987 983 1148 1026 pontifex
1171 983 1296 1020 factus,
1321 982 1500 1015 constituit
1521 982 1747 1015 Laurentium
1771 983 1807 1015 in
1830 983 1983 1016 Nucerie
2009 984 2150 1017 ciuitate
2167 984 2241 1028 epi-

374 1052 530 1084 scopum,
555 1039 681 1072 intuitu
705 1038 945 1071 misericordie
958 1036 980 1070 ⁵.
1026 1037 1067 1069 In
1091 1037 1157 1069 hac
1182 1035 1404 1069 discensione
1428 1036 1663 1069 sanctissimus
1679 1036 1886 1070 Paschasius
1909 1037 2062 1070 ecclesie
2078 1038 2241 1071 Romane

377 1096 545 1130 diaconus
567 1093 724 1136 partibus
747 1091 891 1124 fauebat
914 1090 1106 1124 Laurentii.
1158 1090 1236 1122 “Eo
1260 1095 1417 1132 tempore
1449 1089 1719 1128 Trasamundus,
1743 1090 1803 1133 qui
1830 1090 1930 1122 fratri
1960 1090 2116 1124 Henrico
2145 1090 2241 1134 apud
2265 1090 2306 1125 15
2346 1098 2350 1099 ⁷

381 1152 395 1167 '⁴
409 1148 568 1182 Africam
593 1147 628 1178 in
652 1146 906 1179 Wandalorum
929 1155 1073 1188 regnum
1096 1148 1313 1176 successerat
1336 1142 1464 1181 fratris,
1480 1142 1536 1175 uel
1561 1143 1670 1185 patris
1690 1143 1860 1176 Geiserici
1883 1149 2023 1176 secutus
2045 1144 2239 1186 perfidiam,

382 1205 396 1220 “
410 1201 537 1235 clausis
561 1200 814 1232 catholicorum
838 1197 1008 1237 ecclesiis,
1032 1206 1126 1229 ccxx
1149 1196 1334 1239 episcopos
1357 1197 1395 1227 in
1421 1195 1617 1228 Sardiniam
1642 1196 1748 1229 exilio
1771 1196 1950 1241 religauit3
1975 1196 2101 1240 quibus
2121 1197 2240 1231 beatus

382 1259 396 1274 “
410 1266 503 1299 papa
519 1253 736 1287 Simmachus
752 1251 928 1284 cotidiana
944 1250 1106 1289 subsidia,
1123 1256 1158 1282 et
1173 1255 1288 1282 uestes
1304 1249 1498 1281 ministrare
1514 1259 1584 1281 non
1600 1248 1734 1283 destitit
1746 1247 1790 1289 „⁶.
1826 1249 1894 1282 Hic
1910 1249 2013 1283 etiam
2029 1249 2118 1283 inter
2132 1251 2240 1284 multa

253 1326 273 1341 c.
289 1324 352 1345 Una
376 1307 603 1358 ecclesiarum
619 1315 738 1348 opera,
756 1315 822 1347 que
838 1303 896 1336 uel
912 1314 932 1336 a
947 1302 1185 1335 fundamentis
1201 1302 1346 1341 creauit,
1362 1301 1419 1334 uel
1434 1301 1550 1344 prisca
1565 1302 1750 1334 renouabit
1764 1311 1807 1334 ac
1823 1302 2016 1342 decorauit,
2032 1301 2078 1335 ad
2092 1301 2242 1336 bea'tum
2340 1335 2342 1337 .

375 1363 516 1394 Petrum
540 1366 575 1393 et
597 1359 737 1392 beatum
762 1357 918 1396 Paulum,
943 1363 978 1389 et
1000 1356 1141 1388 beatum
1164 1355 1402 1395 Laurentium,
1417 1354 1628 1397 pauperibus
1651 1354 1851 1387 habitacula
1873 1356 2063 1389 construxit
2074 1354 2099 1395 ⁷,
2114 1355 2241 1400 quibus
2262 1357 2307 1391 20
2338 1391 2340 1394 ,

377 1416 507 1449 cotidie
530 1412 729 1446 necessaria
750 1409 1043 1448 subministrabat,
1068 1415 1103 1441 et
1126 1419 1191 1451 per
1213 1408 1366 1452 singulos
1390 1418 1499 1440 annos
1522 1408 1708 1451 episcopis,
1733 1415 1768 1441 et
1793 1409 1918 1441 ceteris
1945 1407 2095 1450 clericis,
2121 1410 2182 1453 qui
2204 1409 2242 1443 in
2293 1396 2298 1403 ἃ
2339 1397 2341 1399 ¹

377 1469 480 1502 exilio
503 1472 604 1500 erant
625 1476 688 1508 per
711 1463 883 1502 Africam,
914 1462 971 1495 uel
1003 1462 1212 1500 Sardiniam,
1243 1461 1424 1504 pecunias,
1453 1467 1488 1493 et
1518 1466 1633 1493 uestes
1664 1461 1884 1494 ministrabat
1897 1461 1918 1494 Β.
1964 1462 2032 1495 Hic
2064 1462 2243 1496 constituit

375 1521 532 1555 omnibus
555 1518 743 1552 dominicis
767 1517 902 1556 diebus,
926 1522 959 1548 et
982 1516 1019 1548 in
1043 1515 1215 1548 nataliciis
1239 1514 1486 1557 apostolorum,
1510 1520 1546 1547 et
1568 1520 1758 1559 martyrum
1780 1519 1923 1559 ymnum
1948 1516 2146 1560 angelicum
2160 1522 2241 1549 ante

376 1585 547 1609 canonem
564 1572 757 1606 decantari.
799 1572 813 1587 ‘⁴
826 1570 922 1603 Inter
937 1570 1000 1602 has
1015 1574 1239 1611 tempestates
1255 1567 1461 1611 Fulgentius
1477 1567 1515 1600 in
1530 1568 1751 1601 confessione
1769 1568 1863 1607 fidei,
1881 1574 1916 1602 et
1931 1569 2077 1602 scientia
2091 1569 2207 1604 floruit
2218 1569 2242 1603 ⁹.

383 1633 398 1648 ⁴⁶
412 1629 477 1662 His
499 1627 584 1671 ipsis
607 1626 701 1669 apud
724 1624 883 1657 Africam
909 1623 1043 1662 diebus,
1068 1623 1149 1655 dum
1173 1621 1343 1654 Arrianus
1367 1621 1507 1664 quidam
1531 1621 1705 1664 Olimpius
1728 1622 1880 1661 nomine,
1904 1632 2032 1666 corpus
2054 1622 2152 1666 aquis
2167 1622 2242 1656 bal-
2264 1621 2308 1656 2⁵
2326 1616 2341 1653 ἶ

381 1686 395 1702 “
408 1681 572 1716 nearibus
596 1680 752 1718 abluens,
774 1677 921 1722 indigna
943 1677 1104 1720 quedam,
1130 1682 1164 1708 et
1186 1675 1391 1718 blasphema
1423 1676 1467 1708 de
1490 1681 1610 1709 sancte
1632 1675 1796 1708 trinitatis
1818 1676 1888 1709 fide
1911 1675 2021 1709 uerba
2051 1682 2242 1717 emoueret,
2339 1659 2341 1662 Ι

382 1740 395 1755 “
409 1736 571 1770 ueniente
594 1733 709 1766 subito
740 1732 852 1777 ignito
885 1730 1009 1764 celitus
1030 1730 1157 1773 jaculo,
1189 1728 1375 1762 uisibiliter
1407 1729 1606 1762 combustus
1638 1735 1698 1762 est.
1745 1728 1878 1762 Barbas
1901 1739 2040 1773 quoque
2070 1728 2241 1764 Arrianus

380 1793 395 1809 ⁴⁶
409 1790 605 1833 episcopus,
629 1787 673 1819 de
697 1792 814 1819 nostre
839 1784 925 1818 fidei
948 1784 1080 1827 regula,
1105 1783 1238 1816 minore
1262 1783 1399 1815 scilicet
1422 1783 1512 1825 patri
1528 1782 1646 1821 filium,
1663 1788 1890 1826 sanctumque
1913 1782 2071 1826 spiritum
2087 1793 2241 1816 asserere
2255 1797 2263 1805 ·

380 1847 395 1862 ‘⁴
409 1843 564 1886 cupiens,
589 1852 666 1874 cum
690 1839 926 1882 baptizaturus
950 1838 1110 1870 dixisset:
1136 1836 1286 1880 Baptizo
1317 1840 1349 1868 te
1375 1835 1542 1878 [Barbas]
1566 1836 1602 1868 in
1625 1837 1758 1868 nomine
1779 1837 1896 1880 patris
1907 1835 2024 1879 filium
2046 1836 2084 1869 in
2111 1837 2242 1880 spiritu
2333 1867 2336 1870 .
2392 1870 2394 1874 ,

381 1901 395 1916 “
408 1901 532 1938 sancto,
556 1894 670 1928 statim
687 1903 788 1936 aqua,
805 1902 873 1935 que
897 1889 1143 1933 baptizandum
1160 1890 1264 1922 allata
1281 1890 1406 1928 tuerat,
1422 1899 1590 1933 nusquam
1615 1889 1822 1932 comparuit.
1871 1888 1979 1928 Quod
1994 1890 2167 1933 aspiciens
2181 1890 2242 1934 qui
2263 1890 2310 1927 39
2324 1887 2337 1926 J*
2392 1895 2393 1898 ’

381 1954 396 1970 “
410 1949 638 1993 baptizandus
663 1952 747 1986 erat,
771 1945 958 1978 confestim
982 1944 1028 1977 ad
1050 1943 1235 1976 ecclesiam
1260 1943 1470 1976 catholicam
1487 1943 1640 1987 fugiens,
1662 1942 1762 1986 juxta
1784 1953 1915 1976 morem
1940 1943 2020 1976 fidei
2036 1943 2244 1987 baptismum
2331 1934 2339 1947 ³

380 2007 395 2023 ‘⁴
410 2003 540 2037 Christi
564 2000 728 2043 suscepit.
773 1998 1018 2031 Theodericus
1034 2007 1118 2029 uero
1135 1997 1217 2029 dum
1234 1996 1380 2039 pacifice
1405 1996 1500 2039 apud
1523 1996 1658 2029 Italiam
1681 2002 1856 2040 regnaret,
1872 2006 1937 2039 per
1951 1996 2088 2040 singula
2103 2006 2241 2041 queque

380 2061 395 2076 ‘⁶
410 2054 629 2100 [celebriora]
652 2054 733 2087 loca
754 2052 853 2096 regia
876 2051 944 2083 sibi
967 2050 1169 2083 habitacula
1193 2049 1387 2083 construxit
1403 2048 1456 2091 „¹0.

468 2215 520 2233 1-2.
540 2207 712 2232 Euthlciane
725 2206 825 2230 hereos
842 2203 866 2228 A
879 2217 912 2221 —
928 2209 968 2228 xo.
990 2204 1104 2235 incepta
1116 2202 1143 2225 B
1156 2215 1188 2219 -—
1205 2208 1245 2226 n.
1260 2201 1349 2234 partis
1363 2208 1456 2225 manca
1475 2202 1505 2226 in
1523 2201 1550 2225 B
1563 2214 1595 2220 —
1619 2207 1658 2226 η.
1678 2201 1839 2234 apostolica
1860 2200 1925 2225 sede
1943 2200 2003 2225 AB
2020 2213 2054 2220 -
2076 2207 2116 2233 14.
2129 2181 2239 2226 ‹luben-

375 2257 457 2280 sione
475 2253 536 2278 AB
554 2266 587 2270 —-
610 2251 649 2277 16.
670 2249 888 2276 Guandalorum
911 2247 936 2272 A
951 2247 975 2272 C
990 2260 1002 2266 —
1021 2246 1165 2272 Gesserici
1182 2246 1206 2270 A
1222 2246 1245 2270 C
1261 2261 1294 2265 —
1316 2252 1355 2279 17.
1375 2245 1515 2279 relegavit
1533 2245 1559 2270 B
1579 2259 1612 2264 —
1634 2244 1673 2270 18.
1693 2245 1864 2278 quotidiana
1881 2245 1908 2269 B
1926 2258 1960 2265 —
1981 2252 2022 2279 19.
2041 2244 2195 2270 renouauit
2212 2244 2240 2269 B

377 2314 410 2319 -
431 2305 472 2323 21.
492 2297 624 2330 quotidie
642 2296 668 2320 B
687 2310 719 2315 —
739 2301 781 2327 23.
802 2293 947 2319 natalitiis
965 2291 1025 2316 AB
1044 2305 1053 2310 -
1073 2291 1210 2324 hymnum
1227 2290 1288 2315 AB

468 2396 475 2413 ¹
496 2397 621 2425 murus,
642 2395 692 2419 lib.
710 2393 784 2423 XVI,
803 2399 837 2418 11.
1334 2389 1409 2420 apud
1424 2389 1529 2413 beatum
1546 2388 1721 2414 Petmm....
1740 2387 1806 2413 Item
1825 2389 1862 2413 ad
1870 2387 1978 2419 fontem
1995 2388 2026 2413 in
2044 2387 2154 2413 basilica
2171 2387 2244 2412 boant

333 2446 347 2472 5
466 2437 478 2454 ²
496 2439 527 2464 L.
545 2438 588 2467 P„
606 2438 628 2469 1,
648 2445 675 2470 p.
696 2436 762 2468 265:
781 2435 850 2460 sedit
867 2442 912 2461 an.
923 2433 955 2458 X
959 2433 985 2458 V
997 2441 1032 2458 m.
1058 2431 1113 2457 VII
1119 2432 1144 2456 d.
1159 2431 1219 2456 XX
1223 2430 1279 2456 Vll.
1335 2430 1414 2456 Petri
1428 2430 1599 2463 apos-talin..
1625 2431 1772 2455 Basilicam
1795 2438 1855 2455 vero
1880 2430 1951 2454 beati
1972 2430 2051 2455 Petri
2072 2430 2240 2455 maoth...
2268 2431 2303 2452 20
2326 2448 2331 2453 ,

465 2479 476 2497 ³
496 2481 621 2511 PAULUS,
640 2480 695 2504 loc.
713 2480 764 2503 cit.
783 2485 801 2502 R
820 2478 941 2502 omette:
966 2477 998 2499 ut
1015 2470 1108 2499 Festus
1131 2476 1282 2499 senatorum
1336 2472 1403 2497 Item
1420 2475 1487 2505 aput
1504 2474 1608 2498 beatum
1626 2473 1743 2497 Paulum
1765 2473 1971 2505 apostolum....
1991 2472 2058 2497 Item
2075 2472 2113 2497 ad
2134 2472 2240 2497 beatum
2326 2459 2327 2462 Ἴ

375 2524 555 2549 nobilissimus
566 2525 592 2547 ct
603 2521 730 2546 exconsul
740 2523 766 2546 et
777 2520 850 2544 altus
861 2518 985 2544 exconsul
996 2518 1128 2542 Probinus
1139 2515 1284 2541 Laurentii
1336 2518 1445 2542 Petrum
1453 2519 1479 2541 et
1490 2518 1527 2541 aa
1538 2518 1642 2542 beatum
1654 2517 1771 2541 paulum
1782 2519 1809 2541 et
1820 2520 1940 2541 sanctum
1952 2516 2130 2541 hunnum„
2137 2518 2239 2548 Μ.

372 2567 497 2599 panibus
506 2564 632 2596 faventes
650 2564 776 2588 adversus
792 2562 923 2586 Faustum
940 2559 1105 2585 excansulem
1125 2561 1282 2589 ceterosque,
1336 2560 1412 2584 ribus
1428 2559 1581 2584 habitacula
1597 2560 1758 2587 construxit,
1778 2567 1805 2591 p.
1826 2558 1876 2583 262
1896 2566 1937 2592 ag.

376 2610 427 2641 qm'
442 2611 489 2633 etc.
1079 2602 1081 2606 ’
1424 2599 1436 2616 ⁸
1452 2601 1482 2626 L.
1501 2601 1545 2630 P..
1565 2602 1620 2627 loc.
1639 2602 1704 2626 cit.:
1723 2601 1777 2625 fflc
1800 2601 1875 2626 omni
1890 2608 1959 2625 armo
1974 2603 2026 2633 per
2045 2600 2171 2632 Africam
2196 2599 2241 2625 ul

318 2656 350 2675 10
467 2649 478 2666 ⁴
498 2650 528 2675 L.
547 2650 591 2678 P..
610 2649 664 2674 loc.
684 2649 734 2673 cit.
1336 2643 1494 2668 Sardiniam
1511 2644 1548 2668 ad
1563 2644 1692 2676 episcopos
1710 2643 1761 2674 qul
1770 2643 1852 2668 exitio
1870 2645 1948 2667 erant
1965 2643 2068 2667 retrusi
2074 2643 2240 2674 persumme!
2267 2639 2300 2668 ²5
2316 2643 2322 2658 '³

465 2691 477 2709 ⁸
495 2692 580 2721 Idem,
599 2692 654 2716 loc.
674 2692 723 2716 cit.
749 2690 944 2715 Conosciamo
967 2688 1009 2721 gli
1030 2687 1085 2711 atti
1105 2686 1149 2711 del
1176 2684 1281 2710 sinodo
1335 2688 1417 2710 vestes
1428 2686 1605 2711 ministrabat.
1638 2685 1766 2710 Trattasi
1780 2685 1824 2710 dei
1839 2685 1953 2710 vescovi
1969 2684 2018 2710 che
2031 2683 2238 2716 Trasamondo,
2322 2674 2335 2679 ’

380 2735 407 2761 1⁰
427 2743 523 2760 marzo
546 2742 607 2768 499,
635 2736 665 2759 in
691 2735 735 2759 cui
768 2732 875 2757 Caelius
892 2731 1056 2756 Laurentius
1077 2728 1284 2761 archip-ubiter-
1337 2736 1366 2753 re
1385 2728 1430 2753 dei
1450 2728 1577 2753 Vandali
1596 2726 1681 2753 csilio
1697 2729 1727 2752 in
1740 2727 1884 2761 Sardegna
1904 2727 1981 2760 dopo
1996 2727 2017 2752 il
2033 2725 2093 2759 508.
2112 2725 2159 2752 cf.
2178 2725 2238 2751 Vm

376 2778 455 2803 tituli
471 2773 606 2802 Prakidae
623 2777 665 2801 his
689 2775 834 2806 mbscripn·
849 2776 876 2798 et
892 2772 1012 2801 consensi
1033 2770 1205 2804 synodalibus
1221 2776 1282 2793 con-
1336 2771 1367 2795 di
1382 2778 1432 2795 san
1449 2771 1604 2804 Fulgem'a,
1618 2779 1641 2796 c.
1654 2777 1687 2804 41
1703 2772 1734 2795 in
1747 2770 1862 2802 monz,
1874 2770 1951 2796 ster.
1964 2769 2024 2798 lat..
2038 2770 2097 2795 vol.
2110 2767 2238 2800 LXVIII,

375 2823 479 2847 stitutus
495 2825 575 2853 atque
593 2822 623 2846 in
643 2821 691 2845 hac
709 2827 750 2844 me
757 2819 886 2852 profiteor
898 2824 1004 2842 manere
1018 2816 1156 2841 sententia.
1192 2813 1217 2839 11
1230 2813 1280 2838 let·
1337 2821 1363 2846 p.
1382 2812 1444 2846 948.

318 2865 349 2892 15
377 2868 439 2891 tore
459 2863 533 2897 (dice
553 2864 727 2893 Ducnasrm,
752 2864 791 2893 op.
810 2861 869 2888 cit..
888 2868 914 2892 p.
935 2858 995 2892 264,
1015 2866 1042 2884 n.
1062 2857 1090 2890 6)
1113 2863 1233 2882 conosce
1259 2856 1280 2880 il
1425 2853 1437 2871 ’
1455 2855 1580 2885 PAULus,
1600 2856 1656 2882 loc.
1675 2855 1725 2881 cit.
2265 2850 2300 2879 3ο

379 2908 532 2933 vescovato
551 2908 640 2930 avuto
660 2904 695 2929 da
714 2903 855 2928 Lorenzo.
1414 2896 1437 2914 ¹⁰
1455 2898 1541 2927 IDEM,
1561 2898 1576 2931 ξ
1593 2898 1633 2923 IV
1653 2898 1869 2928 letteralmente‚
1882 2905 1936 2922 con
1949 2905 2007 2922 una
2026 2897 2238 2930 trasposlzione
2320 2903 2325 2905 ·

427 2975 432 2980 ,
466 2950 477 2966 ⁰
498 2951 622 2979 Pauuss,
643 2949 716 2978 XVI,
737 2954 773 2973 111
794 2947 832 2980 (p.
853 2946 926 2980 ²¹7)·
1337 2942 1364 2966 di
1387 2941 1501 2974 parole:
1523 2941 1627 2966 Clm'su
1644 2941 1763 2973 suscepit.

466 2992 476 3009 7
496 2993 526 3018 L.
545 2992 594 3018 1²..-
614 2991 668 3017 Hie
678 2989 751 3023 ficit
768 2989 905 3014 basilicam
923 2988 1010 3013 sancti
1026 2986 1148 3012 Andreae
1171 2984 1285 3019 apostoli
