2398 3470
182 260 269 298 [ΑΔ.
283 269 324 289 m.
340 260 539 294 asir-³54⁸]
958 249 1278 287 CHRONICON
2004 245 2053 282 29

186 323 1365 343 ww

181 390 370 429 propterea
391 383 573 418 uenientes
595 383 634 416 in
657 380 815 426 judeam,
840 386 876 414 et
891 379 1122 418 Hierusalem,
1139 377 1273 412 ibidem
1296 377 1505 418 habitantes,
1530 382 1701 421 ceperunt
1723 376 1893 420 templum
1908 376 1978 409 Dei
1992 377 2056 409 he-

182 438 325 472 dificare
349 438 386 470 in
407 436 638 471 Hierusalem.
684 435 758 469 Sed
779 434 939 477 proxime
971 434 1010 466 in
1033 433 1182 466 circuitu
1213 438 1347 476 gentes,
1378 431 1537 464 uidentes
1568 431 1664 476 quod
1694 430 1799 475 pauci
1831 436 1956 470 essent,
1986 440 2054 462 nec

179 491 376 536 principem
400 490 601 535 quempiam
621 488 835 528 habuissent,
851 487 1106 530 prohibuerunt
1122 497 1194 524 eOS,
1211 496 1327 530 neque
1345 485 1549 518 dimiserunt
1563 485 1754 518 hedificare
1779 490 1815 517 et
1829 483 1879 517 sic
1893 483 2058 516 remansit

182 542 269 589 opus
293 550 435 588 ceptum
458 544 580 587 templi
603 543 889 576 inconsumatum.
936 541 991 574 Ex
1006 546 1107 583 parte
1124 540 1217 573 enim
1240 539 1433 578 faciebant,
1456 539 1584 572 iterum
1606 538 1776 581 prohibiti
1792 537 1978 571 cessabant
1993 548 2057 580 per

138 599 157 633 5
182 599 378 643 aliquantos
399 607 538 631 menses
559 597 609 631 ita
630 606 741 640 usque
765 595 809 628 ad
824 604 971 639 regnum
987 594 1086 628 Darii
1101 594 1204 638 regis.
1250 594 1296 626 Et
1311 593 1381 626 hoc
1398 598 1461 632 est,
1478 593 1573 636 quod
1589 592 1694 636 Judei
1716 592 1751 624 in
1767 591 1899 635 templo
1915 591 2056 625 Domini

181 652 359 686 dicebant:
384 651 616 695 quadraginta
639 655 674 683 et
689 660 751 682 sex
767 648 865 681 annis
881 648 1108 681 hedificatum
1125 653 1178 680 est
1194 646 1360 690 templum
1376 646 1455 680 hoc.
1502 646 1557 679 Ex
1573 656 1641 689 quo
1659 645 1751 678 enim
1768 651 1939 688 ceperunt
1954 645 2056 678 hedi-

179 707 286 740 ficare
309 705 476 749 templum
498 703 646 738 Domino
669 703 719 743 hi,
742 702 801 745 qui
825 711 870 734 ex
893 701 1095 745 captiuitate
1119 701 1234 744 primo
1265 700 1396 733 dimissi
1419 706 1509 738 sunt,
1540 710 1651 743 usque
1675 699 1758 732 dum
1781 704 2055 732 consummatum

180 765 244 800 est,
267 768 356 792 xnvr
381 758 463 791 anni
486 756 652 801 completi
674 761 754 789 sunt
767 756 788 788 ¹.
837 756 944 799 Ergo,
969 761 1007 787 ut
1031 754 1162 788 dictum
1191 760 1254 794 est,
1275 753 1389 797 prima
1420 753 1575 786 dimissio
1604 753 1824 796 captiuorum
1848 763 1893 786 ex
1915 752 2056 785 Perfida

178 813 243 846 sub
266 813 361 857 Cyro
385 812 481 846 facta
504 817 557 844 est
579 820 664 854 rege
687 809 826 842 illorum
849 819 1055 851 paucorum,
1079 808 1139 851 qui
1161 808 1235 840 sine
1265 806 1427 850 principe
1453 806 1580 840 exinde
1607 806 1760 850 profecti
1783 812 1875 845 sunt,
1899 806 1958 850 qui
1988 816 2055 839 nec

117 868 155 901 10
180 868 262 900 dum
287 866 466 910 templum,
489 865 585 910 quod
608 868 787 907 ceperant,
805 862 983 905 explicare
1000 867 1199 905 potuerunt.
1245 861 1291 894 Et
1311 866 1435 904 postea
1450 861 1576 893 Darius
1598 871 1662 894 rex
1684 860 1985 894 commonefactus
2004 866 2056 893 est

177 931 199 953 a
221 920 409 965 magnifico
432 917 648 957 Zoroba'bel,
676 916 820 950 'dimisit
843 926 963 949 omnes
988 915 1110 959 egredi
1133 915 1304 954 uolentes,
1333 920 1369 947 et
1398 914 1528 947 reuerti
1550 914 1587 946 in
1617 913 1847 947 Hierusalem.
1893 914 2056 947 Eundem
2093 910 2113 923 ⁶

178 974 310 1017 quippe
333 971 531 1006 Zorobabel
555 971 601 1004 ad
625 968 1097 1012 construendum-templum
1120 967 1272 1008 Domini,
1297 966 1393 1011 quod
1424 973 1477 1000 est
1499 968 1537 1000 in
1560 967 1790 1006 Hierusalem,
1813 967 1909 1000 unde
1939 967 2057 999 fuerat

178 1028 383 1070 depredata,
407 1031 444 1059 et
466 1035 545 1058 cum
569 1022 768 1058 Zorobabel
791 1022 851 1056 illo
874 1022 911 1055 in
934 1028 1091 1065 tempore
1115 1021 1247 1065 pariter
1271 1031 1431 1065 egressus
1456 1027 1508 1054 est
1530 1021 1657 1065 Jhesus
1680 1021 1770 1054 filius
1791 1020 1972 1065 Josedech
1994 1021 2056 1053 filii

177 1081 300 1126 Saraje
322 1079 516 1113 sacerdotis
551 1077 679 1122 magni,
714 1077 803 1110 sicut
825 1076 1006 1119 Propheta
1037 1076 1083 1110 de
1108 1086 1149 1109 eo
1181 1075 1351 1114 meminit;
1378 1075 1500 1119 Saraja
1523 1075 1615 1108 enim
1647 1086 1799 1108 summus
1822 1075 1989 1108 sacerdos
2019 1074 2056 1106 in

116 1134 154 1168 15
179 1134 413 1174 Hierusalem,
436 1133 577 1177 quando
601 1132 725 1166 eadem
748 1131 874 1165 ciuitas
896 1136 1034 1164 uastata
1058 1136 1111 1163 est
1135 1140 1155 1162 a
1178 1129 1522 1169 Nabuchodonosor,
1548 1140 1627 1162 cum
1652 1129 1728 1162 aliis
1750 1128 1968 1172 principibus
1993 1128 2057 1161 Se-

179 1188 282 1221 decia
305 1187 513 1221 interfectus
529 1191 598 1219 est:
616 1195 685 1229 quo
701 1185 902 1225 interfecto,
917 1184 1008 1216 filius
1023 1185 1100 1228 ejus
1113 1184 1293 1228 Josedech
1309 1183 1470 1226 captiuus
1485 1183 1612 1216 ductus
1626 1183 1663 1215 in
1678 1182 1920 1228 Babyloniam,
1935 1182 2055 1226 ibique

176 1242 270 1274 hunc
295 1241 438 1285 Jhesum
460 1249 634 1285 generans
657 1238 846 1272 defunctus
869 1243 932 1271 est.
977 1237 1104 1281 Jhesus
1133 1242 1251 1270 autem
1274 1237 1333 1270 hic
1361 1247 1509 1281 magnus
1533 1242 1569 1269 et
1590 1236 1774 1280 preclarus
1794 1236 1832 1269 in
1865 1235 1985 1269 diuino
2014 1234 2058 1268 ti·

176 1305 274 1328 more
296 1295 376 1328 fuit.
422 1294 456 1326 Is
480 1303 640 1337 egressus
664 1303 743 1325 cum
773 1291 973 1325 Zorobabel
994 1291 1070 1324 ibat
1098 1291 1137 1323 in
1160 1291 1390 1329 Hierusalem,
1415 1290 1475 1335 qui
1506 1289 1638 1323 dimissi
1662 1301 1685 1322 a
1705 1290 1813 1323 Dario
1837 1295 2056 1323 transeuntes

175 1360 238 1392 per
260 1347 503 1393 Babyloniam,
527 1347 611 1380 inde
634 1356 755 1379 secum
779 1346 973 1379 educentes
995 1345 1188 1384 uniuersos,
1213 1345 1273 1389 qui
1295 1344 1427 1378 ibidem
1452 1350 1553 1378 erant
1575 1344 1719 1388 Judeos,
1742 1343 1913 1377 habentes
1936 1353 2056 1376 secum

111 1403 154 1436 20
179 1402 325 1447 equites,
347 1411 436 1446 quos
460 1401 510 1433 eis
533 1400 662 1434 Darius
684 1409 749 1432 rex
779 1399 978 1443 injunxerat
1001 1399 1047 1432 ad
1079 1398 1348 1431 conducendum
1380 1408 1442 1431 eos
1463 1408 1575 1442 usque
1598 1397 1831 1431 Hierusalem.
1877 1397 1956 1430 Hec
1987 1397 2056 1429 fuit

3 2548 9 2709 2,s--2.-,.-*
0 2431 9 2535 „ffl-—vffl
4 2401 7 2415 ,⁴
4 2385 7 2391 Α
5 2366 7 2371 .
4 2316 6 2330 ,Α
0 2245 8 2264 Α...
1 2135 8 2211 *sxa-
2 2098 8 2122 .-
2 2062 8 2086 ἢ

3 2858 10 2947 -σει
4 2771 10 2847 ---
5 2744 8 2752 v
4 2711 8 2732 ,ἢ

176 1457 334 1490 secunda
357 1455 509 1499 egressio
535 1454 752 1498 captiuorum
775 1452 820 1486 de
843 1452 1050 1498 Babylonia,
1074 1463 1142 1496 que
1166 1462 1231 1495 per
1254 1441 1452 1485 Zerobabel
1476 1452 1585 1484 filium
1602 1451 1772 1485 Salathiel
1795 1451 1892 1485 facta
1908 1457 1970 1490 est,
1986 1462 2057 1483 una

177 1520 255 1543 cum
278 1509 387 1554 Jhesu
410 1509 483 1542 filio
506 1508 695 1552 Josedech.
742 1507 789 1540 Hi
814 1517 898 1551 ergo
922 1512 1013 1547 sunt,
1029 1506 1089 1550 qui
1107 1512 1142 1539 et
1156 1506 1326 1549 templum
1349 1506 1491 1539 Domini
1516 1506 1782 1546 edificauerunt,
1806 1511 1912 1549 atque
1929 1515 2055 1538 consu-

175 1568 370 1596 mauerunt.
417 1561 491 1595 Sub
515 1561 588 1594 istis
610 1561 913 1604 prophetauerunt
935 1565 1016 1604 post
1040 1559 1279 1603 captiuitatem
1303 1559 1524 1592 Hierusalem
1547 1559 1617 1592 alio
1641 1569 1733 1592 anno
1757 1559 1822 1592 sub
1844 1558 1955 1592 Dario
1970 1567 2056 1602 rege

175 1616 332 1662 Aggeus,
356 1621 392 1649 et
413 1615 614 1655 Zacharias,
640 1621 675 1648 et
705 1614 911 1648 Malachiae.
957 1613 1042 1647 Post
1072 1614 1139 1647 hec
1164 1613 1267 1646 tertio
1292 1613 1423 1658 egressi
1447 1613 1493 1646 de
1519 1613 1720 1655 captiuitate
1744 1613 1808 1652 hii,
1832 1613 1892 1656 qui
1924 1611 2054 1645 ibidem

110 1669 152 1703 25
175 1670 378 1704 residebant
400 1669 439 1701 in
461 1668 586 1702 diebus
609 1667 809 1701 Artaxersis
831 1667 935 1711 regis.
982 1667 1030 1700 Et
1061 1677 1141 1699 curn
1165 1666 1216 1699 eis
1240 1676 1400 1710 egressus
1431 1672 1485 1699 est
1507 1665 1686 1709 'princeps
1710 1672 1746 1699 et
1776 1665 1990 1706 consiliator,
2020 1671 2055 1698 et

176 1724 249 1757 dux
272 1723 396 1762 Esdra,
420 1723 482 1766 qui
504 1722 772 1766 cognominatus
795 1727 847 1754 est
870 1720 987 1753 scriba
1008 1720 1097 1764 legis
1120 1720 1197 1753 Dei.
1223 1730 1328 1764 quem
1353 1719 1457 1753 etiam
1481 1720 1692 1753 Artaxerses
1713 1730 1776 1753 rex
1798 1719 1959 1753 trasmisit
1976 1729 2055 1752 cum

175 1787 302 1822 magno
325 1777 471 1816 honore,
497 1781 532 1808 et
555 1785 625 1814 eOS,
651 1775 711 1819 qui
735 1785 814 1807 cum
838 1784 880 1807 eo
905 1774 1037 1818 egressi
1069 1779 1156 1806 sunt.
1202 1773 1297 1806 Exiit
1321 1779 1355 1806 et
1379 1783 1459 1806 cum
1491 1773 1539 1806 eis
1563 1773 1739 1813 Neemias,
1771 1773 1831 1816 qui
1854 1773 1891 1806 in
1914 1778 2055 1817 patrum

174 1830 337 1864 laudibus
361 1835 650 1863 commemoratus
673 1834 737 1862 est.
783 1829 976 1872 Hucusque
1002 1827 1124 1860 diuina
1150 1827 1326 1870 scriptura
1349 1832 1547 1870 temporum
1570 1828 1696 1860 seriem
1721 1827 1888 1860 continet.
1942 1828 1956 1844 ‘⁴
1972 1826 2054 1870 Que

180 1886 195 1903 “
209 1894 295 1918 uero
317 1889 399 1928 post
421 1883 490 1917 hec
507 1882 602 1927 apud
625 1882 758 1927 Judeos
773 1887 874 1926 gesta
890 1886 970 1914 sunt
986 1881 1030 1914 de
1047 1881 1135 1914 libro
1153 1880 1409 1914 Machaborum
1426 1886 1460 1914 et
1476 1881 1599 1925 Josepi
1616 1886 1721 1924 atque
1737 1880 1900 1913 Africani
1916 1880 2055 1924 scriptis

71 1936 76 1946 ⁸
109 1939 152 1972 30
180 1939 195 1956 “
209 1938 430 1978 exhibentur,
454 1937 515 1981 qui
539 1937 709 1980 deinceps
731 1936 932 1980 hystoryam
955 1935 1152 1967 uniuersam
1184 1945 1293 1978 usque
1325 1933 1371 1966 ad
1400 1944 1545 1967 romana
1567 1940 1728 1977 tempora
1755 1933 1934 1978 prosecuti
1964 1940 2053 1967 sunt.

180 1992 254 2026 “Et
275 1990 418 2037 quidem
441 1990 634 2023 Africanus
656 1990 693 2022 in
717 1989 840 2034 quinto
863 1995 1060 2032 temporum
1082 1988 1271 2028 uolumine,
1295 1987 1398 2031 hujus
1421 1989 1589 2031 temporis
1611 1989 1661 2022 ita
1690 1988 1863 2021 meminit:
1901 1990 1916 2006 ⁴⁴
1929 1988 2055 2022 mansit

177 2045 326 2090 “itaque
349 2045 598 2088 imperfectum
622 2053 709 2087 opus
739 2053 851 2087 usque
882 2043 929 2075 ad
953 2042 1136 2076 Neemiam
1160 2048 1195 2075 et
1219 2052 1268 2074 xx
1292 2051 1422 2074 annum
1446 2041 1657 2081 Artaxer-sis.
1706 2041 1789 2081 Quo
1813 2048 1973 2085 tempore
1996 2052 2054 2075 re-

179 2099 269 2144 “gni
291 2098 477 2132 Persarum
502 2103 645 2131 centum
669 2103 705 2130 et
728 2096 932 2141 quindecim
956 2096 1038 2128 anni
1061 2095 1203 2129 fuerant
1227 2095 1377 2128 euoluti:
1402 2095 1598 2139 capiuitatis
1615 2100 1732 2128 autem
1749 2095 1945 2139 Jerusalem
1970 2105 2054 2129 cen-

179 2154 194 2171 “
208 2153 349 2187 tesimus
373 2152 610 2196 octogesimus
633 2156 669 2184 et
693 2151 833 2194 quintus
856 2159 968 2182 annus
993 2155 1079 2183 erat.
1125 2149 1171 2183 Et
1193 2155 1278 2182 tunc
1295 2149 1445 2192 primum
1461 2148 1671 2182 Artaxerses
1683 2149 1787 2194 jussit
1803 2159 1921 2182 muros
1938 2151 2052 2183 extrui

109 2206 151 2240 35
180 2208 196 2225 ⁴‘
206 2206 418 2252 Jerusalem3
435 2217 480 2239 ex
491 2205 553 2239 illo
571 2212 741 2248 tempore,
754 2204 782 2237 si
795 2214 978 2236 numerare
991 2203 1090 2244 uelis,
1106 2203 1327 2248 septuaginta
1342 2213 1511 2236 annorum
1525 2202 1750 2242 ebdomadas,
1763 2214 1872 2248 usque
1889 2203 1936 2237 ad
1952 2204 2053 2237 Chri-

179 2263 296 2294 “stum
311 2260 443 2305 poteris
458 2260 616 2293 invenire
630 2258 675 2300 „².
705 2258 838 2292 Xerses
853 2268 991 2291 menses
1007 2268 1047 2291 11.
1077 2258 1161 2291 Post
1177 2268 1280 2301 quem
1305 2257 1506 2310 Sog—dianus
1522 2268 1659 2291 menses
1674 2257 1866 2290 v11.Tunc
1888 2258 2054 2302 temporis

180 2314 311 2349 ‘Plato
333 2315 498 2353 nascitur,
522 2314 759 2357 Hippocrates
782 2312 941 2346 medicus
964 2312 1108 2356 insignis
1131 2311 1279 2345 habetur
1292 2310 1336 2352 „³.
1361 2303 1614 2345 I—IIDXLVIII.

2098 256 2178 282 Mum,
2187 261 2220 276 ec.
2232 260 2295 281 32-33

2095 932 2173 955 Mun..
2189 937 2210 951 c.

2091 1681 2111 1696 c.
2127 1677 2175 1700 aa

2129 2362 2158 2376 m.
2174 2358 2226 2382 3548

268 2367 432 2408 “Darius,
457 2372 692 2411 cognomento
716 2366 865 2406 Nothus,
889 2365 1003 2399 annis'
1028 2375 1103 2399 X1x.
1151 2366 1312 2410 Egyptus
1335 2364 1482 2398 recessit
1506 2375 1527 2397 a
1549 2364 1676 2398 Persis.
1723 2365 1894 2399 Reuersis
1917 2365 1962 2400 de
1995 2377 2055 2399 ca-
2091 2362 2112 2376 a·

266 2557 288 2575 1.
307 2549 461 2575 Ierusalem
485 2549 513 2573 B
525 2548 549 2573 C
565 2561 599 2567 -—
621 2555 675 2575 1-2.
693 2548 718 2573 A
736 2556 750 2573 ε
773 2549 797 2573 C
812 2549 901 2574 hanno
925 2552 1027 2581 sempre
1052 2550 1087 2574 da
1112 2552 1201 2581 questo
1222 2551 1308 2581 punto
1333 2549 1364 2573 in
1386 2548 1436 2581 poi
1459 2548 1486 2572 la
1502 2547 1600 2579 forma
1624 2548 1784 2580 hedlficare,
1808 2547 1991 2575 hedificatum
2018 2564 2051 2568 —

177 2600 203 2619 2.
219 2593 369 2620 Ierusalem
387 2594 414 2618 B
431 2594 475 2618 C·
488 2594 533 2619 set
556 2594 580 2618 C
590 2607 623 2612 —
637 2601 663 2627 4.
674 2595 905 2619 consummatum
923 2594 948 2619 A
963 2607 997 2612 —
1010 2601 1045 2626 9„
1056 2595 1085 2619 in
1103 2595 1128 2620 Α
1145 2594 1173 2619 Ια
1188 2594 1333 2627 primitiva
1347 2593 1444 2626 parata
1462 2593 1476 2617 ἑ
1494 2593 1628 2618 raschiata
1648 2606 1660 2612 -
1680 2593 1802 2627 perfecti
1824 2594 1848 2618 C
1864 2606 1898 2613 —
1920 2601 1962 2620 11.
1975 2594 2053 2619 Ieru-

175 2639 260 2665 salem
277 2639 304 2664 B
317 2639 340 2664 C
351 2653 386 2658 —
401 2646 443 2665 12.
461 2639 612 2665 Ierusalem
630 2639 657 2663 B
671 2639 694 2664 C
711 2652 745 2657 -
761 2645 802 2671 13.
821 2639 928 2670 ihesus,
945 2640 1037 2665 scritto
1052 2643 1104 2672 per
1121 2640 1208 2664 intera
1222 2652 1256 2657 ·—
1273 2646 1313 2671 14.
1331 2638 1429 2665 Seraia
1452 2638 1475 2663 C
1487 2651 1519 2656 —
1537 2643 1577 2670 15.
1590 2638 1741 2664 Ierusalem
1754 2638 1781 2662 B
1794 2638 1818 2663 C
1828 2652 1862 2657 -—
1878 2638 1918 2666 16.
1936 2639 2052 2665 Iosedec

181 2683 205 2708 C
219 2697 253 2702 —
274 2683 315 2710 18.
333 2683 490 2710 Ierusalem
507 2684 534 2708 B
548 2683 571 2708 C
589 2698 622 2703 —
643 2691 684 2709 20.
703 2683 855 2709 Ierusalem
874 2685 900 2708 B
915 2684 939 2708 C
956 2698 989 2703 —
1009 2691 1053 2710 22.
1073 2684 1300 2709 hedificauerun‘c
1322 2683 1346 2707 C
1363 2696 1395 2701 —
1417 2690 1459 2716 23.
1479 2683 1633 2708 Ierusalem
1657 2682 1685 2706 B
1698 2682 1722 2706 C
1738 2695 1772 2700 —
1792 2690 1835 2716 24.
1854 2684 1944 2709 tercio
1962 2684 1989 2708 B
2003 2685 2026 2708 C
2041 2698 2052 2703 —

132 2732 146 2760 5
177 2730 244 2754 sunt
265 2728 290 2753 G
305 2741 339 2747 -
359 2735 403 2755 22.
421 2728 601 2768 Artarxerffi
623 2728 647 2753 C
664 2741 696 2747 -
720 2727 764 2754 26.
783 2729 954 2754 Artaxessus
973 2729 998 2754 Α
1019 2742 1052 2747 --
1079 2734 1121 2760 27.
1141 2736 1235 2753 manca
1260 2729 1290 2752 in
1314 2728 1337 2752 C
1354 2741 1366 2746 -
1384 2729 1412 2754 et
1436 2728 1459 2752 C
1476 2741 1510 2746 —
1530 2734 1573 2760 31.
1591 2728 1720 2762 tempore
1748 2727 1772 2752 C
1788 2741 1821 2746 —
1841 2734 1886 2761 33.
1905 2728 2050 2761 quindeci-

178 2778 254 2796 mum
271 2778 380 2797 annum
403 2771 426 2796 C
443 2784 477 2790 —-
496 2776 541 2804 37.
558 2770 760 2804 111DXLV111]
780 2779 829 2797 om.
847 2771 872 2796 Α
887 2772 952 2804 pert>
970 2772 1020 2796 1ΐὲ
1038 2779 1091 2796 uno
1109 2772 1196 2804 spania
1221 2774 1298 2796 vuoto

263 2869 272 2888 ¹
291 2873 503 2902 anxonnms,
527 2872 595 2897 Com.
610 2872 641 2897 ln
654 2872 806 2902 Danielem,
822 2879 883 2907 cap.
896 2872 951 2905 1X;
965 2873 1081 2904 Mrcns,
1136 2873 1240 2913 alcuna
1258 2872 1448 2899 indicazione.

175 2913 232 2939 vol.
251 2914 331 2940 XXV
351 2914 389 2948 (p.
411 2920 463 2947 540
480 2914 564 2948 sgg.)‚
584 2922 611 2940 n.
631 2913 686 2947 678
704 2921 765 2947 sgg.
1226 2913 1238 2931 3
1257 2914 1303 2940 Cf.
1321 2916 1428 2946 Esou,
1450 2916 1499 2947 VI,
1523 2915 1577 2940 VII
1595 2923 1610 2941 e
1630 2915 1713 2947 VIH3
1739 2916 1872 2941 Fnsvms
1896 2915 2048 2947 Iosm‘uus⁷

264 2953 276 2971 ²
294 2955 496 2982 Nell’edlzlone
515 2957 722 2987 murator-lana,
742 2963 823 2982 come
842 2957 914 2982 nella
926 2957 1045 2988 bedana,
1058 2958 1083 2982 le
1137 2961 1177 2990 op.
1196 2959 1254 2987 cit„
1273 2959 1325 2984 loc.
1346 2959 1405 2989 cit„
1420 2957 1472 2991 364
1491 2966 1551 2991 sgg.
1566 2958 1634 2989 (vol.
1647 2958 1695 2989 ΠΙ,
1710 2965 1737 2991 p.
1753 2963 1785 2991 73
1801 2958 1887 2991 sgg.)3
1902 2959 2048 2985 Eussmcs

64 3000 66 3005 ‘
118 3003 150 3022 10
175 2997 270 3031 parole
288 2998 326 3024 da
344 2998 499 3031 4’συμπίῃ
517 3006 535 3027 ο,
548 2999 682 3033 “poteris
695 2999 827 3024 invenire
839 3017 853 3031 n
871 3007 943 3025 sono
958 3001 1084 3034 stampa-
1138 3001 1350 3033 ΗιειιοΝγΜυε,
1371 3004 1412 3034 op.
1431 3002 1489 3031 cit,
1510 3001 1564 3032 loc.
1585 3001 1635 3033 cit.

176 3040 204 3069 te
222 3039 253 3065 ln
271 3041 440 3073 maiuscolo,
460 3048 506 3067 ma
524 3042 571 3067 nei
589 3042 685 3067 codici
710 3041 752 3072 sul
769 3042 928 3087 proposito‘
941 3050 1000 3068 non
1020 3044 1049 3067 vi
1068 3041 1084 3069 ὲ

2091 2390 2111 2405 c.
2126 2384 2172 2409 4815
