2398 3470
190 187 264 211 Μυκ..
280 193 312 209 ec.
329 188 415 212 ²38·²³9
427 176 502 211 292

236 986 264 1020 ¹c.
279 999 338 1024 ³775

367 2162 398 2180 10

368 2374 396 2400 15

365 2584 399 2602 20

367 2795 398 2822 25

1191 174 1504 211 CHRONICON
2053 181 2103 218 [A.
2123 181 2158 211 c.
2179 180 2272 218 117⁷]

430 298 445 315 ‘⁴
462 305 495 331 et
519 298 747 331 cardinalium
771 303 806 329 et
829 297 1021 339 legatorum
1045 302 1249 334 uestrorum,
1273 295 1461 328 Romoaldi
1485 296 1695 329 uenerabilis
1717 297 1928 331 Salernitani
1951 299 2203 342 archiepiscopi
2237 304 2272 331 et

430 350 626 395 “Roggerii
651 350 783 393 egregii
808 349 943 382 comitis
966 348 1110 386 Andrie,
1134 354 1169 380 et
1191 349 1388 391 principum
1412 359 1453 381 ac
1478 349 1629 382 fidelium
1653 356 1845 383 nostrorum
1868 362 1888 383 a
1911 352 2039 385 comite
2055 352 2209 385 Hem-ico
2226 352 2271 385 de

430 405 580 436 “Diessa
602 404 638 435 in
662 403 775 435 anima
798 409 914 434 nostra
937 413 1040 444 supra
1063 408 1185 434 sancta
1207 402 1272 434 Dei
1296 402 1480 445 euangelia
1504 408 1539 434 et
1561 409 1759 435 sanctorum
1782 403 1947 447 reliquias
1977 405 2084 438 iurari
2114 405 2272 443 fecimus,

425 459 439 474 ‘⁶
457 464 491 490 et
514 456 705 489 Henricum
729 456 835 488 filium
859 461 1013 488 nostrum
1043 465 1108 496 per
1137 455 1375 497 interpositam
1405 455 1546 498 dignam
1578 465 1762 498 personam
1793 456 1828 488 in
1858 457 1971 490 anima
2000 468 2062 490 sua
2092 458 2130 491 id
2159 458 2270 500 ipsum

429 510 571 541 “iurare
594 509 764 541 faciemus
787 518 894 551 usque
917 509 963 541 ad
987 508 1139 540 medium
1164 508 1318 540 futurum
1350 507 1589 551 Septembrem
1611 508 1809 541 indictionis
1839 510 2024 542 undecime
2040 510 2062 543 ⁵.
2107 512 2153 544 Et
2175 511 2270 554 prin-

427 564 441 579 “
457 562 554 604 cipes
579 568 712 594 nostros
735 562 827 594 idem
852 561 964 593 iurare
989 561 1145 598 fecimus,
1170 561 1336 594 uidelicet
1359 561 1591 594 Christianum
1617 560 1861 604 Maguntinum
1877 563 2186 607 archiepiscopum,
2202 564 2270 596 Ar·

427 616 441 632 ‘⁴
457 616 598 647 noldum
623 615 878 647 Treuerensem
901 614 1215 657 archiepiscopum,
1241 613 1432 647 Corradum
1458 614 1764 647 Guormaciensem
1788 615 1947 653 electum,
1965 615 2195 649 Godefridum
2211 616 2272 648 im-

429 667 597 711 “perialis
620 667 697 700 aule
722 667 979 706 cancellarium,
1004 668 1230 700 Guorwinum
1253 667 1538 710 protonotarium,
1569 667 1795 712 markyonem
1822 669 2080 702 Theodericum
2097 670 2142 702 de
2157 669 2271 708 Lusiz,

429 722 668 754 “Florentium
692 721 850 754 comitem
876 721 1060 759 Holandie,
1085 721 1246 754 comitem
1269 721 1452 753 Dedonem
1475 721 1520 753 de
1545 721 1676 765 GroyX,
1693 721 1856 755 comitem
1872 722 2062 755 Hem-icum
2078 723 2122 755 de
2138 723 2272 762 Diessa,

428 775 619 808 “comitem
642 775 861 817 Roupertum
885 775 928 807 de
952 775 1081 807 Durna.
1128 774 1186 807 Ad
1210 774 1312 806 huius
1334 780 1448 806 autem
1479 774 1584 816 pacti,
1616 774 1853 816 promissionis
1883 782 1920 808 et
1948 776 2132 808 iuramenti
2164 776 2272 809 nostri

424 829 439 845 ⁴⁴
456 833 490 861 et
514 828 669 860 Heinrici
694 828 783 871 regis
806 827 869 860 filii
894 828 1001 860 nostri
1025 835 1060 860 et
1083 827 1280 870 principum
1304 833 1500 860 nostrorum
1524 827 1724 860 memoriam
1748 834 1783 860 et
1802 828 2007 861 inuiolabile
2024 829 2272 862 firmamentum

429 884 443 899 “
457 891 600 923 presens
623 881 846 925 priuilegium
869 886 1023 913 nostrum
1048 890 1111 923 per
1134 891 1255 913 manus
1278 880 1462 913 Wortwini
1484 881 1711 923 protonotarii
1737 881 1842 913 nostri
1866 881 1970 914 scribi
1987 881 2197 920 fecimusset
2208 881 2272 915 im-

427 937 441 952 “
457 935 582 977 periali
605 934 721 978 sigillo
745 941 862 967 nostro
885 945 992 967 aureo
1023 934 1209 978 sigillatum
1240 940 1275 966 et
1304 934 1541 976 predictorum
1572 934 1766 977 principum
1798 935 1993 968 iuramento
2025 936 2272 968 communitum

426 990 441 1006 ‘⁶
453 988 553 1021 uobis
576 988 810 1030 suprascripto
833 988 958 1020 illustri
981 988 1057 1031 regi
1074 987 1276 1030 W[illelm]o
1293 987 1438 1020 fecimus
1454 986 1628 1031 assig'uari
1642 987 1664 1020 ².
1710 988 1814 1020 Anno
1833 988 2009 1021 dominice
2025 988 2274 1022 incarnationis

427 1044 441 1059 “
455 1041 661 1083 m[illesim]o
686 1041 902 1083 c[entesim]o
926 1042 1181 1084 septuagesimo
1204 1041 1361 1083 septimo,
1385 1052 1502 1073 mense
1527 1040 1686 1085 Augusti,
1710 1041 1844 1074 decima
1868 1041 2055 1074 indictione
2069 1066 2083 1082 „
2102 1041 2124 1074 ³.

510 1095 696 1138 Postquam
719 1105 804 1127 uero
829 1095 1017 1137 imperator
1039 1095 1268 1137 prescriptum
1293 1094 1513 1137 priuilegium
1530 1094 1659 1127 nuntiis
1675 1095 1770 1138 regis
1785 1095 1939 1134 tradidit,
1957 1102 1992 1128 et
2007 1096 2101 1139 quod
2111 1097 2274 1129 missurus

424 1154 514 1182 esset
537 1148 768 1181 Christianum
792 1148 1038 1180 cancellarium
1063 1149 1098 1179 in
1122 1147 1277 1180 Siciliam
1302 1158 1366 1190 pro
1390 1148 1606 1190 recipiendis
1627 1148 1831 1181 iuramentis
1854 1149 1929 1180 ueri
1961 1149 2128 1182 similibus
2153 1160 2272 1192 repro-

424 1202 526 1241 misit,
550 1201 782 1245 prenominati
805 1201 916 1234 nuntii
939 1211 1009 1234 non
1034 1201 1190 1234 contenti
1212 1201 1383 1243 imperiali
1407 1201 1604 1245 priuilegio,
1627 1202 1672 1234 ad
1703 1202 1867 1234 maiorem
1900 1203 2145 1235 certitudinem
2174 1203 2274 1246 pacis

423 1257 507 1288 inite
530 1255 637 1288 robur
660 1260 695 1287 et
719 1255 980 1292 firmamentum,
1004 1254 1099 1286 aliud
1122 1254 1343 1297 priuilegium
1367 1266 1388 1287 a
1410 1265 1504 1297 papa
1519 1260 1555 1287 et
1571 1255 1805 1287 cardinalibus
1821 1255 1981 1288 Romano
1998 1256 2162 1288 fecerunt
2176 1266 2272 1289 more

2298 775 2338 808 10

2299 1042 2338 1075 15

425 1309 609 1346 conscribi,
632 1309 668 1340 in
692 1318 760 1350 quo
784 1307 963 1350 imperiale
988 1307 1202 1340 declaratum
1226 1313 1278 1339 est
1300 1307 1519 1351 priuilegium
1543 1314 1578 1340 et
1601 1309 1806 1341 auctoritate
1830 1309 1924 1341 sedis
1947 1309 2136 1351 apostolice
2166 1310 2271 1343 robo-
2294 1311 2338 1342 20

424 1369 546 1395 ratum.
594 1361 676 1400 Quo
699 1361 795 1394 facto
819 1360 1081 1404 Huguiczonem
1106 1360 1318 1392 cardinalem
1342 1370 1384 1392 ex
1408 1361 1571 1393 mandato
1595 1371 1686 1403 pape
1710 1367 1744 1393 et
1768 1362 1986 1404 imperatoris
2010 1373 2088 1395 cum
2111 1362 2274 1406 imperia-

424 1416 514 1449 libus
537 1415 659 1448 litteris
682 1420 717 1447 et
740 1425 817 1447 cum
842 1414 976 1446 notario
1001 1413 1210 1446 salernitani
1235 1414 1494 1456 archiepiscopi
1516 1420 1551 1446 et
1575 1414 1781 1456 cappellano
1805 1415 1938 1447 comitis
1961 1415 2134 1459 Roggerii
2155 1417 2202 1449 ad
2216 1427 2276 1450 ca—

424 1469 558 1502 stellum
583 1469 703 1512 Gayue
717 1468 740 1506 ⁴,
763 1467 823 1499 ubi
846 1467 1046 1509 imperatrix
1070 1477 1147 1499 cum
1172 1467 1342 1500 Heinrico
1358 1477 1441 1511 rege
1457 1467 1527 1499 filio
1543 1477 1606 1499 suo
1629 1467 1838 1507 morabatur,
1854 1468 2007 1501 aduenit.
2051 1469 2275 1503 presentibus

422 1524 541 1565 itaque
565 1521 797 1564 imperatrice,
820 1531 903 1564 rege
927 1520 1095 1553 Heinrico
1118 1521 1188 1553 filio
1214 1521 1295 1559 eius,
1319 1521 1501 1558 cardinali,
1525 1520 1717 1565 markyone
1742 1522 1786 1554 de
1809 1521 2066 1555 Monteferrato
2082 1529 2118 1555 et
2134 1523 2276 1566 quibus-

426 1577 505 1609 dam
530 1576 574 1607 de
597 1574 790 1607 rectoribus
812 1573 1023 1607 Lombardie
1047 1579 1084 1606 et
1106 1574 1243 1607 notario
1268 1574 1521 1617 archiepiscopi
1544 1579 1578 1606 et
1602 1574 1809 1616 cappellano
1832 1575 1967 1608 comitis
1990 1581 2026 1608 et
2055 1576 2170 1608 multis
2199 1577 2276 1610 aliis

428 1628 513 1661 uiris
535 1627 655 1671 probis
678 1634 714 1660 et
736 1627 887 1667 idoneis,
910 1627 1102 1660 Uerdensis
1124 1627 1308 1670 episcopus
1321 1626 1333 1645 ¹⁵
1355 1628 1444 1660 stola
1467 1627 1560 1660 collo
1583 1627 1755 1670 imposita,
1771 1638 1814 1660 ex
1829 1629 1995 1661 mandato
2010 1629 2227 1672 imperatoris
2241 1637 2276 1664 et

512 1740 535 1758 2.
549 1732 669 1766 Rogerii
685 1733 717 1761 B,
735 1732 764 1763 C,
777 1732 853 1756 Sasso
865 1729 982 1764 &Arndt
995 1745 1006 1751 -
1020 1732 1157 1757 Heinrico
1176 1733 1199 1757 C
1207 1741 1221 1757 e
1232 1732 1322 1758 Arndt
1335 1746 1367 1750 ——
1381 1740 1405 1765 4.
1419 1732 1586 1757 Heinricum
1605 1732 1628 1756 A
1638 1738 1664 1763 3,
1685 1733 1718 1766 Β,
1741 1732 1840 1757 Gamo
1857 1741 1871 1756 e
1889 1733 1965 1757 Sasso
1979 1747 2011 1751 —
2025 1733 2050 1758 6.
2069 1734 2274 1767 Moguntinum

423 1778 449 1801 B
466 1785 479 1801 e
499 1776 575 1800 Sasso
596 1789 627 1793 —
649 1781 673 1807 7.
693 1775 930 1799 Wormatiensem
950 1775 977 1799 B
995 1782 1008 1798 e
1027 1775 1102 1799 Sasso
1123 1789 1154 1793 —-
1173 1774 1198 1799 8.
1219 1774 1409 1799 Guorminum
1434 1774 1568 1799 Contetm
1587 1788 1597 1792 -
1617 1775 1811 1800 marchionem
1833 1776 1882 1800 Be
1896 1775 1972 1800 Sasso
1985 1788 2018 1794 —-
2031 1783 2058 1809 9.
2076 1776 2232 1802 HellandIe
2248 1776 2274 1802 A

424 1833 436 1839 -
455 1819 608 1844 Heinricus
630 1818 654 1842 C
668 1826 681 1842 e
699 1818 790 1842 Arndt
810 1831 843 1835 —-
866 1824 906 1842 ιο,
918 1817 1074 1841 Robertum
1088 1817 1121 1842 de
1134 1818 1231 1842 Diuna
1244 1818 1270 1842 B
1281 1825 1294 1841 e
1307 1817 1384 1841 Sasso
1397 1831 1430 1834 —
1446 1824 1487 1842 11.
1500 1819 1529 1841 et
1541 1817 1670 1842 Heinrici
1683 1818 1757 1850 regis
1776 1817 1828 1841 filli
1850 1819 1941 1842 nostri
1962 1826 2055 1843 manca
2072 1820 2103 1843 tn
2121 1819 2148 1843 B
2165 1827 2179 1843 ε
2196 1819 2273 1844 Sauo

425 1876 458 1880 --
482 1868 521 1886 12.
541 1860 705 1886 Guortwini
726 1861 753 1885 B
771 1868 784 1883 e
803 1860 879 1884 Sasso
899 1874 931 1878 -
954 1858 993 1884 16.
1014 1860 1128 1884 nunciis
1147 1861 1180 1890 B,
1204 1860 1233 1889 C,
1253 1860 1356 1884 Sassoe
1373 1860 1464 1884 Arndt
1482 1872 1513 1877 —-
1537 1865 1576 1892 ¹7.
1595 1860 1770 1892 accipiendis
1788 1860 1838 1890 „44
1869 1874 1891 1877 —
1913 1859 1954 1885 18.
1974 1862 2072 1886 nuncii
2092 1861 2126 1892 B,
2147 1861 2177 1892 C,
2195 1862 2274 1887 Sam

425 1913 439 1929 e
456 1904 547 1928 Amat
564 1917 597 1922 —
618 1910 659 1927 21.
680 1903 790 1927 Huzizo
809 1903 835 1926 B
852 1910 864 1925 ε
883 1902 976 1932 Sars-03
996 1903 1090 1927 Huizo
1113 1902 1247 1927 Conutoro
1267 1916 1299 1921 -
1321 1908 1362 1927 22.
1382 1902 1500 1935 Rogerii
1522 1903 1547 1926 B
1565 1909 1579 1926 e
1602 1902 1630 1932 C,
1651 1903 1726 1928 Sasso
1744 1910 1758 1925 e
1775 1903 1867 1927 Arndt
1879 1915 1912 1921 —
1926 1909 1968 1934 23-
1987 1903 2111 1928 Henrico
2123 1904 2150 1928 B
2165 1911 2180 1928 e
2197 1903 2275 1928 Sasu

425 1960 458 1965 —
478 1953 520 1977 24.
539 1945 664 1970 Henrlco
683 1946 711 1969 B
728 1952 742 1968 e
761 1944 836 1969 Sasso
855 1957 865 1963 -
886 1943 919 1969 C.
937 1945 1102 1970 marchione
1121 1945 1147 1968 B
1164 1953 1178 1968 e
1197 1945 1272 1969 Sasso

426 2029 440 2043 ⁸
450 2033 548 2055 ventur
557 2038 583 2061 „3
604 2029 617 2043 ‘⁴
627 2030 692 2054 bona
700 2030 766 2062 fide,
780 2030 837 2053 sine
848 2028 955 2060 fraude
967 2031 993 2054 et
1004 2029 1072 2053 malo
1085 2030 1192 2062 ingenio
1202 2038 1231 2061 „3
1244 2037 1323 2054 come

426 2081 441 2097 a
459 2073 539 2097 dire:
561 2072 660 2096 “terra
679 2073 708 2096 et
728 2072 799 2095 mari
812 2088 837 2102 η,
859 2070 914 2095 “in
935 2072 1005 2095 mari
1027 2073 1054 2095 et
1075 2072 1104 2095 in
1124 2073 1198 2096 terra
1210 2090 1234 2103 „‚
1251 2072 1324 2103 “per

427 2115 441 2128 ‘⁴
451 2115 542 2143 fidem,
563 2115 625 2139 sine
645 2114 742 2138 fraude
762 2115 790 2138 et
803 2113 923 2146 ingenio
934 2132 957 2145 η.
994 2113 1061 2137 Esse
1076 2115 1098 2137 si
1114 2115 1263 2139 ritrovano
1278 2114 1323 2138 nel

425 2157 600 2182 concordate
620 2156 665 2180 del
687 2155 758 2180 duca
777 2155 922 2187 Ruggiero
942 2155 968 2179 11
988 2155 1032 2179 del
1056 2155 1086 2179 18
1106 2163 1169 2188 gen.
1192 2156 1258 2180 1128
1278 2156 1323 2180 col

426 2200 509 2224 conte
528 2197 689 2222 Raimondo
709 2197 738 2221 di
758 2196 938 2227 Barcellona,
956 2197 987 2220 in
1008 2196 1123 2225 AMARI,
1142 2197 1181 2221 St.
1202 2198 1246 2221 dei
1260 2197 1322 2221 Mu-

423 2241 551 2269 salmani,
571 2241 628 2270 cit.y
647 2239 696 2268 111,
715 2246 784 2271 390:
807 2239 820 2252 ¹‘
834 2240 896 2263 sine
916 2239 1015 2263 fraude
1034 2240 1062 2263 et
1088 2239 1155 2264 dolo
1166 2257 1190 2270 ‚‚‚
1220 2240 1322 2271 “guer-

427 2282 511 2308 “ram
531 2284 590 2307 tuis
608 2282 737 2307 inimicis
758 2281 865 2306 faciam
876 2300 900 2314 η,
923 2281 936 2294 “
948 2282 997 2305 hec
1019 2281 1164 2306 attendam
1183 2284 1211 2306 et
1230 2282 1324 2306 obser-

428 2325 524 2350 “vabo
545 2332 594 2357 per
612 2324 704 2352 fidem,
724 2325 786 2348 sine
806 2324 905 2348 fraude
924 2325 951 2348 et
966 2325 1085 2356 ingenio
1097 2340 1121 2355 η.
1159 2323 1204 2348 Cf.
1219 2332 1287 2356 pure
1301 2325 1322 2348 il

425 2369 555 2400 deloma
575 2367 603 2391 di
624 2374 653 2391 re
671 2366 817 2399 Ruggiero
837 2366 863 2390 ΙΙ
882 2366 926 2390 del
946 2374 1010 2398 gen.
1032 2373 1099 2398 1134
1119 2374 1168 2398 per
1188 2367 1215 2390 la
1241 2367 1322 2390 fami-

425 2410 485 2443 glia
504 2409 659 2440 Pierleoni,
680 2410 709 2433 in
729 2409 837 2433 Arch.
857 2409 957 2433 della
976 2408 1057 2433 Soc.
1076 2408 1174 2433 Rom.
1195 2410 1229 2432 di
1250 2408 1322 2433 Sto-

427 2454 481 2477 ria
500 2453 639 2485 patria,
659 2451 760 2480 XXIV,
781 2456 850 2484 259.-
872 2451 964 2476 “haec
978 2452 1075 2475 omnia
1089 2452 1233 2475 attendam
1248 2452 1322 2476 bona

428 2495 512 2524 “fide,
532 2496 594 2519 sine
615 2494 747 2525 fraude„.
786 2493 884 2518 Anche
910 2494 931 2517 il
959 2493 1087 2526 diploma
1113 2494 1157 2518 del
1186 2499 1252 2525 1137
1280 2494 1322 2518 fra

425 2538 584 2563 Innocenzo
603 2537 629 2561 II
649 2545 663 2561 e
682 2536 876 2569 l'imperatore
894 2536 1015 2560 Lotario
1035 2544 1084 2568 per
1103 2536 1130 2560 le
1143 2538 1216 2560 terre
1230 2536 1260 2560 di
1274 2537 1322 2560 Be-

426 2581 560 2610 nevento,
580 2581 608 2604 in
631 2579 804 2608 Mumrom,
824 2579 890 2604 RR.
912 2579 950 2602 ll.
973 2579 1034 2608 SS„
1049 2578 1082 2606 V,
1100 2585 1156 2609 ¹23,
1170 2579 1246 2603 dice:
1264 2579 1276 2591 ‘⁴
1288 2579 1321 2603 ad

427 2622 440 2635 ¹⁴
453 2622 612 2647 faciendam
633 2629 763 2654 guerram
783 2621 813 2645 in
828 2622 957 2645 inimicis
971 2622 1030 2645 suis
1041 2639 1065 2651 „‚
1082 2621 1095 2634 ¹‘
1106 2621 1155 2644 hec
1170 2621 1322 2645 adtendam

429 2664 480 2688 “et
499 2665 655 2689 observabo
667 2682 691 2694 „‚
714 2664 786 2696 “per
805 2663 895 2692 fidem,
916 2664 977 2687 sine
999 2663 1096 2687 fraude
1115 2665 1143 2687 et
1170 2663 1287 2695 ingenio
1299 2680 1323 2693 „.

516 2704 596 2730 ¹Nel
618 2706 804 2731 Concordato
827 2707 875 2729 cit.
903 2706 947 2729 del
978 2704 1052 2733 1128,
1079 2705 1114 2728 cf.
1144 2704 1199 2728 “in
1226 2705 1322 2729 sutura

429 2747 542 2773 “estate
566 2748 685 2780 septime
712 2747 918 2778 indictionis,‚,
947 2747 1001 2771 “in
1027 2747 1083 2771 kal.
1110 2747 1179 2771 Iulii
1205 2748 1323 2778 septime

429 2789 442 2802 a
455 2790 630 2814 indictionis
642 2808 665 2821 „.

516 2831 528 2848 ἲ
546 2833 580 2857 Κ.
600 2833 634 2857 A.
654 2833 747 2861 Kana,
766 2836 805 2864 op.
825 2834 878 2864 cit„
900 2840 926 2866 p.
947 2832 999 2865 760
1017 2841 1030 2856 e
1044 2839 1085 2864 sg.
1100 2831 1241 2857 dimostro
1254 2840 1322 2864 pure

427 2875 477 2899 che
497 2876 553 2899 tale
573 2875 690 2899 dizione
708 2873 722 2899 'e
743 2875 859 2907 propria
873 2875 948 2900 della
963 2875 1143 2900 Cancelleria
1156 2875 1323 2898 Normannu

427 2917 458 2941 di
477 2917 587 2946 Sicilia,
606 2925 621 2941 e
640 2917 721 2949 quasi
740 2924 849 2950 semprc
870 2918 945 2942 nella
967 2917 1090 2941 formula
1104 2918 1250 2949 seguente=

519 2959 533 2972 ‘¹
544 2959 588 2983 Ad
610 2959 693 2983 huius
714 2961 804 2983 autem
820 2959 1014 2984 concessionis
1027 2961 1055 2984 et
1069 2959 1263 2983 munificentie
1277 2967 1323 2983 no-

1380 2029 1393 2042 “
1406 2032 1462 2054 stre
1481 2029 1509 2061 (¹‘
1520 2029 1688 2054 donationis
1708 2031 1736 2054 et
1755 2030 1952 2054 concessionis
1963 2048 1988 2061 η,
2002 2037 2120 2063 oppure,
2135 2030 2150 2044 ⁸
2160 2037 2275 2056 conces-

1380 2072 1393 2085 “
1404 2072 1498 2097 sionis
1517 2072 1714 2105 exempcionis
1733 2074 1760 2096 et
1774 2072 2005 2097 confirmacionis
2015 2090 2029 2103 „
2046 2072 2111 2104 etc.)
2123 2073 2275 2098 memriam

1380 2115 1393 2127 “
1403 2116 1428 2138 et
1441 2114 1594 2138 inviolabile
1601 2114 1806 2146 firmamentum
1818 2121 1932 2147 presens
1946 2115 2132 2148 pr1vilegium
2147 2116 2274 2140 nostrum

1381 2157 1454 2189 “per
1473 2164 1573 2181 manus
1593 2157 1714 2182 Matthei
1735 2157 1763 2185 (o
1791 2156 1976 2182 “Alexandri
1989 2175 2013 2188 „‚
2039 2166 2055 2182 ο
2084 2157 2216 2183 “Leonis
2240 2157 2274 2183 de

1381 2199 1394 2212 “
1404 2200 1511 2224 Matera
1523 2218 1547 2231 m
1569 2198 1633 2231 etc.)
1654 2201 1745 2224 nostri
1762 2200 1869 2224 notarii
1885 2201 1972 2224 scribi
1991 2202 2018 2225 et
2032 2200 2112 2225 bulla
2124 2207 2210 2225 aurea
2222 2206 2274 2226 no-

1381 2242 1464 2266 “stro
1485 2243 1599 2274 typario
1619 2243 1756 2274 impressa
1777 2242 1910 2267 iussimus
1929 2243 2069 2274 Insignirl
2088 2242 2118 2274 (ο
2134 2242 2148 2256 ‘¹
2160 2243 2273 2268 decon-

1380 2285 1393 2298 α
1405 2286 1427 2308 ri
1439 2302 1464 2315 „,
1485 2292 1501 2308 o
1525 2284 1538 2296 “
1549 2284 1678 2309 roborari
1691 2282 1718 2317 η)
1730 2301 1754 2316 „.

1464 2325 1475 2340 ³
1494 2327 1594 2351 Anche
1613 2326 1642 2351 la
1663 2326 1822 2358 “datation
1844 2325 1859 2351 ὲ
1878 2327 2003 2352 secondo
2023 2327 2045 2351 il
2064 2328 2180 2352 sistema
2193 2327 2270 2353 della

1378 2367 1557 2393 Cancellerla
1571 2367 1719 2398 siciliam,
1743 2371 1851 2394 mentre
1864 2369 1892 2393 la
1906 2370 2055 2401 imperiale
2069 2370 2096 2394 di
2111 2369 2248 2394 Federlco
2259 2369 2274 2394 1

1377 2410 1429 2435 uso
1450 2412 1547 2435 invece
1567 2411 1595 2435 di
1616 2413 1732 2436 mettere
1750 2411 1921 2436 l'indizione
1944 2412 2020 2444 dopo
2044 2412 2145 2437 l'anno
2162 2419 2178 2436 e
2199 2411 2272 2437 d’ln-

1377 2453 1471 2477 dicare
1491 2453 1512 2477 il
1532 2460 1605 2477 mese
1623 2453 1650 2478 al
1670 2454 1819 2485 genitivo:
1843 2454 1962 2478 “mensis
1984 2454 2085 2486 lubin,
2108 2462 2125 2479 o
2153 2452 2272 2487 “A-gw-

1380 2495 1441 2519 “sti
1449 2512 1473 2525 ῃ,
1494 2502 1552 2519 non
1575 2495 1684 2520 “mmse
1709 2496 1774 2519 Iulii
1783 2513 1806 2526 m
1826 2503 1843 2519 ο
1864 2495 1878 2508 ‘⁴
1888 2496 2043 2527 Augusti„.

1465 2537 1493 2561 Si
1515 2537 1572 2569 pub
1591 2538 1643 2562 ben
1664 2538 1834 2562 concludere
1848 2538 1898 2562 che
1912 2537 1987 2562 nella
2002 2538 2152 2563 redazione
2164 2538 2194 2563 di
2209 2546 2273 2570 que-

1377 2582 1422 2604 sto
1443 2579 1572 2611 diploma
1593 2580 1672 2604 influi
1695 2579 1870 2604 moltissimo
1889 2580 1917 2604 la
1936 2581 2018 2605 dictio
2037 2580 2111 2604 della
2126 2579 2274 2606 Cancelle-

1377 2622 1419 2645 ria
1440 2622 1605 2647 Normanna
1625 2623 1653 2646 di
1675 2622 1785 2646 Sicilia.
1822 2622 1876 2646 Del
1896 2623 1973 2647 resto
1993 2623 2015 2646 il
2038 2623 2193 2647 medesimo
2217 2622 2274 2647 Ro-

1378 2664 1492 2688 mualdo
1512 2665 1592 2696 parla
1613 2665 1642 2688 di
1662 2672 1701 2689 un
1721 2672 1773 2690 suo
1794 2666 1895 2689 notato
1915 2673 1929 2688 e
1949 2666 1977 2689 di
1993 2673 2030 2689 un
2044 2665 2214 2697 cappellano
2227 2665 2273 2690 del

1377 2709 1460 2730 conte
1480 2706 1634 2739 Ruggiero.
1671 2707 1705 2731 K.
1725 2707 1760 2731 A.
1780 2706 1873 2735 Kena,
1892 2709 1931 2739 op.
1950 2709 2003 2735 cit„
2024 2715 2051 2740 p.
2070 2706 2130 2740 766,
2145 2715 2171 2732 n.
2188 2712 2212 2739 5,
2226 2708 2273 2732 dal

1380 2748 1526 2773 chronicon
1544 2749 1664 2773 Altinate
1684 2750 1809 2774 ricorda:
1831 2749 1843 2761 ‘⁴
1855 2749 2003 2774 Rolandus
2017 2749 2218 2782 (Romualdus)
2231 2757 2274 2774 ar-

1380 2791 1392 2803 “
1404 2791 1603 2823 chiepiscopus
1622 2792 1819 2817 Salernitanus
1839 2800 1900 2817 cum
1920 2792 2084 2816 hominibus
2102 2791 2144 2816 60.
2182 2791 2274 2824 Roge-

1379 2833 1391 2845 “
1403 2833 1462 2857 rius
1480 2840 1572 2857 comes
1592 2833 1702 2858 Andrie
1720 2841 1780 2858 cum
1799 2834 1898 2858 duobm
1918 2834 2040 2859 notariis
2053 2835 2130 2858 curie
2143 2835 2218 2866 regis
2231 2834 2274 2858 dl-

1380 2874 1454 2903 “cti,
1474 2883 1536 2899 cum
1556 2875 1722 2900 hominibus
1742 2883 1795 2908 330
1806 2893 1831 2908 „-

1466 2915 1476 2932 ⁴
1497 2917 1590 2941 Gaiba
1611 2924 1706 2949 presso
1725 2918 1851 2951 Rovigo.

1464 2958 1475 2975 ⁵
1494 2960 1556 2992 Ugo
1578 2968 1699 2986 vescovo
1720 2961 1749 2985 di
1771 2961 1895 2986 Verdun.

2297 1578 2338 1610 25

2302 2038 2391 2073 301

2301 2250 2333 2278 35

2300 2461 2336 2487 40

2301 2673 2334 2700 4⁵

2302 2882 2337 2908 50

2395 1512 2398 1538 ‚m
2391 1443 2398 1486 «κ,
2386 1288 2398 1437 ..J—“ancum-
2395 1255 2398 1270 .-
