2398 3470
1150 210 1463 246 CHRONICON
2009 218 2059 254 [Α.
2080 218 2114 247 c.
2135 219 2227 255 11⁷⁷]

381 334 544 368 loniensis
568 333 826 377 archiepiscopi
848 333 884 365 in
909 333 1021 366 anima
1036 332 1244 375 principum,
1261 332 1320 375 qui
1336 331 1383 365 ibi
1397 332 1553 371 aderant,
1569 332 1682 365 simile
1698 333 1927 367 iuramentum
1942 335 2102 378 prestitit.
2149 335 2227 369 Hoc

328 378 335 386 ’
383 393 496 420 autem
519 387 627 425 facto,
651 397 695 419 ex
717 386 881 418 mandato
904 395 996 428 pape
1020 384 1149 418 Ueneti
1172 395 1251 418 cum
1275 394 1335 418 sex
1359 385 1467 428 galeis
1490 385 1625 430 CloJ‘am
1649 385 1795 426 inerunt,
1818 392 1854 418 et
1875 386 2118 430 imperatorem
2147 399 2226 422 cum

213 503 252 524 iul.
268 509 293 528 23

211 557 248 577 iul.
266 563 290 581 2⁴

199 989 219 1003 c,
235 985 296 1007 παφα

317 2203 348 2221 10

314 2626 348 2643 20

315 2833 346 2859 25

382 440 452 473 suis
475 441 511 472 in
534 439 646 484 galeis
667 439 890 481 recipientes,
914 449 992 471 eum
1015 448 1124 482 usque
1149 438 1194 470 ad
1220 438 1385 471 Sanctum
1410 438 1607 478 Nicolaum,
1623 439 1681 482 qui
1705 439 1832 471 dicitur
1850 439 1865 456 ‘⁶
1881 439 1926 473 ad
1941 440 2064 482 litus„
2082 441 2227 475 sabbato

382 494 418 525 in
440 503 518 526 sero
541 493 730 526 honorifice
754 492 971 525 deduxerunt
985 491 1005 524 ¹.

469 546 638 589 Sequenti
661 555 746 578 uero
769 546 826 578 die
851 546 1036 584 dominica,
1053 551 1177 578 octaua
1192 545 1326 578 scilicet
1342 545 1400 578 die
1416 552 1526 585 stante
1543 545 1670 579 mensis
1686 545 1775 585 Iulii,
1790 546 1826 578 in
1842 546 1972 590 uigiliis
1987 547 2081 580 beati
2097 548 2226 587 Iacobi,
2273 547 2292 580 5

382 610 472 642 papa
496 600 635 643 cognito
658 599 877 642 imperatoris
900 600 1064 637 aduentu,
1088 599 1207 643 galeas
1229 600 1404 643 ingressus
1428 610 1507 632 cum
1530 599 1660 633 nuntiis
1682 600 1774 643 regis
1796 605 1830 632 et
1857 610 1984 644 magna
2011 601 2223 635 Lombardo·

379 664 454 686 rum
478 663 519 686 ac
542 653 663 696 populi
685 652 914 691 multitudine,
938 653 984 685 ad
1006 652 1189 686 ecclesiam
1213 653 1325 685 sancti
1347 652 1460 686 Marci
1482 663 1615 685 summo
1638 663 1738 685 mane
1762 653 1909 686 deuotus
1931 654 2088 693 accessit,
2105 660 2140 688 et
2153 654 2228 688 Hu-

381 706 520 740 baldum
555 707 776 740 Hostiensem
812 712 847 739 et
881 705 1118 748 W[illelmum]
1149 705 1375 738 Portuensem
1407 712 1442 738 et
1472 705 1675 738 Malfridum
1707 705 1946 740 Penestrinum
1979 706 2162 751 episcopos
2191 714 2228 741 et

379 760 549 803 quosdam
572 761 617 793 de
641 759 878 793 cardinalibus
891 759 903 776 ²
926 760 972 792 ad
994 760 1239 802 imperatorem
1263 759 1459 792 transmisit.
1507 759 1579 798 Qui
1602 759 1792 798 uenientes,
1813 759 1926 802 ipsum
1950 766 1985 792 et
2007 770 2086 793 suos
2109 760 2152 793 ab
2168 770 2228 794 ex-

379 814 700 848 communicationis
722 814 864 847 uinculo
887 813 1122 847 absolverunt.
1168 813 1387 847 Christianus
1411 819 1525 845 autem
1549 812 1780 846 cancellarius
1803 813 2001 856 procedens
2023 813 2059 855 in
2084 813 2226 857 publico

376 868 478 900 tactis
501 868 733 901 sacrosanctis
755 867 955 911 euangeliis,
980 867 1043 900 ait:
1074 866 1151 899 “Ut
1175 876 1292 899 omnes
1315 866 1496 899 euidenter
1519 872 1721 910 agnoscant,
1745 876 1800 899 me
1824 866 2055 899 essenomine
2070 873 2106 900 et
2120 877 2228 911 opere

384 921 398 937 “
412 919 647 959 christianum,
670 920 903 953 Octauianum
924 920 1149 953 Cremensem
1172 925 1207 952 et
1229 919 1418 952 Iohannem
1442 919 1486 951 de
1509 919 1646 951 Struma
1669 929 1746 951 cum
1762 919 1832 951 suis
1848 918 2075 962 complicibus
2089 929 2229 962 prorsus

383 975 398 991 “
411 974 542 1011 abiuro,
566 979 601 1006 et
624 973 862 1007 Alexandrum
884 979 919 1005 et
941 982 1162 1005 successores
1185 973 1259 1005 eius
1282 973 1317 1004 in
1341 972 1550 1006 catholicum
1574 982 1700 1014 papam
1724 971 1868 1014 'recipio
1881 995 1911 1011 ,,.
1957 972 2004 1005 Et
2026 972 2088 1005 alii
2102 972 2227 1015 prelati

379 1027 606 1061 ecclesiarum
629 1027 790 1060 similiter
812 1026 1013 1059 iurauerunt
1025 1025 1047 1058 ⁸.

464 1081 545 1113 Dux
568 1087 682 1114 autem
704 1079 867 1118 Uenetie‚
890 1080 1033 1123 cognito
1057 1080 1149 1123 quod
1173 1080 1366 1122 imperator
1388 1079 1432 1112 ab
1457 1079 1822 1112 excommunicationis
1845 1086 1934 1112 esset
1963 1079 2113 1113 nexibus
2128 1079 2229 1114 abso-
2256 1079 2294 1112 15

377 1134 480 1173 lutus,
503 1145 582 1167 cum
604 1134 805 1177 patriarcha
829 1139 863 1166 et
885 1143 1012 1176 magna
1035 1133 1120 1166 cleri
1144 1144 1185 1165 ac
1208 1133 1328 1175 populi
1351 1138 1386 1165 et
1407 1133 1547 1165 nauium
1571 1132 1795 1165 multitudine
1825 1143 1934 1176 usque
1966 1133 2011 1166 ad
2042 1132 2228 1166 ecclesiam

374 1188 485 1221 sancti
509 1187 648 1221 Nicolai
671 1187 722 1220 illi
745 1187 884 1220 obuiam
908 1186 1015 1224 uenit,
1039 1197 1143 1229 quem
1167 1186 1203 1217 in
1227 1186 1308 1218 naui
1331 1196 1392 1218 sua
1417 1186 1602 1228 recipiens,
1633 1196 1743 1229 usque
1775 1186 1821 1219 ad
1852 1185 1932 1219 litus
1962 1186 2083 1220 Sancti
2113 1184 2228 1219 Marci

377 1241 459 1274 satis
481 1241 674 1274 honorifice
698 1247 733 1272 et
754 1250 922 1283 pompose
947 1240 1102 1272 deduxit.
1148 1239 1343 1281 Imperator
1365 1245 1481 1272 autem
1504 1240 1549 1272 de
1571 1239 1652 1271 naui
1669 1239 1899 1278 descendens,
1915 1239 2016 1272 simul
2031 1250 2110 1272 cum
2126 1239 2228 1280 duce,

376 1294 578 1336 patriarcha
602 1299 637 1326 et
660 1294 836 1336 episcopis
858 1293 938 1330 suis,
962 1299 996 1325 et
1020 1292 1116 1325 clero
1141 1298 1174 1324 et
1194 1292 1326 1334 populo
1350 1292 1510 1330 Uenetie‚
1533 1294 1645 1335 ipsum
1670 1302 1748 1324 cum
1772 1292 1907 1325 uexillis
1922 1299 1958 1325 et
1972 1292 2134 1326 crucibus
2148 1302 2228 1336 pro-
2321 1336 2324 1339 ι

377 1347 614 1381 cessionaliter
636 1347 860 1390 precedente,
883 1356 991 1388 usque
1016 1345 1062 1377 ad
1079 1345 1265 1377 ecclesiam
1281 1345 1391 1378 sancti
1408 1345 1530 1384 Marci,
1546 1351 1627 1378 ante
1643 1346 1740 1378 cuius
1755 1346 1878 1378 atrium
1891 1345 1905 1363 ⁴
1919 1344 2121 1379 Alexander
2134 1357 2229 1390 papa
2251 1349 2294 1380 20
2374 1350 2383 1382 -,’

377 1411 457 1433 cum
480 1400 656 1443 episcopis
686 1399 755 1432 suis
790 1405 824 1431 et
859 1398 1106 1437 cardinalibus,
1137 1408 1216 1431 cum
1246 1399 1447 1441 patriarcha
1479 1398 1652 1442 Aquileie,
1682 1399 1958 1441 archiepiscopis
1989 1405 2024 1431 et
2055 1399 2229 1442 episcopis
2372 1398 2375 1399 ⁷

374 1453 596 1491 Lombardie‚
619 1453 859 1486 ecclesiastico
882 1462 979 1484 more
1003 1451 1145 1490 ornatis,
1168 1452 1357 1484 honorifice
1380 1452 1565 1490 residebat,
1588 1452 1696 1494 pedes
1718 1452 1874 1485 accessit.

463 1508 622 1551 Cumque
646 1508 692 1540 ad
714 1517 840 1549 papam
863 1506 1117 1548 appropiasset,
1141 1511 1254 1538 tactus
1282 1505 1401 1538 diuino
1432 1505 1570 1547 spiritu,
1601 1505 1713 1538 Deum
1744 1506 1779 1538 in
1810 1505 2014 1539 Alexandro
2045 1514 2226 1547 ueneram,

374 1560 548 1604 imperiali
572 1561 743 1604 dignitate
766 1559 971 1603 postposita,
994 1559 1124 1591 reiecto
1147 1558 1255 1600 pallio
1268 1558 1292 1596 ⁶,
1316 1559 1361 1591 ad
1385 1559 1495 1601 pedes
1517 1569 1608 1601 pape
1632 1565 1740 1591 totum
1763 1569 1800 1591 se
1825 1566 1970 1592 extenso
1994 1569 2144 1603 corpore
2173 1559 2227 1592 in-

2253 815 2293 847 10

376 1614 519 1648 clinauit
530 1617 552 1646 ⁰.

463 1761 487 1779 2.
507 1753 621 1779 Cloiam
641 1754 683 1782 A;
704 1752 820 1778 Clozam
838 1752 865 1776 B
882 1760 895 1775 e
915 1753 991 1778 Sasso
1012 1766 1043 1770 —
1064 1751 1088 1776 6.
1109 1752 1224 1776 nunciis
1245 1753 1278 1781 B,
1299 1753 1328 1781 C,
1347 1752 1426 1777 Sasso
1444 1760 1457 1775 e
1475 1752 1566 1776 Arndt
1586 1765 1617 1770 -
1638 1752 1663 1777 8.
1683 1752 1857 1777 Willelmum
1880 1753 1912 1781 B,
1935 1754 1962 1784 C,
1982 1752 2059 1777 Semo
2075 1761 2089 1777 e
2106 1753 2198 1778 Arndt
2215 1766 2227 1772 —

374 1797 587 1822 Prenestrinum
604 1796 631 1820 B
648 1804 661 1820 e
680 1795 757 1820 Sasso
776 1808 805 1813 -
832 1800 872 1826 15.
891 1795 1013 1819 Venecie
1030 1794 1054 1819 A
1074 1807 1107 1813 -
1128 1801 1169 1825 19.
1189 1794 1310 1819 Venecie
1328 1794 1353 1818 A
1369 1808 1402 1812 —
1423 1800 1465 1826 ²3·
1484 1792 1633 1826 Quumque
1654 1795 1680 1819 Β
1696 1802 1710 1818 e
1728 1794 1804 1818 Sasso

376 1899 390 1913 ⁸
395 1902 552 1931 perpensam
564 1901 652 1923 sancte
664 1898 779 1926 ecclesie,
791 1898 906 1923 treviam
919 1898 990 1929 regis
1003 1896 1092 1921 Siculi
1102 1897 1132 1921 in
1144 1901 1179 1926 15
1192 1904 1274 1921 annos

376 1941 390 1955 ‘¹
398 1944 425 1965 et
440 1942 553 1966 trentam
570 1940 785 1965 lumbardorum
797 1941 828 1964 in
846 1940 864 1963 6
882 1946 978 1968 annos,
996 1942 1077 1970 atque
1094 1940 1183 1963 amula
1200 1940 1272 1970 capi-

375 1982 388 1996 ”
399 1983 460 2008 tuta
477 1990 528 2015 que
547 1984 576 2007 in
595 1983 644 2007 hac
661 1983 767 2007 scedula
785 1983 956 2008 continentur
965 1999 989 2014 „.
1027 1982 1072 2007 Cf.
1093 1989 1162 2014 pure
1180 1982 1209 2006 la
1223 1982 1273 2006 let-

375 2028 435 2050 tera
454 2025 483 2050 di
505 2025 681 2050 Alessandro
700 2034 715 2050 a
728 2025 874 2057 Ruggiero
893 2025 1078 2049 arcivescovo
1097 2024 1273 2048 Eboracense

377 2068 407 2092 in
428 2068 573 2097 Wrmms,
596 2068 670 2092 Com.
689 2068 785 2105 Magn.
805 2067 888 2095 Bria,
908 2067 928 2095 Ι,
947 2065 1008 2098 487.

465 2107 471 2123 ¹
493 2109 539 2135 Cf.
560 2110 649 2139 Boso,
662 2109 742 2133 Liber
750 2109 862 2141 Pontifi,
875 2108 909 2137 ΙΙ,
924 2115 991 2141 439:
1007 2108 1020 2121 u
1030 2107 1095 2132 Hiis
1111 2110 1206 2139 itaque
1218 2108 1273 2132 hoc

378 2153 390 2165 “
403 2151 490 2177 modo
498 2151 658 2184 completis,
669 2151 803 2184 pontifex
814 2150 911 2175 ducem
922 2152 950 2174 et
961 2150 1097 2183 populum
1108 2149 1246 2174 Venetum
1258 2158 1272 2173 a

375 2193 389 2208 ⁰¹
400 2194 563 2219 iuramento
573 2201 630 2225 quo
642 2193 793 2217 tenebatur
806 2193 942 2221 absolvit,
955 2194 984 2216 et
997 2194 1029 2216 ut
1043 2191 1177 2216 domnum
1188 2192 1274 2224 impe-

377 2235 390 2249 ¹¹
402 2238 526 2261 ratorem
535 2236 695 2261 honorifice
708 2237 738 2260 in
752 2235 887 2260 Venetias
902 2235 1072 2259 deducerent
1085 2235 1125 2259 eis
1137 2235 1272 2267 precepit.

378 2277 489 2307 “Quod
509 2280 566 2304 dux
585 2278 779 2303 desideranter
799 2278 917 2310 implere
943 2277 1092 2305 festinans,
1118 2278 1146 2301 in
1173 2284 1273 2310 prepa-

375 2322 388 2335 “
400 2322 473 2346 ratis
492 2329 541 2346 sex
559 2321 650 2354 galeis
668 2320 788 2345 eundem
809 2321 1009 2352 imperatorem
1029 2327 1116 2350 usque
1130 2319 1165 2344 ad
1179 2327 1274 2343 mona-

376 2362 518 2387 “sterium
539 2361 632 2386 sancti
650 2361 782 2393 Nycolai,
801 2360 877 2392 quod
898 2361 940 2384 est
954 2360 1040 2384 situm
1052 2360 1082 2384 in
1098 2361 1191 2392 capite
1204 2360 1270 2384 Rivi

377 2404 464 2434 uasti,
482 2411 545 2428 cum
564 2404 658 2436 gloria
677 2405 706 2428 et
724 2403 834 2427 honore
856 2403 924 2426 fecit
945 2401 1067 2426 conduci
1080 2419 1100 2431 „.
1139 2402 1184 2426 Cf.
1204 2410 1272 2434 pure

375 2448 403 2471 la
421 2446 525 2471 Relatio
543 2447 575 2470 de
588 2449 653 2478 pace
678 2445 780 2476 Veneta,
802 2446 849 2469 cit.

462 2487 473 2504 ²
491 2488 578 2518 Boso,
591 2488 674 2513 Liber
686 2486 798 2518 Pontxf„
811 2488 866 2512 loc.
880 2488 945 2511 cit.:
961 2486 974 2499 ‘⁴
986 2487 1086 2511 Altera
1106 2488 1203 2518 itaque
1217 2488 1271 2516 die,

1329 1897 1438 1923 “tibus.
1459 1898 1552 1930 Ipsum
1579 1905 1592 1922 a
1619 1898 1761 1922 sententia
1787 1898 2095 1922 excommunicationis
2118 1897 2228 1931 pariter

1332 1940 1343 1952 “
1357 1940 1548 1969 absolverunt,
1567 1943 1595 1965 et
1615 1940 1722 1965 unitati
1742 1940 1883 1965 catholice
1902 1941 2093 1973 aggregarunt
2102 1956 2125 1971 η.

1417 1979 1428 1995 ⁴
1450 1980 1496 2006 Cr.
1513 1981 1555 2004 De
1569 1984 1634 2012 pace
1652 1980 1748 2005 Veneta
1759 1980 1866 2010 relatio,
1884 1982 1942 2012 cit.¹
1957 1988 1984 2014 p.
1998 1980 2064 2012 462:
2080 1979 2094 1993 ⁰¹
2104 1980 2161 2006 Ubl
2174 1982 2226 2007 mi-

1331 2023 1343 2035 “
1357 2025 1440 2047 nistri
1461 2024 1561 2048 domni
1582 2031 1654 2056 pape
1672 2023 1794 2047 diliculo
1813 2023 1849 2047 ad
1867 2023 2015 2047 ecclesiam
2029 2023 2124 2048 sancti
2134 2022 2226 2049 Marci

1329 2066 1342 2078 ‘¹
1355 2066 1533 2098 evangeliste
1551 2066 1746 2098 properantes,
1765 2066 1982 2097 clauseruntque
2000 2065 2106 2090 medias
2126 2066 2227 2091 valvas

1331 2108 1384 2132 “in
1405 2115 1509 2141 magna
1528 2109 1652 2141 porticu,
1672 2108 1784 2132 scilicet
1810 2109 1839 2132 in
1865 2108 1962 2132 fronte
1986 2108 2115 2138 ecclesie,
2139 2109 2168 2133 et
2192 2108 2224 2134 in

1331 2151 1343 2163 ‘¹
1357 2151 1455 2175 eodem
1475 2151 1541 2175 loco
1560 2151 1641 2183 ligna
1660 2157 1762 2183 magna
1783 2150 1895 2174 tabulas
1920 2150 2055 2182 abiegnas
2080 2150 2226 2183 scalasque

1331 2193 1566 2225 “comportantes
1585 2193 1721 2217 thronum
1741 2199 1874 2225 magnum
1892 2199 1924 2216 ac
1943 2193 2094 2217 sublimem
2113 2200 2225 2226 compo—

1331 2234 1343 2247 “
1356 2237 1480 2260 suerunt.
1518 2235 1618 2260 Erecta
1638 2236 1705 2260 sunt
1723 2236 1809 2259 etiam
1823 2235 1880 2259 duo
1894 2235 1974 2267 ligna
1987 2242 2091 2267 magna
2103 2235 2224 2268 abiegna

1330 2276 1425 2300 “mire
1444 2277 1612 2301 altitudinIs
1631 2284 1666 2300 ex
1684 2278 1804 2308 utraque
1829 2277 1909 2309 parte
1935 2275 2040 2305 litoris,
2066 2277 2098 2300 in
2122 2275 2224 2308 qulbus

1329 2318 1342 2331 ¹⁸⁴
1354 2318 1461 2343 vexilla
1480 2320 1572 2344 sancti
1592 2318 1683 2343 Marci
1702 2319 1829 2343 mirabili
1850 2325 1935 2351 opere
1953 2319 2090 2342 contexta
2107 2319 2137 2343 et
2160 2317 2222 2343 lon-

1328 2359 1341 2372 ·“
1353 2362 1486 2392 gitudine
1506 2369 1555 2386 sua
1574 2362 1679 2386 terram
1699 2362 1848 2394 tangentia
1868 2361 2072 2394 dependebant,
2092 2360 2163 2385 istus
2173 2366 2224 2385 tu·

1330 2402 1411 2426 “tem
1429 2404 1525 2434 maris,
1552 2403 1627 2435 quod
1653 2403 1762 2427 dicitur
1780 2402 1979 2433 Marmoreum,
2006 2409 2112 2434 propre
2135 2401 2223 2427 ecele-

1329 2444 1425 2470 “siam
1444 2447 1513 2476 erat,
1533 2446 1644 2470 scilicet
1664 2446 1698 2470 ad
1719 2447 1823 2470 iactum
1844 2445 1951 2476 lapidis
1962 2462 1987 2476 „.

1415 2488 1426 2505 ⁵
1448 2487 1558 2512 Aaun’r
1587 2489 1708 2512 annota:
1740 2487 1798 2513 “V.
1826 2495 1936 2519 quoque
1965 2486 2100 2519 Stkebertt‘
2124 2486 2221 2511 conum.

600 1614 715 1653 Quem
738 1612 941 1646 Alexander
965 1623 1056 1655 papa
1081 1623 1159 1644 cum
1185 1612 1348 1656 lacrymis
1369 1612 1521 1656 benigne
1546 1613 1699 1650 eleuans,
1723 1612 1859 1655 recepit
1880 1613 1917 1645 in
1935 1612 2053 1646 osculo
2070 1619 2105 1646 et
2120 1612 2226 1647 bene-
2249 1612 2292 1647 25

2253 1905 2289 1931 30

2251 2117 2285 2144 35

375 2531 388 2545 a
400 2533 429 2555 in
450 2531 555 2564 vigilia
575 2532 667 2555 sancti
687 2530 793 2559 Iacobi‚
813 2537 922 2554 summo
936 2536 1026 2557 mane,
1041 2529 1177 2562 pontifex
1192 2530 1271 2554 misit
1329 2530 1342 2542 “
1353 2530 1578 2560 Aquicinctinam,
1596 2530 1627 2554 in
1646 2530 1684 2554 M.
1707 2530 1739 2554 G.
1758 2531 1801 2559 H.,
1817 2529 1877 2558 SS„
1891 2529 1939 2559 VI,
1952 2528 2013 2561 416,
2027 2528 2077 2553 ubi
2091 2530 2223 2554 narratur
2249 2538 2283 2566 45

377 2573 435 2598 “ad
449 2574 509 2598 eius
522 2574 696 2606 presentiam
715 2573 768 2597 Hu.
788 2572 977 2600 Hostiensem,
998 2570 1032 2595 G.
1046 2570 1230 2596 Portuensem
1244 2573 1271 2596 et
1329 2571 1553 2604 “imperatorem
1577 2572 1776 2597 discalciatum
1801 2573 1829 2596 et
1855 2571 1942 2604 reglis
1968 2571 2145 2596 ornamentis
2170 2577 2221 2596 nu·

376 2613 439 2639 “M.
464 2614 663 2639 Prenestinum
689 2614 853 2645 episcopos;
877 2612 1042 2644 I(ohannes)
1068 2612 1149 2636 tituli
1175 2615 1272 2638 sancte
1328 2614 1450 2638 “datum
1469 2614 1504 2639 ad
1524 2622 1626 2647 papam
1646 2614 1800 2639 adductum
1820 2614 1907 2638 fuisse
1918 2630 1943 2645 „-

377 2657 389 2669 “
400 2657 562 2685 Anastasie,
576 2654 768 2688 T(heodinus)
780 2656 863 2681 tituli
877 2655 971 2680 sancti
984 2654 1093 2679 vitans
1107 2657 1135 2679 et
1148 2654 1272 2687 P(etrus)
1414 2654 1426 2671 ὅ
1446 2656 1534 2686 Boso,
1547 2656 1624 2681 Liber
1641 2655 1751 2688 Pontifi,
1772 2656 1827 2680 loc.
1846 2657 1910 2680 cit.:
1932 2655 1946 2669 ὅ
1956 2655 1992 2679 Et
2010 2655 2114 2680 exinde
2133 2655 2219 2689 impe-

376 2699 389 2713 ⁴
399 2699 482 2724 tituli
509 2701 606 2724 sancte
633 2698 762 2724 Susanne
789 2699 962 2732 presbiteros
992 2697 1160 2726 cardinales,
1189 2699 1271 2730 atque
1329 2699 1341 2711 ⁴¹
1354 2700 1431 2723 rator
1444 2700 1576 2730 tanquam
1598 2698 1779 2723 orthodoxus
1792 2699 1925 2731 princeps
1938 2699 2041 2722 devote
2054 2698 2173 2722 accessit
2186 2697 2222 2722 ad

375 2740 567 2774 “I(acinthus)
587 2741 738 2766 diaconum
758 2741 934 2766 cardinalem
953 2742 1049 2765 sancte
1070 2740 1159 2764 Marie
1173 2741 1201 2764 in
1217 2740 1270 2764 Co·
1328 2742 1341 2754 “
1353 2743 1525 2774 presentiam
1545 2741 1670 2766 eiusdem
1685 2741 1839 2775 pontificis,
1860 2742 1909 2774 qui
1930 2742 1997 2765 ante
2017 2741 2092 2765 fores
2104 2740 2222 2765 ecclesie
2249 2746 2283 2773 50

376 2783 390 2797 ³
402 2784 509 2809 smidin
520 2800 542 2814 „.
1327 2782 1339 2794 “
1352 2785 1443 2807 sancti
1465 2783 1554 2808 Marci
1574 2791 1637 2808 cum
1656 2783 1890 2816 archiepiscopis,
1909 2783 2054 2816 episcopis
2079 2784 2107 2806 et
2132 2781 2223 2806 cardi-

463 2824 475 2840 ³
486 2825 572 2855 IDEM,
585 2825 640 2850 loc.
654 2827 701 2851 cit.
713 2835 717 2850 :
731 2825 743 2838 ‘⁴
754 2825 812 2854 Qui
826 2826 974 2850 venientes
986 2825 1020 2849 ad
1035 2831 1106 2853 eum,
1119 2826 1270 2856 postquam
1329 2826 1340 2838 ¹¹
1354 2825 1467 2850 nalibus
1486 2825 1646 2856 residebat3
1663 2827 1692 2850 et
1712 2826 1742 2850 in
1770 2825 1916 2850 communi
1937 2825 2050 2849 visione
2068 2824 2148 2856 pacis
2171 2824 2220 2848 bo-

375 2867 388 2880 ‘⁴
400 2867 581 2891 renunciavit
599 2866 721 2891 schisma
748 2867 912 2895 Octaviani,
938 2865 1084 2890 Guidonis
1109 2864 1271 2890 Cremensis
1328 2867 1341 2880 “
1354 2875 1420 2892 num
1440 2869 1663 2900 expectantium,
1684 2867 1815 2900 deposita
1834 2867 1957 2892 clamide
1975 2867 2135 2899 prostravit
2149 2873 2176 2891 se
2188 2866 2219 2890 in

375 2908 388 2921 ⁸
400 2911 430 2934 et
449 2910 587 2934 Iohannis
607 2910 641 2934 de
660 2909 781 2941 Struma,
802 2912 869 2942 post
887 2911 1057 2942 promissam
1078 2914 1187 2940 quoque
1212 2908 1272 2932 obe·
1327 2910 1340 2923 “
1351 2912 1464 2938 terram,
1484 2911 1512 2934 et
1531 2910 1707 2935 deosculatis
1726 2911 1786 2934 eius
1806 2911 1941 2941 tanquam
1962 2910 2046 2942 primi
2073 2908 2222 2941 apostolo-

376 2952 540 2977 ''dientiam
562 2952 719 2976 venerabili
739 2959 811 2984 pape
830 2952 1006 2980 Alexandro,
1020 2953 1155 2982 tanquam
1174 2950 1270 2974 catho-
1329 2952 1340 2964 ‘⁴
1353 2959 1413 2976 rum
1432 2952 1561 2984 pedibus,
1580 2958 1644 2976 vere
1663 2953 1742 2984 pacis
1761 2952 1887 2976 osculum
1908 2951 1965 2975 sibi
1977 2951 2161 2975 devotissime
2174 2949 2220 2974 de-
2249 2957 2280 2985 55

376 2994 458 3018 “ilco
477 2993 604 3027 principi
624 2993 739 3025 eiusque
766 2994 974 3018 successoribus
999 2994 1137 3017 canonice
1164 2993 1275 3017 intran—

1329 2994 1431 3025 “dit„.
1470 2993 1516 3018 Cf.
1536 2994 1577 3018 De
1592 2997 1657 3025 paee
1682 2993 1776 3018 Vetula
1800 2993 1906 3022 relatio,
1932 2994 1989 3021 cit..
2015 3000 2060 3025 pp.
2087 2990 2218 3024 462-463:
