2398 3470
312 277 1987 292 ----------------------------------------------------------------------------------------------------------------------------------------------------------------------------

143 338 159 355 “
173 343 224 371 est
245 338 290 372 ab
313 348 367 376 eo.
391 337 489 381 quasi
511 337 586 380 regi
610 336 771 380 pontifex
795 335 954 369 ciuitatis.
1000 335 1072 368 Sed
1087 335 1168 378 quia
1191 343 1349 367 reuersus
1373 333 1514 366 domum
1535 332 1675 375 repetiit
1698 341 1852 364 errorem
1876 331 1995 363 dome-

147 391 308 430 “sticum,
330 396 538 424 memoratus
560 400 662 433 papa,
686 388 864 422 aduocatis
895 389 1030 421 cunctis
1065 387 1303 421 sacerdotibus
1333 392 1369 418 et
1400 386 1494 419 clero
1525 385 1559 417 in
1592 385 1744 418 ecclesia
1774 384 1867 417 beati
1897 382 1994 416 Petri

149 444 408 487 “apostolorum
438 442 614 486 princi'pis
643 441 912 484 condempnauit
942 451 1021 474 eum
1048 441 1112 474 sub
1143 440 1284 474 uinculo
1307 440 1535 472 anathematis
1548 463 1562 479 „
1580 439 1600 471 ¹.
1647 438 1726 472 Fuit
1760 444 1874 472 autem
1906 447 1998 480 papa

142 497 352 531 Theodorus
375 502 507 529 amator
528 506 728 539 pauperem,
753 495 868 538 largus
889 500 924 527 et
946 495 1091 527 multum
1114 493 1320 531 misericors,
1344 492 1404 536 qui
1432 492 1587 535 sepultus
1603 497 1655 524 est
1678 492 1723 524 ad
1746 498 1903 524 sanctum
1929 492 1996 525 Pe-

71 570 75 574 ·
99 548 118 582 5
141 554 231 583 trum
253 549 445 593 apostolum
457 549 502 590 „⁸.
613 550 616 552 ’

229 601 334 638 Anno
345 602 596 636 incarnationis
607 602 779 636 dominice
792 600 923 634 DCXL
945 608 1080 634 mortuo
1092 601 1277 639 Eraclonzn
1290 599 1438 633 surrexit
1451 609 1636 642 germanus
1653 598 1736 638 eius,
1749 599 1995 632 Constantinus

141 655 292 695 nomine,
315 656 375 699 qui
396 656 556 700 regnauit
577 654 752 688 mensibus
773 654 866 687 sex⁸.
914 655 1024 687 Huius
1053 654 1265 697 temporibus
1287 653 1414 686 Paulus
1436 652 1565 696 Pyrrhi
1591 653 1606 669 “
1622 662 1811 691 successor,
1827 663 1897 685 non
1921 659 1998 686 tan-

147 711 162 727 “
175 715 291 742 tumue
314 720 400 743 sana
423 710 593 748 doctrina,
616 710 707 742 sicut
729 709 892 741 decessor
915 708 999 747 eius,
1023 709 1085 741 sed
1114 714 1235 751 aperta
1257 706 1501 751 persecutione
1525 706 1719 739 catholicos
1744 706 1887 745 cruciat,
1912 716 1995 748 apc-

59 798 62 802 2
148 762 334 796 “crIsarios
357 772 498 807 quoque
521 768 641 796 sancte
665 763 827 796 Romane
853 762 1002 795 ecclesie
1027 762 1088 805 qui
1111 762 1156 794 ad
1181 761 1256 794 eius
1280 760 1534 803 correptionem
1558 759 1654 792 missi
1677 759 1722 792 ad
1745 759 1991 792 Constantino-

58 811 59 814 ¹
81 816 122 851 10
150 815 284 859 “polim
299 821 479 857 uenerant,
503 816 627 860 partim
651 815 861 855 carceribus,
877 816 1003 857 partim
1028 815 1149 854 exiliis,
1173 814 1297 858 partim
1321 813 1525 848 uerberibus
1549 812 1681 846 affecit,
1727 812 1832 845 Unde
1857 818 1892 845 et
1915 812 2000 855 ipse,

59 862 62 865 ’
147 868 162 885 “
176 868 266 902 sicut
287 870 551 911 predecessores
574 869 675 908 illius,
699 868 743 901 ab
758 868 965 911 Apostolica
981 869 1064 902 sede
1081 869 1169 901 iusta
1193 868 1420 910 depositionis
1435 867 1566 899 ultione
1584 866 1766 899 damnatus
1790 871 1840 898 est
1855 891 1870 907 ,,
1889 865 1909 898 ¹.

233 922 371 955 Interea
393 922 506 955 Rome
532 923 700 955 defuncto
724 921 913 954 Theodoro
943 931 1045 964 papa,
1076 921 1248 954 Martinus
1278 920 1418 953 natione
1441 920 1579 952 Tuscus
1608 919 1646 951 in
1670 918 1750 951 loco
1774 919 1847 951 eius
1871 919 2000 952 consti-

145 974 262 1014 tuitur,
284 974 443 1019 seditque
466 976 566 1007 annis
595 985 646 1013 vr,
677 985 795 1007 mense
827 983 851 1006 1.
898 973 965 1006 Hic
998 975 1078 1006 dum
1109 975 1288 1007 missarum
1319 973 1486 1006 solemnia
1515 973 1561 1004 ad
1591 972 1700 1004 altare
1730 971 1797 1004 Dei
1821 972 2000 1015 genitricis

144 1027 270 1068 Marie,
293 1029 389 1072 quod
411 1028 540 1062 dicitur
563 1029 609 1062 ad
632 1027 796 1071 Presepe,
820 1027 1027 1066 celebraret,
1051 1028 1219 1070 spatarius
1249 1025 1405 1070 Olympii
1429 1026 1530 1058 ducis
1561 1026 1683 1058 missus
1706 1031 1743 1058 ut
1767 1036 1847 1057 eum
1871 1025 2001 1058 interfi-

48 1092 55 1102 τ
83 1078 122 1112 15
145 1085 254 1119 ceret,
275 1079 398 1113 diuina
412 1080 626 1124 benignitate
642 1089 826 1122 percussus
849 1079 1009 1118 cecitate,
1033 1090 1119 1122 ean.
1135 1079 1255 1113 uidere
1278 1089 1350 1112 non
1372 1077 1489 1121 potuit
1501 1077 1522 1109 ⁵.

231 1131 336 1165 Anno
359 1133 404 1166 ab
426 1133 668 1166 incarnatione
698 1132 837 1165 Domini
870 1131 1035 1165 DCXLII
1058 1132 1228 1165 defuncto
1251 1131 1490 1169 Constantino,
1525 1130 1774 1163 Constantinus
1797 1130 1885 1162 filius
1917 1129 2001 1168 eius,

147 1185 208 1228 qui
229 1191 266 1219 et
287 1185 457 1219 Constans
492 1191 545 1219 est
574 1185 767 1229 appellatus
779 1184 802 1225 ⁸,
837 1186 974 1228 accepit
1007 1185 1190 1228 imperium
1220 1185 1280 1228 qui
1307 1183 1468 1228 regnauit
1497 1184 1597 1216 annis
1627 1193 1756 1216 xxvm.
1809 1185 1824 1200 “
1838 1183 1904 1216 Hic
1938 1182 2001 1215 de-

148 1238 164 1254 “
179 1244 299 1282 ceptus
322 1244 374 1272 est
397 1249 418 1271 a
440 1238 562 1277 Paulo,
585 1239 675 1272 sicut
701 1238 884 1272 Heraclius
908 1249 992 1271 auus
1015 1239 1088 1271 eius
1105 1249 1125 1270 a
1148 1238 1273 1282 Sergio
1291 1237 1444 1271 eiusdem
1461 1237 1612 1270 ciuitatis
1634 1237 1818 1279 episcopo;
1837 1236 1998 1279 exposuit

48 1325 50 1327 ,
150 1293 165 1309 ‘⁶
178 1298 298 1336 typum
316 1293 481 1326 aduersus
498 1293 706 1325 catholicam
722 1293 836 1330 fidem,
852 1303 918 1325 nec
935 1303 1038 1324 unam
1067 1291 1140 1324 nec'
1165 1292 1251 1325 duas
1266 1291 1464 1324 uoluntates
1480 1296 1539 1323 aut
1555 1290 1774 1333 operationes
1797 1290 1834 1322 in
1857 1289 1996 1323 Christo

78 1346 122 1378 20
148 1345 346 1378 “definiens
369 1355 444 1379 esse
468 1346 694 1385 confitendas,
717 1347 816 1389 quasi
839 1345 924 1378 nihil
948 1346 1040 1378 uelle
1064 1345 1121 1378 uel
1144 1345 1283 1388 operari
1299 1345 1497 1378 credendus
1519 1345 1564 1377 sit
1587 1344 1753 1378 Christus.
1785 1344 1890 1377 Unde
1907 1343 2004 1376 Mar-

52 1406 58 1416 ⁵
99 1413 103 1416 Δ
147 1398 162 1415 “
177 1399 268 1432 tinus
289 1409 381 1442 papa
404 1405 618 1444 congregata
640 1399 754 1433 Rome
778 1400 912 1443 synodo
938 1399 1182 1442 episcoporum
1199 1399 1273 1431 CV.
1291 1398 1467 1431 damnauit
1482 1399 1546 1431 sub
1568 1398 1789 1430 anathemate
1812 1397 2002 1440 prephatos

151 1451 392 1496 “(hereticos),
414 1453 544 1496 Cyrum
565 1451 854 1491 Alexandrinum,
878 1452 1049 1496 Sergium,
1073 1452 1246 1496 Pyrrhum
1270 1457 1306 1484 et
1329 1451 1472 1484 Paulum
1499 1450 1921 1495 (constantinopolitanos
1938 1451 2005 1483 Pa-

149 1504 165 1521 “
178 1504 369 1549 triarchas).
415 1506 460 1539 Et
483 1512 561 1549 post
582 1507 651 1539 hec
672 1506 794 1539 missus
822 1506 866 1538 ab
896 1506 1107 1548 imperatore
1131 1505 1342 1538 Theodorus
1365 1505 1537 1537 exarchus
1560 1504 1637 1536 tulit
1663 1503 1854 1536 Martinum
1877 1515 2003 1547 papam

149 1558 166 1574 ‘⁴
179 1558 226 1592 de
250 1559 398 1592 ecclesia
413 1559 701 1593 Constantiniana
722 1565 756 1592 et
779 1559 1115 1601 Constantinopolim
1132 1558 1310 1601 perduxit;
1328 1559 1388 1601 qui
1404 1564 1483 1601 post
1498 1558 1565 1590 hec
1581 1557 1685 1591 exilio
1702 1558 1878 1602 relegatus
1893 1557 2004 1591 Cher-

48 1607 51 1609 *
80 1610 124 1644 25
153 1613 311 1651 “sonam,
333 1611 466 1646 ibidem
487 1613 595 1645 uitam
618 1612 737 1645 finiuit.
784 1613 894 1645 Facta
918 1618 969 1645 est
993 1618 1105 1645 autem
1129 1613 1196 1644 hec
1226 1612 1380 1655 synodus
1411 1621 1502 1643 anno
1530 1621 1623 1644 nono
1654 1611 1884 1650 Constantini,
1915 1611 1999 1643 indi-

58 1664 60 1672 ²
155 1666 170 1682 ‘⁶
183 1664 299 1699 ctione
322 1675 402 1702 vnn
418 1689 432 1706 „
450 1665 472 1698 ⁷.

236 1718 328 1752 Huic
353 1725 467 1754 autem
490 1720 658 1752 successit
682 1719 859 1762 Eugenius
882 1719 1023 1751 natione
1047 1719 1235 1757 Romanus,
1253 1729 1296 1750 ex
1318 1725 1417 1761 patre
1442 1718 1641 1758 Rufiniano,
1657 1718 1816 1762 seditque
1841 1719 1942 1751 annis
1964 1728 2004 1760 1J.

148 1771 321 1805 mensibus
343 1782 410 1805 vn.
455 1772 528 1812 Qui
551 1773 618 1806 fuit
641 1773 822 1816 benignus,
846 1773 952 1812 mitis,
983 1778 1192 1811 mansuetus,
1222 1773 1259 1804 in
1290 1771 1449 1805 omnibus
1480 1771 1643 1810 affabilis,
1667 1782 1842 1805 canonum
1866 1782 2004 1815 quoque

68 1859 69 1862 ,
147 1824 293 1858 scientia
315 1825 483 1864 eruditus,
507 1831 543 1859 et
566 1827 751 1859 sanctitate
774 1826 963 1869 preclarus,
988 1831 1023 1858 et
1045 1825 1103 1858 hic
1126 1825 1281 1868 sepultus
1303 1831 1354 1858 est
1377 1825 1423 1858 ad
1445 1831 1604 1859 sanctum
1628 1825 1767 1858 Petrum
1781 1825 1804 1858 ⁸.

56 1895 57 1899 =
83 1878 126 1911 30
236 1877 303 1912 Cui
326 1880 493 1912 successit
515 1879 712 1912 Uitalianus
735 1879 875 1912 natione
899 1879 1089 1923 Signensis,
1114 1889 1159 1911 ex
1182 1878 1363 1922 prouincia
1386 1878 1594 1921 Campanis,
1617 1879 1662 1912 de
1686 1884 1785 1922 patre
1808 1877 2006 1919 Anastasio,

57 1931 60 1933 ⁴
147 1930 307 1975 seditque
329 1932 428 1964 annis
450 1942 519 1965 xm
541 1932 719 1965 mensibus
740 1942 791 1965 vr.
838 1932 906 1965 Hic
930 1932 1124 1975 composuit
1147 1938 1296 1971 cantum,
1320 1942 1389 1975 quo
1413 1932 1519 1965 hodie
1542 1932 1694 1965 Romani
1717 1938 1859 1965 utuntur
1871 1931 1894 1964 ⁹.

238 1985 254 2002 ⁴‘
268 1985 373 2019 Circa
389 1986 456 2019 hec
471 1992 628 2028 tempora
644 1986 736 2030 regis
752 1986 935 2018 Persarum
953 1986 1092 2024 coniux,
1108 1986 1250 2018 nomine
1264 1985 1404 2025 Cesam,
1419 1986 1466 2018 de
1480 1985 1626 2018 Perside
1645 1986 1762 2018 exiens
1786 1996 1866 2019 cum
1881 1987 2005 2029 paucis

153 2038 172 2073 “1
182 2038 342 2072 fidelibus
364 2038 563 2072 christianis
583 2045 728 2082 propter
750 2039 978 2072 christianum
1002 2039 1083 2071 fidei
1107 2049 1271 2078 amorem,
1294 2038 1636 2082 Constantinopolim
1663 2039 1772 2079 uenit,
1788 2049 1856 2082 que
1880 2040 1925 2072 ab
1941 2040 2009 2072 im-

54 2122 60 2127 .
157 2093 346 2135 “peratore
370 2093 559 2126 honorifice
582 2098 754 2135 suscepta,
777 2098 856 2135 post
879 2091 1012 2136 aliquot
1035 2092 1109 2125 dies
1142 2091 1350 2135 baptismum
1386 2098 1423 2125 ut
1454 2092 1677 2126 desiderabat
1711 2092 1859 2136 accepit'
1895 2100 1929 2126 et
1964 2093 2008 2125 ab

50 2141 59 2146 “’
85 2145 128 2179 35
157 2146 331 2190 “augusta
353 2146 398 2179 de
421 2156 520 2180 sacro
543 2146 642 2180 fonte
665 2146 782 2179 leuata
805 2151 858 2179 est
872 2145 907 2178 ¹⁰.
954 2145 1061 2185 Quod
1088 2146 1141 2178 uir
1163 2146 1237 2180 eius
1266 2155 1330 2179 rex
1356 2146 1539 2179 Persarum
1572 2147 1717 2180 audiens
1748 2147 1882 2192 legatos
1900 2147 2008 2180 'Con-

242 2265 267 2291 3.
286 2257 408 2283 conden-
426 2258 509 2283 nault
526 2257 604 2283 Sauo
624 2272 655 2277 —
675 2258 699 2283 6.
713 2258 835 2283 Domini
858 2258 881 2282 C
897 2271 907 2276 -
927 2260 1040 2283 mortuo
1061 2259 1084 2283 C
1099 2258 1255 2290 capoleetera
1273 2261 1398 2283 ornata'-
1416 2258 1575 2283 Heraclona
1590 2260 1616 2283 B
1633 2266 1646 2282 e
1665 2259 1740 2283 Sasso
1755 2273 1786 2277 --
1807 2266 1830 2292 7.
1850 2259 1924 2284 Pirri
1940 2260 1964 2285 C
1976 2273 2009 2278 —

153 2298 178 2325 8.
198 2299 327 2325 decessor
339 2300 405 2332 ,elus
425 2300 542 2326 Pam-cs
560 2302 603 2325 set
621 2302 718 2333 aperte
740 2300 774 2329 C;
793 2300 858 2325 AB
875 2299 1007 2331 conformi
1023 2301 1113 2329 Bana,
1132 2303 1171 2332 op.
1190 2302 1235 2325 cie.
1256 2315 1287 2319 —
1311 2308 1350 2325 ιι.
1365 2302 1440 2325 iusta
1460 2301 1651 2333 depositionis
1670 2302 1781 2326 ultione
1802 2303 1828 2326 B
1846 2310 1938 2327 manca
1953 2303 1979 2327 B
1996 2311 2009 2326 e

153 2341 230 2367 Sana
250 2356 281 2361 —
304 2349 344 2374 ¹3·
363 2343 524 2375 solempnia
544 2343 568 2367 C
579 2356 611 2360 —
627 2349 668 2367 20.
680 2342 812 2367 deficiens
827 2343 851 2367 C
863 2356 871 2360 -
886 2342 977 2367 nichil
993 2343 1016 2368 C
1027 2355 1038 2361 -
1053 2342 1098 2367 nel
1113 2343 1138 2367 B
1151 2350 1243 2368 manca
1257 2356 1290 2360 —
1304 2350 1347 2368 21.
1360 2343 1514 2377 prephatos
1533 2351 1627 2368 manca
1640 2343 1667 2367 in
1679 2343 1703 2368 A
1716 2344 1742 2367 B
1755 2357 1787 2362 —
1803 2350 1844 2369 22.
1859 2344 1972 2370 Pirrum
1989 2344 2013 2368 C

57 2411 61 2413 μ
158 2397 188 2404 -
208 2391 251 2417 23·
269 2391 387 2410 exarcus
401 2386 468 2411 6-
482 2392 526 2418 ²4·
541 2385 575 2410 de
594 2385 741 2410 ecclesiam
763 2386 786 2409 C
805 2397 838 2403 —
859 2391 947 2417 24-25.
967 2386 1105 2418 religatus
1124 2384 1279 2410 Cer-sonam
1302 2385 1325 2410 C
1341 2399 1374 2404 —
1388 2392 1430 2419 27·
1450 2385 1615 2411 Ruffiniano
1630 2387 1657 2411 B
1668 2394 1682 2410 e
1699 2386 1776 2411 Sam
1789 2399 1823 2404 —
1837 2385 1880 2411 28.
1892 2387 1939 2416 VI,
1952 2386 2011 2411 AB

67 2428 69 2431 “
107 2431 122 2458 5
154 2425 216 2455 vn,
238 2426 272 2458 σς
291 2425 320 2452 L.
339 2427 370 2452 P.
390 2427 410 2456 Ι,
430 2434 495 2460 341:
516 2443 573 2452 ....
587 2427 662 2452 sedit
681 2435 746 2452 ann.
764 2426 798 2455 11.
819 2433 906 2451 mens.
926 2432 996 2458 va
1015 2427 1075 2452 dies
1093 2433 1185 2453 xxnn
1204 2441 1236 2446 —
1258 2434 1300 2461 ²9·
1325 2435 1381 2460 quo
1401 2428 1525 2453 sciencia
1547 2429 1571 2453 C
1587 2441 1619 2446 -
1641 2434 1683 2460 32-
1708 2427 1824 2453 Persida
1842 2428 1866 2452 Α
1884 2428 1916 2458 C;
1941 2436 2010 2452 come

152 2468 176 2493 tl
191 2471 295 2502 Μ
314 2469 336 2493 Β
354 2469 399 2494 det·
412 2468 474 2494 θοαί.
487 2469 519 2493 dx·
535 2469 650 2494 Faunus
664 2483 696 2487 —-
709 2474 797 2501 34-35.
810 2471 838 2493 et
857 2469 890 2494 ab
902 2471 1023 2502 augusto
1038 2470 1065 2494 B
1074 2477 1088 2493 e
1107 2469 1197 2500 Saum
1217 2470 1252 2495 ab
1265 2472 1385 2503 augusta
1403 2470 1428 2494 Α
1440 2471 1481 2495 B:
1498 2477 1623 2503 contggo
1635 2478 1690 2494 con
1703 2470 1819 2496 PAULus
1831 2470 1877 2495 clue
1890 2470 1916 2494 R
1927 2471 2010 2502 copia.

242 2548 250 2566 ¹
270 2549 360 2580 Bana,
380 2550 422 2575 De
440 2557 486 2574 sex
503 2552 581 2575 aetat.
600 2550 698 2574 mundi
716 2549 764 2574 cit.
785 2550 992 2575 letteralmente
1006 2557 1050 2575 co·
1194 2549 1206 2566 ⁶
1225 2551 1315 2581 Bam,
1338 2555 1378 2584 op.
1402 2553 1447 2577 cit.
1483 2559 1502 2576 R
1526 2559 1659 2584 cori-egge
1686 2552 1768 2576 Bana
1797 2559 1850 2577 con
1880 2551 2004 2583 Pautus,

154 2593 243 2625 plato.
1107 2594 1141 2623 V,
1161 2600 1202 2619 vr.
1529 2622 1533 2626 ,

242 2632 254 2650 ¹
272 2634 302 2660 L.
321 2635 361 2664 P..
380 2635 401 2664 1,
421 2641 481 2668 334.
1195 2635 1206 2652 ⁷
1226 2637 1316 2668 Bana,
1335 2640 1375 2669 op.
1394 2638 1438 2662 cit.
1459 2645 1475 2661 n
1491 2638 1575 2670 copia
1591 2637 1807 2665 letteralmente,
1827 2637 1933 2661 omette
1953 2637 2008 2661 sol-

9 2677 13 2698 ?
66 2704 70 2706 ‚
96 2682 128 2701 ιο
242 2674 254 2693 ⁸
275 2677 365 2707 Bana,
388 2681 428 2709 op.
454 2677 511 2706 cit..
530 2676 655 2708 Faunus,
676 2677 722 2705 IV,
742 2683 819 2705 xux,
845 2677 1012 2702 attribulsce
1037 2683 1054 2701 a
1107 2678 1198 2707 tanto,
1218 2677 1294 2711 dopo
1325 2678 1442 2702 “vitam
1467 2677 1563 2702 finivit
1576 2687 1603 2709 „:
1633 2678 1755 2702 “multis
1776 2679 1805 2702 in
1826 2678 1925 2702 eodem
1945 2677 2009 2702 loco
2039 2677 2051 2694 2

156 2718 330 2744 Costantino
350 2718 384 2743 28
403 2720 472 2744 anni
494 2719 524 2743 dl
544 2725 639 2751 regno.
1110 2719 1123 2732 ‘⁴
1135 2720 1273 2744 virtutum
1292 2720 1383 2753 signis
1404 2728 1490 2752 usque
1508 2720 1596 2745 hodie
1615 2720 1759 2752 refulgens
1774 2738 1796 2750 ,,.

242 2760 255 2777 ⁴
275 2761 359 2791 lnam,
377 2764 418 2793 op.
436 2762 481 2787 cit.
500 2768 518 2785 n
537 2762 627 2786 multa
651 2761 770 2793 qualche
797 2762 870 2786 frase
887 2762 919 2786 ed
941 2763 1053 2793 omette,
1195 2759 1207 2776 ⁸
1226 2761 1256 2786 L.
1275 2761 1315 2791 P„
1335 2762 1355 2791 Ι,
1375 2769 1435 2794 34¹·

155 2803 242 2837 dopo,
258 2804 412 2829 verberans
429 2803 525 2836 afficit,
545 2812 582 2829 un
603 2805 730 2837 periodo,
1197 2801 1208 2818 ⁹
1227 2803 1315 2833 IDEM,
1330 2804 1351 2835 Ι,
1365 2811 1430 2837 343:
1452 2803 1466 2816 ‘¹
1477 2820 1485 2829 .
1496 2823 1502 2829 .
1513 2821 1520 2829 .
1531 2821 1538 2829 .
1562 2803 1636 2828 sedit
1661 2811 1726 2828 ann.
1752 2809 1830 2835 κω),
1851 2811 1928 2828 mens
1943 2808 2009 2836 vx..

244 2844 256 2862 ⁵
275 2845 307 2871 L.
324 2846 366 2878 R,
400 2846 420 2874 1.
448 2845 579 2879 336·338:
609 2847 621 2860 ¹⁴
634 2862 684 2871 ....
703 2846 777 2871 sedit
800 2854 864 2871 ann.
884 2853 917 2872 vx
937 2854 1023 2872 mens.
1042 2853 1054 2872 1
1188 2844 1209 2861 ¹⁰
1228 2845 1353 2875 paunus,
1373 2846 1421 2876 1v,
1447 2853 1470 2871 L.
1498 2853 1516 2870 a
1537 2846 1667 2871 modifica
1688 2846 1716 2870 la
1743 2846 1828 2871 srase:
1848 2846 1861 2859 “
1946 2854 2011 2879 post

156 2937 211 2956 con
233 2931 246 2944 ⁸
257 2931 366 2956 Videns
381 2939 455 2963 crg0‚
470 2934 521 2956 cte.
534 2948 558 2963 „,
581 2939 596 2956 e
610 2932 718 2956 l’altro:
736 2932 748 2945 “
760 2932 812 2956 Sed
826 2932 1016 2963 1)eus,etc....
1030 2950 1052 2962 „.
1111 2931 1123 2943 ‘¹
1135 2933 1252 2962 ct....„.

97 2893 127 2921 ις
156 2888 218 2914 <nes
229 2895 304 2914 xxw
315 2906 340 2920 ,μ
380 2896 397 2913 κ
412 2890 495 2914 sunta
510 2889 517 2913 l
533 2889 588 2914 due
602 2889 713 2922 periodi
727 2889 777 2914 che
790 2890 983 2920 comInciano,
996 2897 1053 2914 uno
1110 2887 1123 2900 “
1135 2888 1253 2920 aliquod
1279 2889 1339 2913 dies
1349 2906 1356 2918 ,
1381 2891 1413 2914 ut
1440 2890 1633 2919 desiderabat,
1659 2890 1832 2922 baptismum
1858 2891 2009 2914 consecuta
2061 2895 2070 2901 ·

140 213 222 250 [ΑΛ.
242 213 276 242 c.
295 214 448 247 ⁶40-042]
724 204 1013 242 ROMUALDI
1041 202 1403 240 SALERNITANI
1917 197 1986 236 127
2019 209 2232 233 Musae-¹2⁵⁴&

2074 451 2093 465 c.
2110 451 2150 469 154
2157 451 2171 465 α

2049 589 2211 610 Constanemus

2085 623 2106 637 a.
2122 617 2161 640 640

2025 908 2038 933 †
2047 909 2067 928 T
2064 908 2241 933 heodomspapa

2036 935 2155 955 Martinus
2165 937 2228 959 papa

2050 968 2071 981 a.
2086 961 2112 982 C.
2129 962 2218 987 ⁶49-653

2032 1119 2142 1139 Constans
2152 1120 2176 1139 ΙΙ
2180 1121 2241 1144 papa

2081 1152 2101 1166 a.
2118 1147 2146 1166 (3,
2162 1148 2200 1170 642
2236 1166 2242 1171 ,

2077 1306 2096 1320 c.
2114 1306 2151 1324 ¹5«
2160 1300 2173 1320 b

2041 1709 2161 1734 Eugenius
2174 1711 2235 1734 papa

2049 1742 2069 1756 a.
2086 1737 2112 1757 C.
2128 1737 2217 1762 654·657
2276 1740 2278 1742 “

2034 1870 2163 1890 Vilale'auus
2184 1872 2246 1895 papa

2057 1903 2078 1916 a.
2095 1897 2122 1917 C.
2137 1898 2225 1922 ⁶57·⁶7²

2086 2109 2106 2123 c.
2124 2109 2184 2128 ¹552
