2398 3470
191 232 388 260 amaea
432 219 481 255 60
996 217 1285 254 ROMUALDI
1311 216 1678 254 SALERNITANI
1835 223 1921 258 [ΛΑ.
1934 223 1968 252 c.
1983 224 2167 252 iso-ioa-u.
2181 231 2206 253 ο.
2227 222 2304 258 sm]

226 426 247 441 .,
263 394 394 445 ςῗῗὲξῗξζζ
431 402 540 435 finiuit
555 408 591 435 et
605 402 762 444 sepultus
785 407 837 434 est
860 412 938 434 cum
955 400 1123 434 fratribus
1138 400 1207 433 suis
1223 399 1241 432 ¹.
1290 399 1460 432 Anicetus
1483 400 1623 433 natione
1647 400 1757 445 Syrus
1774 411 1817 432 ex
1831 406 1932 443 patre
1949 401 2086 445 ‘joanne
2104 408 2188 446 «post
2204 403 2297 436 hunc

269 560 292 600 ζ’,
309 555 387 604 219¹?ss
513 563 618 595 Anno
641 562 686 595 ab
709 562 946 595 incarnatione
969 561 1110 594 Domini
1133 560 1266 593 CLXII
1290 566 1325 593 et
1341 570 1433 593 anno
1457 560 1500 594 ab
1525 561 1611 594 urbe
1635 561 1780 595 condita
1803 561 2005 596 DCCCCX.
2050 563 2191 597 Marcus
2222 564 2298 597 An-
2345 565 2364 598 5

210 2145 277 2193 {⁰¹3
292 2173 377 2195 ¹⁶24„
417 2152 616 2190 extiterunt,
633 2150 804 2194 multique
820 2149 855 2182 in
871 2149 923 2182 eis
938 2155 1139 2182 sanctorum
1156 2150 1316 2183 coronati
1330 2156 1419 2183 sunt.
1459 2150 1652 2183 Cessauere
1676 2150 1779 2195 hujus
1802 2151 1939 2193 imperii
1962 2161 2055 2183 anno
2071 2160 2150 2184 vm.
2190 2151 2294 2186 Soter

427 356 462 383 et
484 349 702 382 Herodianus
725 348 972 392 grammaticus
1002 348 1122 391 optimi
1144 347 1336 391 pollebant.
1380 346 1466 379 Pius
1497 352 1613 380 autem
1637 347 1752 380 Rome
1781 347 1966 391 episcopus
1990 349 2157 393 martyrio
2187 350 2294 383 uitam

429 455 580 498 suscepit
602 455 809 488 Ecclesiam.
856 455 925 487 Hic
948 455 1108 497 precepit
1130 459 1167 486 ut
1191 453 1306 486 nullus
1330 452 1482 486 clericus
1501 463 1640 487 comam
1663 453 1822 493 nutriret,
1839 455 2032 488 secundum
2056 456 2204 498 apostoli
2219 467 2299 499 pre-

428 515 579 552 ceptum.
626 508 670 541 Et
693 509 730 541 in
752 508 906 541 martirio
931 513 1115 541 coronatus
1139 513 1201 546 est,
1226 512 1261 539 et
1283 507 1418 550 positus
1442 507 1477 540 in
1501 507 1675 540 Vaticano
1688 507 1710 540 ².

427 616 541 649 tonius
564 615 677 649 Verus
701 626 779 648 cum
802 615 914 648 Lucio
938 614 1086 648 Aurelio
1109 613 1302 647 Commodo
1333 614 1443 647 fratre
1468 619 1609 658 quartus
1633 615 1791 649 decimus
1814 615 1859 648 ab
1881 615 2043 659 Augusto
2064 626 2211 660 regnum
2240 627 2299 650 su-

429 670 551 712 scepit,
564 669 759 712 mansitque
772 669 808 701 in
821 679 864 702 eo
880 669 981 700 annis
998 677 1103 700 xvnn
1116 666 1139 700 ³.
1191 669 1206 685 ‘⁶
1219 667 1280 699 Hii
1295 667 1444 710 primum
1461 678 1552 711 equo
1568 667 1644 711 jure
1659 668 1845 712 imperium
1862 670 2203 711 administraueruut,
2219 680 2298 704 cum

432 725 447 740 “
459 733 568 766 usque
586 722 632 755 ad
647 722 684 755 id
700 728 837 764 tempus
853 721 980 765 singuli
997 720 1147 764 Augusti
1162 720 1297 753 fuerint
1307 719 1331 753 ⁴.
1377 721 1514 754 Bellum
1530 727 1654 754 cont-ra
1677 721 1835 762 Parthos,
1860 723 1919 766 qui
1942 722 2210 762 rebellauerant,
2226 734 2301 757 am-

431 777 446 793 “
459 775 610 808 mirabili
626 775 753 807 uirtute
771 780 805 807 et
820 774 986 806 felicitate
1001 779 1193 818 gesserunt,
1211 778 1312 816 atque
1335 774 1377 806 de
1399 774 1450 806 eis
1473 774 1742 818 triumpharunt.
1790 774 2038 808 Persecutioue
2054 782 2131 808 orta
2153 776 2191 809 in
2213 776 2300 810 Asia

309 845 328 860 c.
343 841 391 865 &a
433 830 448 845 “
462 828 679 871 Policarpus‚
703 833 738 860 et
760 827 903 860 Pionius
925 827 1046 859 fecere
1074 826 1286 870 martyrium.
1333 826 1374 859 In
1399 826 1515 860 Gallia
1539 827 1693 871 quoque'
1718 828 1861 871 plurimi
1892 828 2045 872 gloriose
2067 839 2132 872 pro
2157 827 2297 863 Christo

433 884 448 900 ¹⁴
461 882 666 926 sanguinem
690 881 824 913 fudere.
872 880 951 913 Nec
981 880 1090 913 multo
1114 885 1192 922 post
1222 880 1355 913 uindex
1377 881 1547 913 scelerum
1571 881 1647 914 lues
1677 882 1803 915 multas
1825 882 1894 915 late
1919 882 2132 925 prouincias,
2163 883 2297 917 Italiam

436 935 621 974 “maxime‚
645 934 864 977 Romamque
887 933 1094 974 uastauit„⁵.
1140 933 1305 967 Aurelius
1328 934 1551 974 Commodus,
1575 935 1657 967 dum
1682 945 1761 968 cum
1786 935 1895 968 fratre
1919 936 1954 967 in
1979 935 2143 968 uehiculo
2173 937 2294 970 trium-

427 988 523 1031 phali
547 989 694 1026 sederet,
718 987 835 1020 subito
858 987 1028 1031 sanguine
1053 987 1156 1026 ictus,
1181 997 1265 1020 casu
1291 987 1416 1028 morbi,
1439 999 1543 1031 quem
1567 988 1786 1031 apoplexiam
1813 989 1921 1022 Greci
1944 995 2082 1028 uocant,
2106 989 2300 1024 suffocatus

427 1041 558 1075 interiit
570 1041 592 1074 ⁶.
639 1041 817 1074 Defuncto
841 1040 1035 1073 Commodo
1059 1041 1179 1079 fratre,
1203 1041 1403 1074 Antoninus
1425 1041 1541 1075 Verus
1563 1042 1658 1074 solus
1678 1042 1873 1085 reipublice
1896 1042 2038 1085 prefuit,
2055 1053 2159 1086 quem
2177 1043 2297 1076 mirari

428 1095 576 1134 facilius,
600 1106 703 1138 quam
726 1095 872 1127 laudare
896 1100 1042 1136 oportet.
1089 1094 1193 1127 Adeo
1210 1095 1302 1127 enim
1317 1095 1617 1138 tranquillissimus
1634 1095 1711 1135 fuit,
1727 1100 1766 1128 ut
1781 1095 1826 1128 ab
1842 1095 1992 1128 infantia
2007 1097 2297 1139 quoque‘nuitum

424 1159 489 1181 nec
512 1159 557 1180 ex
579 1147 721 1192 gaudio,
745 1157 813 1180 nec
836 1158 881 1180 ex
911 1158 1046 1180 merore
1078 1147 1274 1181 mutauerit.
1320 1148 1400 1191 Ipse
1431 1149 1536 1181 etiam
1558 1158 1630 1181 non
1661 1148 1771 1181 solum
1802 1148 1874 1181 uite
1899 1148 2064 1187 moribus,
2097 1150 2160 1182 sed
2190 1149 2297 1183 etiam

426 1202 621 1235 eruditione
646 1201 873 1244 philosophus
884 1200 908 1234 ⁷.
955 1201 1023 1234 Hic
1048 1211 1128 1234 cum
1159 1202 1276 1235 omnia
1299 1201 1413 1235 Rome
1443 1212 1536 1245 equo
1565 1202 1643 1246 jure
1675 1202 1815 1245 egisset,
1845 1202 1892 1235 ad
1921 1202 2051 1234 nullam
2078 1202 2298 1237 insolentiam

424 1257 533 1289 elatus
555 1255 693 1298 imperii
717 1255 866 1299 fastigio,
891 1255 1113 1288 liberalitatis
1142 1256 1407 1298 promptissime,
1439 1256 1640 1299 prouincias
1662 1256 1799 1301 ingenti
1823 1255 2047 1300 benignitatis
2077 1267 2194 1290 amore
2225 1263 2296 1290 tra-

426 1310 534 1344 ctauit
547 1308 569 1342 ⁸.
616 1309 749 1342 Contra
773 1309 966 1342 Germanos
989 1315 1024 1342 et
1046 1309 1327 1348 Marcomannos,
1344 1309 1504 1349 Quados,
1528 1309 1691 1348 Glauces,
1715 1316 1751 1343 et
1767 1309 1943 1343 Sarmatas
1966 1310 2154 1354 pugnauit:
2171 1310 2297 1355 quibus

422 1363 571 1397 deuictis
594 1362 760 1406 multique
776 1362 986 1401 interfectis,
1011 1373 1055 1396 ex
1078 1363 1130 1395 eis
1146 1363 1222 1406 ipse
1240 1374 1319 1395 cum
1336 1362 1529 1396 Commodo
1553 1363 1624 1396 filio
1647 1373 1709 1395 suo
1731 1362 1926 1401 Antonino,
1945 1372 2013 1406 que
2034 1362 2104 1406 jam
2127 1363 2294 1398 Cesaram

423 1419 569 1455 fecerat,
592 1416 828 1459 triumphauit.
874 1416 934 1449 Ad
958 1416 1060 1460 hujus
1083 1416 1167 1449 belli
1190 1422 1375 1459 sumptum,
1407 1427 1486 1449 cum
1507 1416 1588 1460 jam,
1613 1417 1726 1449 erario
1758 1416 1936 1456 exhausto,
1960 1416 2153 1461 largitionis
2182 1417 2297 1451 nullas

422 1472 576 1510 haberet,
599 1476 639 1503 ut
661 1469 827 1502 militibus
851 1470 967 1508 daret3
1000 1481 1114 1514 neque
1137 1470 1312 1503 indiceret
1334 1470 1621 1513 prouincialibus,
1645 1476 1705 1502 aut
1732 1470 1839 1514 aliqui
1870 1470 2005 1502 senatui
2027 1470 2164 1514 aliquid
2188 1471 2295 1512 uelle,

308 1543 327 1557 c.
342 1536 388 1561 <m
425 1525 653 1558 instrumenta
676 1523 765 1567 regii
788 1523 901 1556 cultus
922 1523 960 1556 in
983 1524 1062 1556 foro
1078 1524 1224 1568 Trajani
1240 1523 1362 1557 distrai
1384 1523 1495 1567 jussit,
1518 1522 1750 1562 uasa'aurea,
1766 1523 1893 1566 pocula
1916 1523 2144 1564 christallina,
2168 1530 2205 1558 et
2219 1535 2295 1558 mu-

422 1589 542 1612 renam
563 1587 739 1615 uxoream,
764 1587 806 1609 ac
829 1587 937 1616 suam,
961 1588 1094 1617 aureas,
1118 1583 1154 1609 et
1176 1578 1306 1610 sericas
1337 1583 1462 1616 uestes,
1487 1583 1522 1610 et
1546 1577 1654 1610 multa
1684 1583 1889 1610 ornamenta
1910 1586 2135 1621 gemmarum,
2161 1578 2297 1621 ‘pretio-

422 1641 606 1675 sorumque
629 1629 802 1674 lapidum3
827 1630 953 1663 horum
968 1631 1087 1674 itaque
1104 1631 1258 1663 omnium
1281 1641 1345 1673 per
1362 1631 1450 1663 duos
1467 1631 1650 1664 continuos
1672 1640 1808 1663 menses
1829 1630 1988 1664 uenditio
2011 1630 2107 1664 facta
2129 1636 2193 1671 ost,
2208 1632 2296 1665 mul·
2396 1622 2398 1627 Ι

422 1693 566 1730 tumque
589 1685 663 1717 auri
686 1685 878 1718 redactum.
924 1684 1009 1717 Post
1023 1684 1209 1717 uictoriam
1226 1690 1343 1717 tamen
1359 1684 1573 1727 emptoribus
1589 1685 1704 1727 pretia
1717 1684 1878 1717 restituit.
1926 1682 2000 1722 Qui
2014 1690 2131 1717 autem
2140 1685 2295 1719 redden

423 1744 623 1782 comparata
646 1738 841 1777 noluerunt,
865 1738 1030 1771 molestus
1053 1738 1140 1771 nulli
1164 1738 1231 1771 fuit
1243 1737 1266 1771 ⁹.
1307 1738 1348 1770 In
1363 1738 1562 1771 redditione
1578 1748 1759 1771 munerum
1772 1736 1794 1755 ¹⁰
1818 1743 1898 1780 post
1919 1737 2101 1771 uictoriam
2118 1738 2207 1772 adeo
2222 1749 2295 1771 ma-

423 1793 571 1838 gnificus
593 1792 673 1830 fuit,
689 1797 729 1824 ut
752 1797 890 1824 centum
906 1791 1008 1824 simul
1024 1791 1145 1824 leones
1161 1791 1336 1825 exibuisse
1352 1791 1509 1824 tradatur
1522 1792 1557 1823 ¹¹.
1597 1791 1758 1824 Preteriti
1782 1792 1887 1824 etiam
1910 1791 2079 1834 temporis
2093 1802 2158 1835 per
2174 1802 2294 1825 omnes

424 1846 626 1891 prouincias
647 1844 776 1878 tributa
799 1845 953 1885 donauit,
977 1845 1163 1889 omniaque
1186 1845 1356 1878 fiscalium
1387 1845 1565 1878 titulorum
1597 1845 1809 1878 monimenta
1839 1851 2006 1889 congesta
2028 1845 2064 1878 in
2087 1845 2167 1879 foro
2195 1844 2295 1889 jussit

422 1899 578 1939 incendi,
602 1899 863 1943 seuerioresque
886 1899 984 1942 leges
1006 1899 1108 1932 nouis
1131 1898 1435 1932 constitutionibus
1457 1898 1716 1941 temperauit¹¹.

2326 831 2365 863 10

853 2010 1022 2050 Qum-ra
1046 2021 1272 2046 PERSECU'HO
1295 2021 1336 2044 ru
1359 2012 1552 2045 Eccmsm.

510 2098 617 2131 Cuius
641 2103 755 2130 autem
779 2102 951 2140 precepto
983 2096 1246 2139 persecutiones
1273 2097 1562 2136 Christianorum,
1587 2104 1711 2141 quarta
1742 2104 1822 2140 post
1845 2098 2021 2130 Neronem
2049 2098 2141 2137 uice,
2171 2082 2296 2142 graues
2354 2123 2356 2125 -

513 2265 536 2283 1.
556 2257 716 2282 Erodisnus
734 2256 934 2289 grammaticus
952 2256 1079 2287 optimus
1102 2255 1126 2280 C
1143 2268 1175 2274 -—
1197 2262 1221 2281 2.
1245 2256 1386 2289 Agnlclus
1409 2255 1433 2280 C
1444 2259 1497 2288 per
1515 2256 1654 2281 Anicetus
1673 2268 1684 2274 —
1704 2255 1831 2281 Iohanne
1849 2255 1876 2280 B
1890 2255 1914 2280 C
1930 2269 1963 2274 —
1984 2262 2008 2288 5.
2028 2255 2161 2282 Marchus
2177 2257 2203 2281 A
2217 2256 2241 2282 C
2256 2269 2291 2277 —

422 2305 438 2332 7
461 2300 493 2325 hl
505 2300 531 2323 B
544 2312 555 2318 -
569 2299 852 2324 amminutmuerunt
875 2298 897 2322 C
909 2311 941 2316 -
955 2305 981 2330 9.
994 2298 1245 2331 triumphauerunt
1268 2298 1291 2322 C
1301 2311 1312 2317 -
1326 2299 1527 2332 persecuclone
1539 2298 1566 2322 B
1579 2298 1602 2322 C
1613 2311 1646 2316 -
1663 2305 1705 2331 13.
1719 2298 1897 2331 ApoplexIan
1914 2297 1938 2322 C
1950 2311 1982 2316 —
1998 2305 2039 2331 14.
2054 2299 2200 2324 Antoniis·
2211 2297 2240 2324 B
2255 2311 2290 2318 —-

425 2348 466 2373 15.
480 2341 588 2367 laudari
606 2341 629 2365 C
646 2354 657 2359 -
677 2340 803 2366 infancia
822 2341 848 2364 B
862 2340 884 2364 C
902 2353 934 2358 —-
957 2346 997 2372 17.
1017 2340 1184 2365 erudicIone
1206 2340 1250 2365 C·
1264 2340 1460 2374 phylosophus
1478 2340 1504 2364 B
1518 2340 1541 2364 C
1557 2353 1590 2358 —-
1607 2348 1648 2374 19.
1660 2340 1789 2373 Squsdos
1803 2340 1831 2364 »Α
1852 2353 1885 2358 -
1906 2346 1948 2366 20.
1963 2341 1990 2366 B
2001 2341 2152 2374 agg-iunge.-
2170 2348 2205 2367 ex
2217 2341 2260 2367 eb
2276 2354 2290 2362 ·

428 2384 450 2408 C
466 2385 545 2417 toglie
558 2391 591 2408 ex
608 2384 649 2408 eis
666 2397 696 2401 -
711 2390 754 2407 21.
768 2386 883 2408 exausta
907 2382 930 2406 C
946 2396 957 2401 -
975 2383 1145 2416 largiclones
1169 2383 1192 2407 C
1204 2397 1236 2401 —
1252 2390 1294 2408 22.
1308 2383 1392 2408 uellet
1409 2383 1433 2407 C
1444 2396 1476 2400 —
1491 2389 1533 2415 23.
1547 2383 1706 2408 cristallina
1725 2382 1752 2406 B
1765 2382 1788 2406 C
1799 2395 1831 2400 --
1847 2388 1937 2415 ²⁴·25·
1956 2384 2206 2416 preclosorumque
2223 2383 2247 2409 C
2256 2398 2290 2404 -—

381 2433 393 2459 5
426 2432 470 2458 25.
487 2426 618 2451 uendicio
641 2425 665 2449 C
683 2439 713 2443 —
736 2424 778 2450 26.
797 2426 890 2458 precia
908 2425 935 2448 B
948 2425 971 2449 C
989 2439 999 2443 -
1022 2425 1045 2449 C
1060 2425 1092 2449 dx·
1104 2426 1198 2457 prima
1217 2432 1294 2449 mano
1312 2426 1359 2450 aui
1379 2427 1486 2457 espunto
1504 2438 1538 2444 —
1558 2430 1601 2458 ²7·
1620 2424 1782 2450 reddicione
1805 2424 1829 2449 C
1845 2438 1878 2442 —
1898 2431 1941 2457 30.
1959 2425 2217 2451 constitucionibu·
2234 2426 2294 2451 Bc

422 2476 464 2501 3¹-
484 2467 645 2501 persecucio
667 2468 691 2493 C
708 2480 740 2486 —
761 2474 805 2500 3²·
825 2468 916 2493 Huius
935 2467 1013 2496 Bc‚·
1033 2467 1062 2492 tn
1077 2468 1135 2493 cu
1146 2467 1304 2500 capolettera
1321 2468 1335 2491 ἑ
1355 2468 1467 2492 minim
1486 2480 1497 2486 -
1515 2469 1728 2501 persecucIones
1746 2467 1773 2491 B
1785 2467 1809 2493 C
1826 2482 1859 2486 —
1874 2474 1916 2500 33.
1930 2467 2034 2493 Sother
2052 2467 2080 2492 B
2338 2469 2341 2472 ’

512 2544 519 2562 ¹
540 2546 566 2570 R
585 2553 642 2571 non
662 2545 813 2571 menziona
831 2546 871 2578 gli
891 2547 962 2571 annl
977 2546 1020 2571 del
1038 2545 1208 2578 pontificato
1220 2546 1249 2571 di
1270 2547 1333 2578 Plo,
1476 2544 1488 2562 ⁸
1507 2547 1594 2578 lnam,
1615 2546 1691 2577 VIII,
1715 2553 1745 2571 11
1765 2546 1805 2579 (p.
1823 2546 1897 2580 cm).

424 2588 476 2613 che
494 2588 616 2613 secondo
636 2589 655 2612 il
674 2588 730 2613 Lib.
750 2588 826 2613 hue.
846 2589 949 2613 fui-ouo
971 2596 1012 2621 19,
1026 2589 1098 2614 mesi
1117 2596 1134 2621 4
1152 2596 1167 2614 e
1185 2589 1281 2621 giomi
1301 2596 1331 2622 3³
1475 2586 1488 2604 ⁹
1507 2588 1594 2619 Insa,
1615 2588 1690 2619 VIII,
1714 2595 1743 2613 12
1763 2595 1779 2613 e
1801 2594 1831 2621 13
1853 2588 1891 2621 (p.
1914 2588 1984 2621 ¹44)·
2004 2588 2131 2614 Vlaeono
2145 2588 2295 2616 moltevu-
2370 2610 2373 2615 .

424 2630 469 2655 del
489 2631 620 2655 martirio
640 2638 699 2656 non
720 2630 798 2664 parla
818 2630 838 2655 ll
855 2630 915 2655 Lea.
934 2630 1011 2657 Pons.
1387 2631 1476 2656 rianti
1488 2639 1503 2657 e
1520 2631 1638 2664 qualche
1657 2638 1762 2656 errore.
1791 2631 1932 2663 Eutropio
1946 2631 2021 2657 dice:
2038 2631 2052 2646 ‘¹
2063 2631 2167 2665 pocula
2178 2631 2294 2665 erystal-
2345 2642 2347 2644 ·

367 2679 398 2696 10
513 2670 525 2687 ²
543 2671 589 2697 Cf.
602 2672 659 2697 Lib.
673 2673 762 2701 Pone..
775 2672 797 2703 1,
814 2678 872 2704 134.
910 2672 960 2697 Sul
974 2673 1107 2698 martirio
1119 2680 1135 2699 e
1148 2673 1174 2697 la
1187 2673 1332 2707 sepoitura
1388 2673 1401 2686 ‘¹
1413 2675 1473 2699 llus.
1485 2675 1514 2699 et
1534 2673 1691 2705 mun-hina,
1705 2675 1834 2699 uxorlam
1853 2681 1886 2698 ac
1903 2680 1984 2698 suam
1994 2674 2115 2699 sedeam
2131 2674 2162 2699 οἳ
2179 2679 2293 2699 auream
2347 2691 2350 2694 -

424 2712 460 2737 cf.
479 2712 524 2738 cio
543 2714 595 2739 che
614 2714 634 2738 11
654 2714 804 2739 Duchesne
821 2714 914 2739 scrlve
933 2714 965 2739 in
983 2714 1005 2744 1,
1025 2722 1053 2747 p.
1073 2721 1133 2740 Lxx.
1390 2715 1615 2748 “uestem....‚,.a
1628 2716 1770 2748 agglunge
1781 2716 1845 2749 poin
1859 2716 2127 2749 “pi-etlosorumque
2135 2715 2260 2749 lapidum
2269 2731 2294 2748 ,‚

513 2753 526 2771 ¹
544 2755 682 2786 mosius,
701 2756 763 2786 vn.
786 2760 827 2787 13,
850 2763 873 2784 ι.
892 2763 911 2781 κ
931 2758 1015 2789 copia
1039 2757 1122 2789 quasi
1140 2757 1197 2782 alla
1223 2757 1331 2782 lettera.
1387 2766 1402 2783 e
1421 2759 1500 2783 muta
1518 2758 1538 2782 ss
1553 2758 1742 2791 “comparata
1755 2758 1908 2782 uoluerunt
1919 2774 1933 2788 „
1952 2757 1983 2781 di
1995 2758 2137 2791 Eutropio
2151 2757 2293 2782 lns‘com·
2369 2787 2371 2791 Ι

514 2796 526 2813 ⁴
546 2798 636 2829 Bana,
656 2798 709 2823 loc.
728 2799 789 2829 cit„
808 2798 844 2824 da
863 2798 1003 2830 Oxosms,
1023 2798 1086 2829 VII,
1101 2802 1145 2829 ις,
1164 2806 1189 2824 2.
1389 2801 1511 2833 “parata
1532 2800 1684 2825 noluerunt
1695 2817 1720 2831 „.
2321 2802 2366 2822 2

513 2837 524 2854 ⁵
542 2846 561 2864 a
580 2841 664 2873 copia
681 2840 717 2866 da
737 2840 812 2866 Beda
830 2841 851 2866 n
868 2842 959 2866 brano
978 2840 1029 2865 che
1045 2840 1141 2873 questi
1164 2842 1271 2866 attinse
1296 2841 1332 2867 da
1350 2839 1356 2844 ⁰
1468 2841 1489 2859 ¹⁰
1509 2842 1594 2873 lnam,
1624 2842 1700 2873 VIII,
1732 2849 1764 2874 14
1791 2841 1830 2875 (p.
1852 2841 1930 2873 cit.):
1959 2842 1972 2856 “
1983 2841 2016 2866 In
2042 2841 2171 2866 editlone
2195 2848 2293 2870 mune·

367 2891 397 2916 ¹⁵
426 2881 579 2912 Eussnws,
598 2885 638 2914 op.
655 2883 726 2908 edlz.
745 2884 804 2913 ext„
823 2891 852 2915 p.
872 2883 933 2915 385.
1388 2883 1475 2909 “rum
1484 2902 1508 2916 η.
2350 2878 2351 2881 “

515 2921 526 2938 ⁶
546 2923 685 2955 ansms,
704 2924 767 2955 VII,
783 2932 794 2949 1
800 2930 824 2956 ς,
845 2932 861 2957 3
875 2923 917 2956 (p.
930 2924 1006 2957 255),
1019 2926 1118 2956 questo
1132 2925 1222 2950 brano
1234 2924 1249 2950 ὲ
1262 2931 1332 2959 pure
1466 2924 1485 2942 ⁸¹
1505 2926 1594 2958 Inna,
1612 2925 1667 2952 loc.
1686 2925 1736 2951 dt.

426 2964 572 2996 ripert-to
592 2965 664 2990 nens
684 2965 816 2995 Miscaua,
835 2966 890 2991 loc.
909 2965 958 2992 cit.
1466 2965 1490 2983 ¹²
1509 2967 1648 2999 onosma,
1669 2967 1732 2998 VII,
1754 2971 1794 2998 ις,
1817 2974 1847 2992 rz
1871 2965 1910 3000 (p.
1930 2967 2003 2999 256).

514 3004 526 3023 ⁷
544 3007 722 3039 Eunomus,
743 3008 818 3039 VIII,
841 3015 872 3033 10
891 3008 929 3041 (p.
952 3007 1023 3041 142).
