2398 3470
171 261 246 285 Mun..
263 266 284 281 e.
300 261 336 281 1⁶0
411 250 483 286 162
1177 250 1491 287 CHRONICON
1985 257 2036 293 [Α.
2056 258 2089 286 c.
2110 259 2268 293 875-882]

414 321 2095 329 ...--...η-ιι...---υ--η-η-...υ---ι--ι-ι-ιυ-...η-ι...ηη-..ῃη-...η..υ--..-..-..-..-...η-...μ--η-η-..η-...........-..........-..........----ιικ---ιι--ιυ---ι-ι-...ι-

406 378 474 411 que
497 368 672 410 episcopis
696 374 732 401 et
756 369 882 402 ceteris
905 368 1098 413 quibusque
1114 369 1254 402 clericis
1277 369 1526 407 assistentibus,
1543 374 1578 401 et
1592 368 1746 401 uestibus
1770 368 2018 403 ecclesiasticis
2032 370 2173 409 indutis,
2189 370 2264 413 ipse

405 422 443 454 in
465 421 598 465 gremio
623 421 758 465 Synodi
781 421 816 454 in
839 422 967 455 uestitu
991 422 1167 461 deaurato,
1191 421 1336 455 romano
1360 432 1455 454 more
1477 427 1620 464 paratus
1651 427 1686 454 et
1709 427 1905 462 coronatus,
1930 428 2073 456 cantans
2103 423 2263 466 antipho—

408 485 504 508 nam:
529 475 655 506 exaudt‘
675 486 734 507 nos
764 475 921 513 Domine,
954 475 1140 508 concilium
1177 481 1349 508 conuocat
1363 476 1384 508 ¹.
1430 474 1596 508 Preterea
1628 474 1830 508 Ludouicus
1858 485 1922 507 rex
1952 475 2139 509 Germanic
2174 476 2264 510 diem

405 527 502 566 obiit,
520 528 575 560 cui
592 528 759 560 successit
774 527 977 562 Ludouicus
995 528 1082 561 filius
1099 529 1184 561 eius.
1230 528 1300 561 Hic
1317 539 1395 560 cum
1409 527 1603 561 Saxonibus
1619 534 1741 561 contra
1757 527 1913 567 Hunnos,
1929 528 1989 572 qui
2006 539 2025 561 e
2042 529 2183 572 regione
2200 529 2263 562 Sa-

227 597 245 610 c.
263 597 301 615 ιω
316 590 329 610 b
410 591 538 613 xonum
553 586 644 620 sunt,
656 581 784 613 bellum
809 582 1028 614 committens
1045 593 1123 614 cum
1140 582 1245 614 multa
1261 591 1305 614 ex
1320 587 1465 624 utraque
1490 581 1666 613 hominum
1682 587 1798 624 strage
1815 580 2005 614 uic'toriam
2021 581 2167 624 adeptus
2177 588 2230 615 est
2241 582 2264 615 ².

183 631 374 683 cffgl'sscfflglfg‘5
493 634 599 666 Anno
624 634 756 666 domini
779 633 1078 678 DCCCLXXVIJ
1103 634 1249 667 Carolus
1272 634 1462 676 imperator
1492 632 1594 666 febre
1619 639 1801 675 correptus
1835 634 1871 666 in
1903 633 2004 666 Italia
2035 634 2170 666 letalem
2202 644 2265 678 po-

404 693 475 718 tum
497 697 636 719 ueneno
659 688 802 719 mixtum
825 687 913 720 bibit
935 697 1038 731 quem
1063 687 1128 720 sibi
1152 687 1293 719 nimium
1318 687 1467 720 dilectus
1491 697 1532 719 ac
1555 686 1717 719 credulus
1742 686 1901 719 medicus
1930 687 2064 726 iudeus,
2095 686 2262 720 Sedeeias

406 740 555 779 nomine,
580 740 676 773 dedit
698 741 818 784 sicque
842 747 997 773 mortuus
1020 747 1072 773 est
1095 751 1187 773 anno
1212 741 1285 772 eius
1307 740 1444 782 imperii
1467 739 1659 783 XXXVIJ,
1685 746 1718 771 et
1740 740 1775 771 in
1801 739 2022 773 successione
2037 739 2196 773 Lotharii
2210 750 2267 773 re-

192 793 322 812 Lu‘l‘n'sffl
337 792 365 812 H
402 795 456 836 gis
479 804 570 827 anno
595 792 680 837 11J⁸.
704 793 832 827 Carolo
857 800 973 827 autem
996 794 1164 827 successit
1186 794 1389 827 Ludouicus
1405 793 1496 826 filius
1511 793 1586 826 eius
1602 793 1638 825 in
1655 803 1812 836 regnum.
1837 799 1870 826 et
1887 793 1944 825 hic
1967 804 1988 825 a
2003 792 2158 826 Iohanne
2174 804 2266 837 papa

168 819 253 839 Balbus
270 820 321 843 imp.
341 820 378 843 877

404 853 592 880 coronatus
617 852 670 880 est
683 846 707 880 ⁴.

492 900 596 933 Anno
620 900 796 933 dominice
820 900 1071 933 incarnationis
1093 900 1441 943 DCCCLXXVIIIJ,
1464 899 1659 932 indictione
1674 898 1759 942 XIJ.
1776 898 1979 932 Ludouicus
1994 899 2085 932 filius
2099 897 2217 932 Caroli
2231 905 2266 932 et

405 953 609 986 Ludouicus
631 953 720 986 filius
742 952 926 991 Ludouici‚
951 954 1123 986 concione
1149 953 1307 992 collecta,
1331 963 1477 997 regnum
1500 952 1567 985 sibi
1589 958 1784 985 statuerunt
1806 952 1895 985 sicut
1918 962 1939 985 a
1961 952 2115 995 patribus
2141 952 2192 986 eis
2206 962 2264 985 ac-

178 1005 355 1057 LZ‘ssJ'AEZff-„ss
406 1007 539 1039 ciderat
554 1006 575 1039 ⁵.
622 1007 702 1049 Ipso
726 1017 863 1050 quoque
889 1017 979 1039 anno
1003 1007 1205 1039 Ludouicus
1229 1007 1442 1039 Francorum
1466 1007 1655 1049 imperator
1677 1005 1796 1038 Caroli
1820 1003 1920 1037 Calui
1942 1005 2033 1037 filius
2054 1010 2132 1048 post
2146 1005 2265 1038 ammi·-

190 1060 202 1083 †
218 1066 243 1079 ¹⁰
257 1061 355 1084 apr-sm
407 1060 588 1093 nistratum
612 1059 755 1092 biennio
778 1070 926 1102 regnum
948 1065 1103 1092 mortuus
1127 1066 1191 1097 est;
1217 1060 1276 1103 qui
1299 1059 1387 1091 nihil
1410 1059 1539 1092 fecisse
1570 1053 1696 1091 nomen
1727 1058 1867 1092 sortitus
1902 1064 1964 1090 est.
2010 1057 2075 1090 Uir
2105 1057 2264 1091 omnibus

403 1113 628 1147 immunditiis
663 1124 704 1145 ac
728 1113 939 1146 uanitatibus
961 1113 1086 1155 plenus
1109 1112 1199 1145 nihil
1223 1113 1314 1145 enim
1337 1119 1477 1146 strenue
1501 1113 1615 1156 gessit.
1661 1112 1729 1145 Hic
1758 1112 1944 1155 quamdam
1965 1112 2262 1145 sanctimonialem

401 1166 612 1200 monasterio
636 1166 844 1199 abstractam
867 1177 930 1199 suo
954 1166 1117 1210 coniugio
1143 1166 1338 1208 copulauit:
1363 1167 1462 1199 cuius
1485 1172 1634 1209 peccato
1669 1165 1786 1199 Gallia
1810 1164 1942 1198 afflicta
1970 1170 2023 1197 est
2052 1165 2263 1198 mortalitate

181 1221 311 1271 '1¹“12322f‘15
327 1219 366 1240 ΠΙ
405 1227 440 1252 et
463 1221 614 1253 maxima
636 1220 862 1253 barbarorum
886 1220 986 1253 clade
1000 1219 1021 1253 ⁶.
1068 1220 1251 1252 Ludouico
1273 1221 1391 1263 itaque
1416 1220 1508 1252 diem
1533 1219 1696 1258 obeunte,
1720 1218 1865 1252 Carolus
1887 1219 1977 1251 filius
2000 1219 2074 1251 eius
2104 1219 2164 1264 qui
2186 1219 2264 1252 eim-

403 1274 486 1317 plex
509 1280 561 1306 est
584 1273 708 1313 dictus,
732 1280 830 1315 patre
856 1273 1007 1311 orbatus,
1031 1273 1065 1305 ei
1088 1273 1125 1305 in
1147 1273 1331 1315 imperium
1358 1273 1535 1305 successit.
1582 1272 1782 1305 Ludouicus
1796 1277 1913 1305 autem
1929 1271 2102 1304 Ludouici
2119 1272 2264 1305 Germa-

403 1328 459 1360 nie
482 1327 574 1370 regis
597 1326 686 1358 filius
708 1326 931 1370 suggestione
966 1325 1184 1369 quorundam
1215 1336 1353 1358 suorum
1386 1326 1575 1359 amicorum
1598 1325 1695 1358 uenit
1724 1326 1760 1358 in
1792 1324 1941 1358 Galliam
1965 1325 2011 1357 ad
2034 1325 2261 1368 optinendum

403 1391 494 1413 eam:
519 1386 555 1412 et
576 1386 615 1412 ut
638 1380 803 1423 cognouit
826 1380 921 1422 quod
946 1390 1021 1412 eam
1047 1379 1203 1422 optinere
1228 1389 1297 1412 non
1320 1385 1447 1422 posset,
1469 1380 1505 1410 in
1530 1378 1750 1412 Germaniam
1765 1384 1818 1411 est
1833 1388 2004 1411 reuersus.
2048 1378 2115 1410 Hic
2132 1378 2263 1412 utiliter
2285 1380 2328 1411 20
2378 1424 2380 1426 Ι

191 1451 211 1465 c.
228 1450 266 1468 ιη
286 1450 300 1464 a
403 1432 499 1472 sibi,'
523 1443 565 1466 ac
589 1442 697 1476 regno
720 1433 850 1465 uiuens·
866 1443 937 1465 non
960 1432 1067 1465 multo
1091 1438 1171 1474 post
1192 1439 1348 1474 tempore
1373 1432 1518 1464 moritur
1530 1431 1551 1464 ⁷.

190 1487 209 1507 C
255 1488 260 1498 '
490 1486 595 1520 Anno
619 1486 795 1519 dominice
811 1486 1062 1519 incarnationis
1078 1485 1374 1529 DCCCLXXXJ‚
1392 1486 1584 1518 indictione
1601 1485 1697 1529 XIIJ.
1714 1485 1860 1518 Carolus
1874 1485 2020 1528 simplex
2033 1485 2169 1518 Italiam
2183 1496 2263 1528 per-

208 1493 370 1507 sst'ommarrnns

169 1515 196 1534 μ’
256 1522 260 1525 ’
296 1516 350 1533 8--0'

174 1515 291 1538 mmmm
311 1520 320 1533 ²
346 1515 370 1538 ⁸4
402 1540 500 1579 rexit,
524 1541 742 1583 Romamque
766 1540 910 1572 ueniens
934 1550 954 1571 a
977 1540 1132 1571 Iohanne
1156 1550 1248 1584 papa
1271 1539 1460 1581 imperator
1481 1545 1605 1571 unctus
1629 1545 1680 1571 est
1691 1538 1714 1571 ⁸.
1760 1539 1830 1571 Iste
1859 1539 1983 1571 multos
1997 1549 2019 1571 a
2033 1538 2103 1571 suis
2117 1539 2263 1572 maxime

402 1593 543 1636 quidem
567 1604 588 1625 a
610 1593 767 1627 Roberto
791 1604 852 1626 suo
877 1593 1038 1636 principe
1063 1593 1200 1626 labores
1223 1593 1260 1624 in
1283 1603 1345 1625 suo
1369 1592 1540 1636 regimine
1564 1593 1707 1635 pertulit
1720 1592 1742 1625 ⁹.
1789 1592 1897 1635 Apud
1924 1592 2263 1635 Constantinopolim

206 1647 251 1666 Lm
270 1646 304 1666 Vl
319 1647 342 1666 εἴ
403 1657 488 1679 uero
511 1647 587 1679 Leo
611 1652 646 1679 et
669 1647 874 1679 Alexander
895 1646 955 1679 filii
978 1646 1099 1679 Basilii
1122 1645 1407 1678 Paracemomeni
1431 1653 1514 1678 tunc
1537 1645 1755 1688 imperabant
1768 1644 1802 1678 ¹⁰.

187 1673 367 1693 Constantinum.

176 1700 288 1752 ‘3135ss
296 1700 365 1746 32¹¹!
487 1700 590 1733 Anno
614 1700 791 1733 dominice
814 1699 1064 1732 incarnationis
1087 1698 1418 1742 DCCCLXXXIIJ.
1443 1699 1616 1731 Iohannes
1638 1709 1741 1742 papa,
1754 1704 1939 1742 postquam
1963 1698 2085 1731 decem
2101 1708 2210 1732 annos
2225 1704 2261 1732 et

400 1763 536 1786 menses
558 1753 593 1786 V
614 1762 794 1786 romanam
816 1753 1025 1796 gubernauit
1047 1752 1246 1791 ecclesiam,
1271 1753 1457 1785 defunctus
1484 1757 1536 1785 est
1550 1751 1584 1783 ¹¹.

494 1885 518 1910 3.
539 1877 703 1901 antifonam
725 1877 749 1902 C
767 1889 799 1893 —
818 1875 843 1900 6.
862 1874 951 1900 Anno
972 1883 987 1899 a
1006 1875 1126 1899 Domini
1142 1875 1166 1900 C
1183 1887 1194 1892 -
1214 1875 1348 1899 lethalem
1368 1875 1394 1899 A
1414 1875 1440 1899 Β
1459 1889 1490 1893 -
1511 1873 1536 1900 8,
1557 1876 1653 1907 sicque
1666 1876 1796 1899 mortuus
1815 1876 1857 1900 est
1875 1874 1900 1899 A
1920 1875 1947 1899 Β
1964 1882 2058 1899 manca
2078 1888 2110 1893 ——-
2128 1882 2155 1908 9.
2167 1874 2259 1900 tercio

407 1923 430 1946 C
448 1935 456 1940 -
475 1921 583 1946 Ioanne
604 1921 684 1946 Sasso
703 1935 735 1939 —
759 1928 798 1945 11.
812 1920 974 1946 indictione
987 1919 1040 1945 XII
1057 1919 1081 1943 A
1102 1920 1129 1944 Β
1146 1927 1241 1944 manca
1261 1933 1294 1937 —
1317 1926 1355 1944 12.
1377 1933 1409 1937 —-
1429 1920 1504 1944 sicut
1523 1920 1652 1952 patribus
1673 1920 1730 1944 suis
1749 1920 1775 1943 A
1796 1920 1822 1943 B
1840 1933 1873 1938 —
1894 1926 1936 1951 13.
1955 1921 2106 1952 postquam
2126 1920 2157 1948 C,
2175 1926 2259 1952 quam

406 1966 541 1998 aggiunto
560 1969 641 1996 sopra
661 1966 684 1990 il
700 1966 780 1998 rig-03
805 1965 1036 1990 administratum
1052 1965 1079 1988 B
1091 1973 1105 1988 ε
1125 1964 1204 1989 sasso
1225 1977 1235 1982 -
1254 1972 1372 1996 regnum
1392 1964 1487 1988 tenuit
1506 1965 1636 1988 mortuus
1655 1965 1698 1988 est
1718 1965 1743 1990 C
1760 1977 1790 1983 -
1814 1968 1854 1994 15.
1875 1963 1967 1988 nichil
1986 1963 2010 1988 A
2030 1964 2054 1988 C
2070 1976 2104 1981 —
2126 1970 2166 1997 19.
2185 1963 2261 1988 obti-

406 2010 530 2035 nendum
548 2011 586 2040 133
605 2010 734 2035 obtinere
754 2011 782 2034 B
800 2019 814 2034 e
834 2010 914 2035 Sasso
934 2022 966 2027 —-
987 2015 1030 2034 22.
1048 2009 1134 2033 Anno
1148 2009 1290 2033 incarnati
1306 2009 1385 2034 uerbi
1401 2010 1424 2033 C
1437 2022 1445 2026 -
1460 2008 1618 2033 indictione
1630 2008 1697 2034 xm
1710 2008 1736 2033 A
1750 2009 1777 2032 Β
1789 2016 1883 2033 manca
1902 2021 1935 2026 —
1955 2014 1997 2041 ²3·
2018 2015 2034 2032 n
2051 2007 2159 2033 Ioanne
2179 2007 2259 2033 Sasso

353 2059 366 2085 5
401 2062 416 2078 a
434 2054 562 2080 Iohanne
580 2062 654 2087 papa
673 2055 844 2087 imperatore
865 2055 889 2079 C
906 2068 938 2072 —
959 2052 1001 2078 26.
1021 2054 1109 2078 Anno
1128 2053 1249 2078 Domini
1267 2054 1290 2078 C
1302 2066 1311 2071 —
1325 2053 1445 2078 Ioannes
1459 2053 1554 2084 Sasso;
1570 2053 1714 2078 Ciniziale
1733 2056 1831 2078 ornata
1852 2066 1860 2070 -
1881 2051 2108 2078 DCCCXXXIII
2126 2052 2208 2077 ABC

493 2129 503 2147 ¹
522 2130 642 2155 Annales
667 2131 813 2161 Vedastini,
830 2137 876 2155 an.
897 2128 958 2161 876.
978 2130 1010 2154 L.
1032 2130 1075 2160 P„
1094 2128 1128 2158 H,
1150 2135 1210 2158 222,
1224 2129 1304 2162 paria
1363 2129 1376 2142 ‘⁴
1387 2130 1419 2154 ut
1439 2129 1495 2153 sibi
1508 2129 1662 2153 Aristallio
1682 2130 1843 2152 occurreret
1856 2128 1935 2162 pacis
1948 2128 2051 2161 gratia.
2087 2126 2147 2156 Qui
2158 2127 2263 2153 festive

403 2172 449 2196 del
470 2172 607 2197 Concilio
626 2173 726 2197 tenuto
746 2170 871 2205 nell'878
886 2171 931 2196 nel
945 2173 1041 2203 tempo
1055 2171 1084 2195 di
1099 2170 1249 2195 Ludovico
1262 2171 1303 2195 11:
1362 2170 1375 2184 “
1386 2171 1420 2195 ad
1441 2171 1536 2195 locum
1556 2171 1736 2195 nominatum
1759 2171 1886 2201 veniens,
1900 2171 1999 2194 mutuo
2013 2177 2042 2195 se
2055 2170 2262 2199 salutaverunt,

406 2214 482 2240 “XV
500 2215 557 2239 kal.
577 2215 743 2247 septembrIs
765 2214 852 2239 indic.
875 2213 923 2245 XI,
945 2221 1021 2238 anno
1046 2213 1232 2246 pontificatus
1258 2214 1300 2238 sui
1360 2212 1481 2245 “pacem
1499 2211 1690 2236 firmissimam
1711 2213 1787 2236 inter
1807 2219 1835 2236 se
1855 2211 1990 2236 fecerunt.
2027 2212 2132 2237 Actum
2145 2213 2188 2236 est
2205 2211 2260 2236 hoc

406 2257 419 2270 ι(
432 2258 460 2281 in
481 2257 674 2282 sacratissima
693 2257 758 2281 sede
777 2257 852 2281 beati
874 2256 952 2280 Petri
972 2256 1099 2288 apostoli
1119 2257 1208 2287 sexto,
1229 2255 1306 2288 apud
1361 2253 1374 2266 ‘¹
1387 2261 1480 2279 mense
1500 2254 1728 2284 octobrio....„.

344 2309 376 2326 10
405 2298 531 2324 “Ti-eoas
557 2300 714 2329 civitatem,
734 2300 764 2324 in
785 2298 927 2331 presentia
947 2298 1060 2323 domini
1084 2297 1208 2322 Ludoici
1234 2305 1307 2322 sere·
1449 2294 1460 2312 ⁶
1480 2297 1600 2321 Annales
1620 2297 1648 2321 S.
1674 2297 1804 2321 Germani
1821 2296 1996 2325 Parisiensis,
2016 2303 2062 2321 an.
2081 2295 2148 2329 879:
2164 2294 2263 2320 “obiit

405 2342 418 2355 a
431 2342 543 2367 nissimi
564 2343 639 2374 regis
649 2359 657 2367 .
667 2359 675 2367 .
686 2359 694 2368 .
704 2359 712 2367 .
723 2359 748 2374 n·
1363 2339 1376 2352 “
1387 2332 1564 2364 Hludovicu's
1582 2338 1660 2363 filius
1679 2338 1781 2363 Karoli
1800 2338 1894 2368 Calvi,
1913 2338 1962 2370 qui
1988 2338 2063 2363 nihii
2088 2338 2157 2363 fecit
2168 2354 2193 2364 ,.
2204 2355 2226 2363 ..
2237 2356 2262 2371 „.

490 2382 501 2400 2
519 2385 639 2409 Annales
667 2384 805 2410 Vedastim'
822 2385 880 2414 cit„
898 2391 944 2408 an.
964 2382 1033 2417 876:
1054 2383 1068 2396 “
1079 2402 1083 2407 .
1094 2402 1099 2407 .
1112 2401 1115 2406 .
1126 2399 1132 2407 .
1147 2383 1251 2407 Actum
1265 2384 1306 2407 est
1361 2382 1403 2406 M.
1421 2381 1454 2406 G.
1470 2382 1516 2410 H.‚
1530 2381 1591 2411 SS.‚
1605 2381 1652 2410 ΙΙΙ,
1665 2388 1693 2414 p.
1709 2380 1767 2413 167.
1783 2380 1829 2405 Cf.
1842 2381 1962 2405 Annales
1980 2380 2125 2412 Vedastini,
2144 2387 2189 2405 an.
2202 2378 2263 2414 879.

404 2426 418 2439 “
428 2428 482 2452 hoc
500 2427 643 2459 proelium
663 2428 749 2451 nonis
768 2426 863 2451 octob.
883 2426 942 2450 ind.
964 2427 988 2451 Χ
999 2442 1023 2458 η.
1360 2424 1465 2456 ignoro
1484 2424 1550 2455 qual
1571 2424 1613 2447 sia
1633 2424 1660 2448 la
1681 2424 1760 2448 fonte
1780 2424 1830 2447 che
1850 2423 1978 2448 riferisce
1997 2423 2019 2447 il
2039 2430 2091 2448 suo
2117 2423 2262 2448 matrimo-

490 2467 502 2484 3
519 2469 607 2498 IDEM,
627 2476 673 2494 an.
692 2468 760 2502 8772
776 2468 789 2482 “
800 2485 855 2494 ....
872 2468 936 2500 Ipse
949 2467 1096 2500 (Karolus)
1113 2474 1180 2492 vero
1195 2475 1245 2500 per
1255 2468 1306 2491 Al·
1361 2466 1412 2490 nio
1432 2472 1486 2490 con
1507 2473 1563 2490 una
1586 2472 1716 2490 monaca.

343 2517 372 2542 15
404 2510 418 2524 ⁴‘
429 2518 477 2543 pes
491 2511 659 2536 Provintiae
672 2511 703 2535 in
718 2511 868 2536 Franciam
882 2510 1016 2542 repedare
1030 2510 1140 2539 volens,
1154 2512 1186 2534 ut
1200 2509 1307 2534 dicitur
1447 2506 1459 2524 ⁷
1478 2508 1597 2532 Annales
1625 2508 1770 2537 Vedastini,
1790 2508 1843 2537 cit..
1864 2515 1909 2532 an.
1929 2506 1981 2532 880
2000 2514 2017 2532 a
2036 2504 2096 2532 882.

405 2553 417 2565 α
430 2561 444 2577 a
463 2554 586 2585 quodam
605 2553 740 2579 Sedechie
760 2553 863 2578 iudaeu
883 2553 1062 2586 potionatus,
1076 2552 1107 2576 in
1123 2552 1188 2576 loco
1200 2553 1248 2584 qui
1263 2553 1306 2576 di·
1447 2548 1459 2565 ⁸
1476 2550 1563 2579 IDEM.
1584 2557 1628 2575 an.
1648 2549 1709 2575 882.
1728 2551 1848 2575 Annales
1862 2550 2055 2580 Einsidlenses‚
2073 2551 2122 2574 cit.
2136 2557 2180 2574 an.
2193 2547 2259 2579 881;

405 2595 417 2607 ‘²
427 2595 502 2620 citur
520 2595 639 2620 Mantua
660 2597 736 2620 intra
764 2595 842 2629 alpes
868 2595 981 2627 positos
1002 2594 1123 2619 decessit
1140 2602 1157 2618 a
1177 2594 1270 2618 seculo
1291 2600 1304 2618 2
1360 2591 1419 2617 ch'c
1438 2592 1506 2626 pero
1526 2593 1586 2618 ind.
1604 2592 1681 2618 XIV.

404 2638 417 2650 “
430 2645 498 2663 non.
517 2640 572 2663 oct.
591 2638 652 2663 ind.
671 2637 719 2667 XI,
733 2645 810 2662 anno
825 2638 928 2662 aetatis
941 2644 1008 2661 suae
1022 2642 1064 2669 54,
1078 2643 1167 2670 regno
1183 2643 1249 2661 vero
1263 2641 1306 2669 37,
1450 2633 1462 2650 ⁹
1480 2634 1567 2664 lom,
1587 2635 1642 2659 loc.
1662 2635 1711 2660 cit.
1730 2642 1777 2660 an.
1796 2633 1906 2666 882-84.
1925 2633 1958 2659 R.
1979 2641 2046 2666 pare
2064 2634 2149 2659 abbla
2173 2635 2261 2659 avuto

404 2678 544 2712 “imperii
563 2681 657 2705 autem
678 2686 729 2705 2..
741 2696 767 2705 ..
778 2698 791 2711 η
813 2669 835 2704 E
855 2679 889 2704 ad
909 2679 1053 2704 esciudere
1067 2686 1117 2711 per
1129 2680 1228 2710 questa
1241 2686 1305 2710 par·
1358 2679 1405 2710 qui
1436 2680 1565 2711 presente
1592 2677 1767 2708 Rimmmus,
1796 2678 1982 2703 &storiarum
2010 2678 2076 2702 libri
2105 2677 2178 2708 IIII,
2209 2676 2261 2702 lib.

341 2729 374 2747 20
403 2724 438 2752 te,
451 2730 530 2746 come
543 2723 678 2747 vorrebbe
690 2722 808 2747 l’Arndt
820 2735 852 2739 -
866 2722 908 2746 M.
929 2721 960 2747 G.
976 2722 1022 2752 H.‚
1036 2721 1094 2749 SS..
1108 2720 1184 2750 XIX,
1198 2728 1225 2753 p.
1237 2727 1304 2753 393:
1359 2720 1372 2744 I
1391 2719 1404 2752 ἓ
1426 2726 1466 2752 14.

402 2763 570 2789 Prefazione
591 2763 605 2777 “
615 2763 771 2789 Romualdi
784 2763 913 2788 Annales
926 2777 984 2794 „—‚
994 2762 1046 2787 che
1060 2762 1088 2787 ia
1102 2762 1183 2787 fonte
1196 2762 1228 2787 di
1246 2761 1305 2787 Ro·
1447 2760 1470 2778 ¹⁰
1487 2761 1736 2792 Encnammnws,
1757 2762 1828 2787 Hist.
1853 2762 1944 2794 Lang.
1970 2762 2073 2786 Benev.
2098 2762 2146 2786 cit.
2171 2760 2185 2792 ξ
2212 2766 2259 2793 523

402 2806 517 2831 mualdo
543 2813 593 2839 per
620 2807 648 2831 la
676 2806 767 2831 storia
796 2800 922 2830 francese
948 2806 991 2829 sia
1016 2806 1091 2829 stata
1119 2804 1147 2828 la
1177 2805 1304 2829 Historia
1360 2804 1493 2830 “Basilio
1514 2805 1695 2829 serenissimo
1715 2806 1837 2836 augusto
1856 2804 1902 2828 his
1922 2804 2021 2828 diebus
2041 2803 2258 2834 defuncto‚duo

402 2849 566 2873 Francorum
585 2848 751 2878 senonensis,
765 2848 839 2873 dove
853 2847 1159 2872 dell’avvelenarnento
1173 2847 1202 2871 di
1217 2846 1304 2871 Cario
1359 2844 1438 2870 “filii
1459 2847 1520 2871 eius
1539 2846 1571 2870 in
1591 2846 1713 2879 imperio
1733 2848 1800 2871 sunt
1819 2847 1913 2876 electi,
1932 2845 1964 2870 id
1983 2847 2026 2871 est
2044 2844 2102 2870 Leo
2116 2846 2258 2878 primoge-

401 2890 423 2914 il
443 2889 535 2916 Calvo
555 2899 614 2916 non
634 2892 658 2915 si
679 2891 715 2916 ha
734 2891 853 2916 traccla.
1361 2887 1464 2913 “nitus
1485 2890 1512 2913 et
1531 2888 1695 2913 Alexander
1714 2889 1918 2921 subsequens..
1931 2907 1936 2913 .
1948 2906 1988 2920 .,‚.

342 2936 355 2954 2
360 2936 374 2962 5
492 2932 505 2948 ⁴
523 2933 610 2963 Imm,
631 2941 676 2958 an,
695 2931 757 2965 878.
1447 2926 1468 2944 ¹¹
1487 2929 1511 2953 Il
1533 2929 1678 2954 chronicon
1699 2930 1829 2960 Cavense,
1851 2929 1914 2953 Cod.
1937 2927 2075 2958 cavensis,
2087 2927 2135 2957 111,
2148 2925 2210 2952 cosi
2222 2927 2259 2952 ha

491 2974 503 2991 ⁵
522 2975 608 3005 IDEM,
628 2983 673 3000 an.
693 2974 758 3007 878:
782 2975 853 3000 “....
877 2974 1059 2999 illudovicus
1078 2974 1164 2998 etiam
1189 2979 1246 3003 rex,
1271 2972 1303 2996 fi·
1358 2971 1453 2997 all’an.
1472 2970 1539 2996 882:
1560 2970 1705 2996 “Ioannes
1725 2979 1798 3005 papa
1818 2972 1929 2996 occisus
1949 2973 1990 2995 est
2009 2978 2026 2996 a
2046 2971 2140 2995 furore
2158 2970 2257 2994 Arme-

403 3018 483 3043 “iius
501 3017 666 3047 Hludovici,
685 3018 795 3051 legatos
815 3017 895 3042 misit
918 3016 952 3042 ad
977 3016 1169 3042 Hludovicum
1197 3022 1300 3048 regem,
1359 3014 1372 3027 ‘⁴
1384 3015 1445 3040 rico
1464 3014 1525 3039 eius
1544 3014 1685 3048 dapifero,
1705 3016 1752 3046 qui
1775 3014 1874 3038 furtim
1894 3014 2019 3038 thesauri
2039 3015 2082 3037 sui
2097 3012 2197 3037 statim
2210 3013 2256 3037 ab·

2290 848 2330 879 10

2291 1096 2385 1149 15]

2285 1645 2376 1694 2⁵ss

2287 2215 2324 2241 30

2289 2426 2321 2454 35
2371 2460 2375 2464 ,

2286 2639 2322 2671 49
2367 2638 2383 2654 ³

2285 2852 2318 2878 45

2364 3040 2381 3093 ,ᾖ
