2398 3470
366 206 376 219 2
405 188 538 227 .220272
1228 188 1539 225 CHRONICON
1871 194 1876 200 ·
2083 197 2133 234 (A.
2154 199 2187 227 c.
2209 199 2303 233 ινιτ]

459 310 728 344 Mediolanensis
759 309 1045 351 archiepiscopus
1076 319 1153 342 cum
1185 310 1362 353 episcopis
1384 316 1418 343 et
1441 309 1624 343 abbatibus
1653 309 1876 352 Lombardie,
1907 319 2104 356 potestates,
2136 321 2303 354 rectores,

459 364 618 398 consules
641 369 676 396 et
698 362 794 395 multi
819 362 1008 405 prudentes
1031 362 1076 395 de
1100 363 1296 397 civitatibus
1319 363 1529 397 Lombardie
1554 364 1748 397 Ferrariam
1770 365 1817 398 ad
1840 364 2077 400 Alexandrum
2100 379 2227 412 papam
2244 369 2298 402 fe-

458 417 547 450 stino
576 427 695 461 gressu
726 414 903 448 letabundi
926 422 1107 454 uenerunt,
1138 426 1226 460 quos
1257 427 1348 460 papa
1379 423 1523 459 paterno
1555 417 1696 456 affectu,
1720 424 1822 460 prout
1852 418 1981 460 decuit,
2003 420 2241 466 benignesatis
2264 429 2299 456 et

460 469 608 502 iocunde
632 469 783 511 suscepit
799 468 820 500 ⁴.

548 521 669 555 Altera
692 533 775 555 uero
800 522 856 555 die
889 532 967 554 cum
992 522 1042 554 eis
1072 523 1108 554 in
1130 523 1251 556 maiori
1275 523 1426 556 ecclesia
1455 523 1566 556 sancti
1590 523 1735 569 Georgii
1747 523 1770 564 ²,
1803 533 2016 570 congregata
2038 529 2157 572 populi
2188 529 2301 562 multi-
2347 528 2366 562 5

459 576 577 609 tudine
609 585 734 619 magna
745 574 768 613 ⁸,
792 575 967 614 conuenit,
1000 586 1086 618 quos
1110 576 1205 608 facto
1236 576 1374 609 silentio
1398 582 1573 620 tamquam
1604 576 1693 610 filios
1716 577 1832 611 taliter
1862 585 1915 612 est
1938 579 2124 615 allocutus:
2159 582 2174 599 ⁸
2189 582 2299 616 Nouit

463 632 606 662 “uestra
628 629 803 666 discretio,
827 628 886 660 filii
910 628 1135 668 dilectissimi,
1159 629 1266 672 quod,
1290 631 1446 671 peccatis
1469 630 1596 662 nostris
1618 629 1848 673 exigentibus,
1872 632 1969 665 nauis
1992 634 2148 674 ecclesie,
2173 647 2241 679 que
2265 635 2300 668 in

461 684 475 700 “
489 689 590 726 portu
612 682 753 724 placido
777 688 811 714 et
828 681 1015 725 tranquillo
1040 682 1186 715 deberet
1210 683 1412 722 consistere,
1429 683 1518 715 adeo
1542 684 1790 725 persecutionis
1812 685 1930 718 ualide
1945 687 2117 729 procellas
2130 689 2301 728 sustinuit,

463 737 579 769 “adeo
601 736 797 779 iniquorum
821 735 997 768 hominum
1029 735 1183 768 turbines
1206 742 1241 768 et
1263 736 1386 769 fluctus
1415 736 1572 775 incurrit,
1598 737 1691 780 quod
1714 747 1806 780 pene
1836 745 1887 771 est
1918 739 1955 771 in
1977 740 2154 782 profundo
2184 742 2299 787 pelagi

463 793 477 808 ¹⁴
493 800 570 822 cum
595 799 657 821 suo
680 788 910 833 gubernatore
941 788 1110 822 demersa.
1156 789 1347 832 Imperator
1377 789 1470 822 enim
1493 790 1683 830 Romanus,
1706 791 1767 834 qui
1798 791 1982 825 ecclesiam
2012 798 2183 838 tamquam
2206 795 2299 829 illius
2328 796 2367 828 10

464 846 478 861 “
490 843 682 876 aduocatus
704 842 898 886 gubernare
922 847 958 874 et
974 841 1159 875 defensare
1176 842 1309 882 debuit,
1333 843 1560 887 impugnauit,
1577 849 1612 876 et
1627 854 1687 876 sue
1703 844 1892 878 uoluntatis
1907 856 1976 878 non
1992 847 2136 881 rationis
2151 857 2300 893 sequens

464 899 478 915 ‘⁴
491 896 680 935 arbitrium,
705 907 779 928 eam
804 906 824 927 a
839 906 901 927 sua
923 895 1054 928 unitate
1078 894 1205 934 diuisit,
1228 896 1337 929 altare
1355 902 1477 929 contra
1493 897 1600 929 altare
1616 896 1747 935 extulit,
1761 903 1796 930 et
1809 897 2050 932 inconsutilem
2066 900 2125 933 dei
2138 901 2302 941 tunicam,

464 953 657 994 “quantum
681 949 714 981 in
739 959 781 981 eo
805 948 881 988 fuit,
906 948 1065 981 diuidere
1090 959 1160 982 non
1182 949 1333 992 expauit.
1379 950 1485 983 Unde
1508 950 1746 983 ecclesiastica
1768 951 1896 984 uirtute
1912 952 2034 992 diuisa,
2058 959 2094 986 et
2106 955 2205 997 pacis
2225 955 2303 988 uin-

461 1007 475 1022 “
489 1004 569 1037 culo
592 1003 771 1040 dissoluto,
796 1002 955 1035 Romane
978 1002 1127 1035 ecclesie
1152 1002 1303 1046 dignitas
1326 1013 1415 1045 pene
1440 1003 1600 1045 deperiit,
1617 1010 1652 1036 et
1668 1014 1735 1047 que
1751 1004 1893 1038 domina
1914 1006 2072 1049 gentium
2088 1013 2123 1040 et
2136 1007 2301 1051 princeps

463 1060 477 1076 ‘⁴
490 1057 746 1101 prouinciarum
763 1057 888 1094 fuerat,
903 1056 1000 1088 facta
1016 1062 1068 1089 est
1083 1056 1146 1088 sub
1163 1056 1301 1090 tributo.
1348 1056 1394 1090 Et
1409 1057 1501 1101 quia,
1516 1057 1715 1090 imminente
1731 1058 1848 1091 ualide
1863 1060 2120 1101 persecutionis
2141 1061 2298 1100 articulo.
2328 1063 2364 1095 15

462 1113 476 1129 “
489 1111 647 1144 Romane
671 1110 820 1143 ecclesie
845 1109 1103 1152 quodammodo
1126 1115 1177 1142 est
1200 1109 1381 1143 debilitata
1404 1110 1603 1150 auctoritas,
1620 1121 1698 1143 cum
1715 1122 1785 1145 non
1808 1118 1899 1145 esset
1914 1111 1998 1156 [qui]
2021 1113 2296 1157 delinquentium

464 1167 477 1183 ⁸
492 1163 640 1197 errores'
663 1170 698 1196 et
720 1169 867 1206 peccata
891 1162 1090 1206 corrigeret,
1113 1169 1309 1196 sanctorum
1335 1168 1471 1206 patrum
1494 1169 1622 1197 statuta
1644 1170 1680 1197 et
1696 1175 1846 1198 canones
1870 1165 1914 1198 de
1938 1176 1999 1199 suo
2016 1166 2140 1199 ordine
2162 1174 2243 1202 sunt
2265 1173 2302 1201 et

461 1218 474 1234 ¹⁶
490 1217 563 1250 iure
587 1222 725 1250 mutata.
772 1215 899 1259 Sicque
923 1216 1053 1248 tactum
1079 1222 1142 1254 est,
1166 1215 1260 1259 quod
1284 1216 1471 1250 occasione
1487 1216 1589 1250 huius
1603 1217 1771 1251 scismatis
1787 1224 1823 1251 et
1838 1218 2015 1252 discordie
2030 1220 2136 1254 multe
2151 1220 2302 1255 ecclesie

462 1273 476 1288 “
490 1277 524 1303 et
545 1270 753 1303 monasteria
775 1275 853 1302 sunt
877 1269 1063 1307 destructa,
1087 1270 1249 1302 honestas
1272 1281 1316 1302 ex
1330 1276 1428 1312 parte
1451 1270 1588 1313 perdita
1604 1277 1638 1304 et
1653 1271 1776 1316 religio
1792 1271 1930 1311 uiolata,
1947 1273 2119 1307 adulteria
2139 1274 2299 1317 plurima.

464 1326 478 1341 “
493 1323 752 1363 fornicationes,
775 1323 868 1356 furta
891 1329 926 1355 et
948 1323 1136 1356 homicidia
1157 1323 1232 1355 sine
1257 1323 1397 1357 uindice
1420 1329 1650 1367 perpretrata,
1674 1325 1817 1358 castella
1840 1332 1875 1358 et
1898 1326 2002 1359 urbes
2024 1333 2105 1360 sunt
2126 1326 2241 1361 dirute
2265 1335 2300 1361 et
2323 1330 2366 1361 20

458 1379 472 1394 ‘⁶
488 1377 651 1410 incendio
676 1382 908 1415 concremate,
932 1387 988 1409 res
1010 1377 1194 1409 uiduarum
1218 1382 1253 1409 et
1277 1387 1467 1420 pauperum
1498 1377 1606 1420 prede
1630 1383 1710 1411 sunt
1734 1384 1769 1411 et
1791 1379 1979 1421 direptioni
2010 1381 2178 1424 exposite.
2223 1380 2296 1416 Sed

461 1434 475 1449 ‘⁴
489 1431 570 1464 licet
592 1431 698 1464 iustus
721 1429 825 1463 iudex
847 1437 882 1463 et
905 1430 1041 1472 patiens
1063 1430 1262 1469 retributor,
1285 1430 1390 1474 culpa
1413 1431 1551 1463 humani
1575 1432 1714 1475 generis
1743 1433 1915 1476 exigente,
1939 1434 2006 1466 iam
2029 1445 2092 1477 per
2115 1434 2239 1469 decem
2266 1442 2302 1469 et

462 1487 475 1502 ‘⁴
490 1490 570 1518 octo
593 1495 701 1517 annos
723 1484 855 1528 uirgam
880 1490 1106 1526 peccatorum
1127 1495 1231 1527 super
1255 1490 1383 1518 sortem
1406 1485 1571 1518 iustorum
1588 1485 1678 1518 iusto
1701 1485 1847 1525 iudicio,
1864 1487 1926 1520 sed
1942 1488 2091 1527 occulto,
2108 1488 2300 1532 reliquerit,

461 1542 474 1556 “
489 1545 523 1571 et
546 1537 730 1571 ecclesiam
746 1548 840 1570 suam
859 1538 1102 1580 persecutione
1117 1538 1234 1570 ualida
1248 1549 1368 1581 passus
1383 1538 1428 1571 sit
1442 1539 1667 1572 uehementer
1679 1539 1799 1583 affligi;
1816 1540 1957 1573 tandem
1974 1547 2086 1574 motus
2100 1542 2147 1575 ad
2160 1543 2297 1575 ueniam

461 1592 547 1634 “pio
570 1591 822 1634 compassionis
846 1591 948 1624 oculo
971 1590 1193 1624 afflictionem
1217 1592 1269 1624 sui
1284 1591 1404 1634 populi
1420 1582 1602 1625 miseratus
1625 1593 1764 1635 aspexit
1781 1598 1816 1625 et
1830 1603 1955 1626 nauem
1971 1593 2120 1628 ecclesie
2141 1605 2203 1628 sue
2219 1605 2298 1628 cum
2324 1596 2364 1629 25

460 1647 474 1663 “
487 1645 582 1678 Petri
605 1644 737 1677 uicario
763 1650 797 1676 et
820 1645 889 1677 suis
912 1644 1078 1678 fratribus
1102 1644 1354 1687 persecutionis
1375 1645 1471 1678 unda
1485 1655 1576 1687 pene
1592 1644 1786 1678 demersam
1809 1647 1922 1680 noctis
1938 1647 2053 1680 medio
2076 1647 2240 1688 uisitauit,
2263 1655 2299 1682 et

460 1702 474 1717 “
488 1700 532 1732 de
558 1698 676 1731 Salute
699 1698 842 1740 propria
865 1703 899 1730 et
921 1698 1039 1730 futura
1062 1697 1283 1741 tranquillate
1307 1698 1446 1741 penitus
1463 1699 1688 1741 desperantes
1711 1709 1800 1732 uoce
1823 1700 2004 1733 salutifera
2019 1701 2231 1735 confortauit
2246 1701 2301 1735 di-

461 1755 475 1770 “
488 1761 587 1785 cens:
626 1753 640 1769 ‘⁴
654 1751 841 1789 Confidite,
866 1761 932 1795 ego
954 1762 1039 1789 sum,
1064 1751 1171 1784 nolite
1194 1752 1317 1784 timere
1334 1746 1360 1792 „'.
1408 1750 1466 1784 Ad
1489 1751 1586 1785 cuius
1608 1753 1706 1785 uocis
1727 1752 1909 1795 imperium
1925 1759 2049 1787 uentus
2065 1753 2298 1788 tribulationis

459 1807 473 1822 ‘⁴
487 1805 580 1838 siluit
602 1811 638 1838 et
659 1805 753 1838 unda
777 1804 1030 1847 persecutionis
1057 1805 1198 1847 quieuit.
1244 1805 1421 1848 Operante
1437 1805 1529 1837 enim
1553 1804 1622 1845 illo,
1639 1805 1700 1849 qui
1716 1807 1912 1839 uoluntates
1933 1807 2130 1850 principum
2153 1817 2218 1851 pro
2233 1818 2294 1842 suo

460 1861 475 1877 “
487 1858 709 1901 beneplacito
732 1857 851 1901 dirigit
867 1863 901 1890 et
917 1858 1027 1890 corda
1049 1868 1182 1903 regum,
1205 1858 1295 1891 sicut
1310 1858 1397 1898 uult,
1422 1858 1568 1892 trutinat
1581 1864 1618 1892 et
1633 1858 1797 1903 disponit,
1820 1859 2008 1902 imperator
2030 1860 2220 1901 Romanus,
2236 1861 2296 1905 qui
2322 1863 2365 1895 30

460 1914 474 1930 ⁴⁶
488 1912 634 1945 uerbum
656 1912 753 1954 pacis
769 1911 890 1944 audire
905 1921 976 1943 non
990 1918 1139 1954 poterat,
1154 1917 1306 1944 mutatus
1322 1912 1358 1944 in
1374 1912 1486 1944 uirum
1503 1912 1660 1951 alterum,
1676 1922 1799 1955 pacem
1816 1912 1919 1946 modo
1935 1913 2082 1957 requirit
2097 1919 2134 1947 et
2148 1914 2298 1948 ecclesie

461 1966 476 1982 ⁸
493 1965 728 2005 concordiam,
745 1975 848 2008 quam
864 1965 1082 2007 despexerat,
1098 1975 1191 1998 nuuc
1209 1966 1402 1999 affectuose
1418 1965 1588 2008 deposcit.
1611 1966 1803 1998 Benedicta
1817 1966 1860 1999 sit
1881 1966 1997 2010 gloria
2019 1967 2158 1999 Domini
2173 1966 2219 2000 de
2234 1966 2295 2001 'lo-

461 2021 475 2037 “
489 2029 531 2053 co
553 2025 674 2052 sancto
697 2028 771 2051 suo.
816 2018 911 2051 Ecce
927 2019 1019 2050 enim
1035 2018 1133 2060 lapis,
1147 2029 1250 2062 quem
1267 2019 1471 2052 edificantes
1494 2019 1775 2062 reprobauerant,
1792 2019 1906 2052 factus
1917 2026 1970 2053 est
1984 2020 2022 2052 in
2039 2026 2145 2063 caput
2166 2021 2294 2065 auguli,

462 2075 476 2090 ‘⁶
489 2078 524 2105 et
547 2072 580 2105 in
604 2071 798 2105 summitate
823 2071 972 2105 ecclesie
1004 2071 1203 2104 collocatus.
1249 2072 1332 2105 Non
1355 2073 1398 2106 ab
1429 2072 1568 2105 homine
1591 2073 1653 2105 sed
1676 2083 1697 2104 a
1720 2073 1870 2106 Domino
1901 2068 2033 2106 factum
2057 2079 2110 2107 est
2132 2074 2236 2114 istud,
2258 2079 2294 2108 et

460 2129 475 2145 “
488 2131 539 2159 est
562 2125 722 2158 mirabile
743 2125 779 2156 in
803 2124 913 2158 oeulis
936 2124 1061 2157 nostris
1084 2126 1179 2168 quod
1210 2136 1316 2158 senex
1338 2125 1525 2170 presbyter
1553 2131 1589 2159 et
1611 2125 1774 2158 inhermis
1797 2126 1906 2159 furori
1936 2126 2159 2160 Theutonioo
2181 2127 2293 2170 potuit
2316 2128 2359 2160 35

457 2180 471 2196 “
486 2189 705 2223 propugnare
729 2185 764 2211 et
786 2178 861 2211 sine
884 2177 978 2210 bello
1001 2177 1219 2220 imperatoris
1242 2179 1432 2221 potentiam
1455 2179 1570 2221 potuit
1593 2178 1783 2212 debellare.
1830 2179 1936 2218 Quod
1959 2190 2003 2212 ex
2025 2179 2212 2214 manifesto
2227 2179 2294 2214 Dei

460 2232 620 2266 “iudicio
642 2231 817 2265 credimus
837 2231 1049 2274 prouenisse,
1073 2238 1110 2264 ut
1133 2231 1283 2264 humana
1306 2232 1469 2275 superbia
1500 2232 1686 2265 manifeste
1716 2233 1849 2266 recolat
1872 2238 1907 2265 et
1937 2237 2030 2266 totus
2052 2233 2202 2267 mundus
2222 2233 2299 2267 evi-

460 2285 610 2319 “denter
631 2290 807 2330 agnoscat,
831 2285 926 2328 quod
948 2294 1104 2328 pugnare
1129 2291 1251 2318 contra
1274 2285 1386 2318 Deum
1400 2286 1444 2318 sit
1458 2285 1683 2329 impossibile,
1708 2292 1743 2319 et
1758 2296 1861 2319 nemo
1877 2285 1969 2319 illius
1992 2287 2148 2329 potentie
2171 2286 2299 2321 audeat

461 2342 476 2358 “
488 2339 672 2372 contraire.
719 2338 821 2372 Solus
843 2338 935 2370 enim
958 2336 1154 2371 Altissimus
1177 2338 1375 2373 dominatur
1398 2339 1433 2371 in
1448 2349 1559 2383 regno
1581 2339 1770 2378 hominum,
1787 2345 1821 2372 et
1839 2340 1897 2373 cui
1912 2340 2062 2373 uoluerit
2080 2339 2177 2373 dabit
2197 2339 2298 2374 illud.

460 2392 531 2426 “Et
552 2393 634 2426 licet
657 2393 845 2435 imperator
868 2401 932 2424 nos
955 2391 999 2424 de
1023 2401 1111 2434 pace
1135 2391 1286 2425 ecclesie
1316 2399 1351 2425 et
1372 2392 1492 2426 dilecti
1515 2392 1551 2424 in
1574 2392 1713 2426 Christo
1745 2392 1805 2425 filii
1828 2399 1863 2426 et
1885 2393 2028 2427 illustris
2049 2393 2142 2437 regis
2172 2392 2297 2427 Sicilie
2321 2395 2364 2427 40

545 2513 554 2530 ι
559 2513 583 2538 3.
603 2506 715 2530 unitate
733 2505 858 2530 coniecit
877 2504 1034 2529 Watterich
1053 2507 1151 2529 annoto
1171 2505 1263 2530 Arndt
1274 2517 1308 2524 —
1325 2504 1363 2530 16.
1377 2507 1425 2537 qui
1439 2513 1534 2531 manca
1547 2505 1571 2530 A
1585 2518 1618 2523 —
1634 2504 1674 2530 18.
1687 2505 1848 2531 schismatis
1862 2505 1888 2529 A
1897 2513 1924 2535 2,
1938 2504 2000 2535 Α4,
2014 2504 2039 2529 A
2047 2511 2079 2536 5,
2092 2506 2126 2535 B,
2142 2506 2173 2537 C,
2186 2505 2300 2536 eamn,

456 2549 535 2573 Sam
552 2556 567 2572 e
584 2547 677 2573 Arndt
695 2561 728 2565 —
749 2553 791 2572 20.
810 2546 947 2572 omicidia
966 2546 990 2569 A
1011 2559 1043 2564 —
1063 2552 1106 2570 21.
1124 2545 1172 2571 Set
1193 2547 1216 2571 C
1232 2556 1245 2572 ε
1264 2547 1357 2572 Arndt
1376 2561 1408 2566 -—
1428 2554 1470 2580 23.
1489 2549 1531 2572 set
1552 2548 1574 2573 C
1592 2556 1606 2572 e
1622 2547 1714 2572 Arndt
1733 2562 1766 2566 —
1784 2555 1826 2581 34.
1846 2547 1894 2573 Set
1914 2549 1963 2573 C-
1975 2547 2108 2573 Arndt—
2123 2552 2167 2579 35.
2179 2547 2298 2573 inermis

455 2590 518 2618 Aa,
538 2589 598 2619 As,
620 2590 679 2620 Αᾼ,
698 2589 723 2614 Α
735 2596 757 2620 7,
775 2589 810 2618 Β,
833 2590 863 2618 C,
884 2589 995 2618 Curuo,
1015 2589 1096 2613 Sasso
1115 2596 1128 2612 e
1148 2588 1239 2613 Arndt
1257 2602 1269 2608 -
1288 2588 1470 2615 Theutonico
1489 2590 1523 2620 B,
1547 2591 1575 2619 C,
1595 2589 1676 2615 Sauo
1695 2598 1709 2613 e
1727 2590 1818 2615 Arndt

545 2677 552 2692 ¹
573 2677 660 2707 Boso,
680 2679 765 2703 Liber
784 2678 899 2708 Pontis..
913 2678 966 2702 loc,
979 2678 1042 2702 cit.=
1058 2675 1071 2689 ⁸
1081 2676 1114 2701 In
1127 2676 1226 2701 eadem
1239 2685 1350 2710 quoque
1492 2676 1503 2694 ⁸
1515 2678 1600 2709 Boso‚
1613 2678 1661 2703 lib
1674 2678 1786 2710 Ponttf„
1801 2679 1856 2705 loc.
1871 2680 1935 2704 cit:
1949 2679 1963 2693 ¹‘
1971 2679 2005 2703 In
2019 2679 2147 2711 sequenti
2161 2685 2229 2703 vero
2243 2678 2299 2708 die.

414 2725 427 2750 5
455 2719 469 2733 ‘⁴
483 2720 649 2752 septimana,
669 2728 731 2745 cum
750 2721 879 2755 glorioso
898 2720 1041 2752 galearum
1054 2720 1188 2748 exercitu.
1202 2719 1277 2751 quod
1290 2722 1350 2744 erat
1406 2720 1605 2754 “principales
1624 2727 1743 2754 persone
1761 2727 1815 2753 que
1834 2721 1869 2746 ab
1882 2722 2002 2753 utraque
2020 2722 2100 2753 parte
2118 2720 2241 2746 inferius
2254 2727 2300 2745 an-

457 2762 470 2776 '¹
481 2762 648 2787 delectabile
667 2764 739 2794 visu,
765 2761 922 2796 (pontifex)
941 2763 1035 2787 exivit
1060 2770 1075 2786 a
1101 2762 1231 2790 Venetia,
1253 2764 1282 2787 et
1301 2769 1351 2795 per
1406 2762 1419 2775 ‘⁴
1431 2764 1577 2794 notantur,
1588 2770 1603 2787 a
1613 2763 1738 2787 eiusdem
1749 2762 1896 2795 pontificis
1906 2763 2079 2796 presentiam
2090 2763 2299 2788 convenerunt:

455 2804 468 2817 ¹‘
480 2803 573 2828 fauces
588 2803 658 2828 Padi
673 2804 831 2835 ascendens,
845 2811 909 2829 cum
928 2804 1022 2836 gloria
1042 2805 1069 2828 et
1089 2803 1200 2827 honore
1219 2804 1299 2828 venit
1318 2804 1349 2828 in
1407 2804 1420 2818 ⁴‘
1431 2812 1465 2829 ex
1486 2805 1565 2838 parte
1585 2805 1819 2834 Lombardorum,
1839 2805 2036 2837 Aquileiensis
2054 2804 2226 2837 patriarcha,
2245 2803 2299 2829 Ra·
2330 2807 2360 2834 15

456 2847 470 2861 ‘¹
480 2853 558 2871 snam
577 2846 725 2871 civitatem
748 2846 907 2872 Ferrariam
918 2863 944 2878 η.
1404 2847 1418 2860 “
1432 2849 1583 2872 vennensls
1594 2849 1622 2872 et
1632 2847 1859 2873 Mediolanensls
1871 2847 2080 2880 archiepiscopi
2089 2848 2116 2871 et
2126 2853 2222 2872 eorum
2235 2849 2300 2871 con-

543 2886 555 2902 ²
576 2888 618 2913 La
643 2889 738 2914 chiesa
762 2889 791 2914 di
817 2889 844 2915 S.
872 2887 1006 2922 Giorgio,
1035 2890 1141 2913 situata
1171 2888 1349 2914 nell’attuale
1404 2887 1417 2901 ‘¹
1429 2889 1622 2921 provinciales
1631 2890 1767 2923 episcopi,
1780 2891 1903 2915 rectores
1916 2890 2069 2914 clviitatum
2082 2895 2146 2913 cum
2159 2889 2217 2913 suia
2228 2894 2298 2912 mar-

399 2938 430 2956 10
456 2930 549 2963 Borgo
567 2929 594 2954 S,
614 2929 746 2963 Giorglo.
765 2931 823 2955 fluo
841 2931 870 2955 al
887 2935 951 2963 ¹135
967 2929 1123 2955 cattedrale
1135 2929 1212 2954 della
1224 2928 1305 2958 eitta.
1319 2930 1349 2955 fu
1405 2930 1418 2943 ‘⁴
1430 2931 1582 2956 chlonlbus
1595 2933 1679 2964 atque
1691 2931 1852 2961 comitibus,
1866 2931 2062 2956 Salei-ultanus
2074 2936 2183 2963 quoque
2195 2929 2300 2954 ποωε-

457 2972 556 2997 rlsatta
577 2972 620 2996 nel
639 2974 841 3004 quattrocento
859 2979 884 3004 e,
904 2974 934 2997 in
955 2974 1044 3005 parte,
1064 2972 1108 2996 nel
1130 2978 1189 3005 700.
1405 2973 1418 2986 ²
1428 2973 1560 3006 plscopus
1580 2980 1642 2997 cum
1662 2972 1695 2998 R.
1715 2972 1839 2998 Adrensi
1861 2974 1981 2997 comite.
1994 2989 2071 3004 ...„.
