2398 3470
162 245 245 281 [ΛΑ.
265 245 298 275 c.
321 245 517 282 11⁷5-1176]
740 240 1030 278 ROMUALDI
1058 240 1422 279 SALERNITANI

164 314 2003 323 .....................................................................................................................................................................................................

159 369 195 398 et
216 374 285 408 quo
309 363 504 397 diuertisset
526 370 617 397 esset
639 363 865 408 incognitum,
889 370 991 397 nocte
1017 375 1095 397 cum
1126 364 1248 407 paucis
1278 363 1421 407 Papiam
1452 363 1601 396 intrauit.
1648 363 1750 396 Tunc
1781 374 1866 397 uero
1897 363 2006 397 mani-

161 417 249 450 feste
272 426 490 461 cognoscens
513 417 577 450 Dei
599 417 666 451 sibi
689 427 885 462 repugnare
908 417 1111 460 potentiam,
1134 417 1232 450 cuius
1258 417 1443 450 ecclesiam
1474 422 1509 450 et
1539 417 1712 450 ministros
1741 417 1904 460 persequi
1935 427 2004 451 non

160 468 328 508 cessabat,
350 469 396 502 ad
420 480 481 503 cor
503 470 656 509 rediens,
680 469 800 503 habito
823 470 954 504 saniori
979 470 1123 503 consilio
1139 470 1456 514 Madeburgensem
1488 470 1788 513 archiepiscopum
1803 469 1824 508 ¹,
1855 470 2005 504 electum

161 522 492 557 Guarmaciensem‘
515 529 550 556 et
573 523 870 566 protonotarium⁸
892 534 990 556 suum
1013 534 1091 557 cum
1117 523 1315 556 Christiano
1345 523 1566 563 cancellario,
1597 523 1656 567 qui
1686 523 1723 555 in
1753 522 1909 566 partibus
1938 523 2006 556 iliis

117 574 136 608 5
160 581 245 616 erat,
267 575 314 608 ad
335 574 573 608 Alexandrum
595 587 721 619 papam
743 586 808 619 pro
832 577 1078 619 consequenda
1104 586 1192 619 pace
1209 575 1406 620 Anagniam
1423 576 1551 609 direxit
1565 576 1589 609 ⁴.
1635 576 1798 616 Quicum
1817 576 2004 621 aliquantis

161 628 285 662 diebus
308 629 401 662 circa
424 640 550 672 papam
574 635 608 662 et
631 630 704 662 eius
727 629 857 663 curiam
879 639 1011 662 moram
1035 629 1212 667 fecissent,
1236 629 1354 662 habito
1377 639 1455 662 cum
1479 641 1522 662 eo
1554 635 1589 662 et
1618 629 1740 673 paucis
1770 630 2005 664 cardinalibus

159 688 296 716 secreto
319 682 421 715 nimis
443 689 479 716 et
501 683 636 726 priuato
660 684 705 716 de
727 684 832 716 modo
855 688 890 716 et
912 683 1026 716 forma
1048 681 1158 725 pacis'
1182 683 1342 722 consilio,
1366 683 1433 715 hac
1456 683 1535 727 lege
1559 688 1595 716 et
1609 683 1813 716 conditione
1828 683 2006 726 proposita

159 735 399 769 dissesserunt.
445 735 542 779 Papa
565 736 704 780 quidem
727 735 940 775 Alexander,
963 741 1084 778 utpote
1107 735 1160 768 uir
1182 736 1365 779 religiosus
1387 742 1422 768 et
1444 741 1592 774 sanctus,
1614 745 1739 778 pacem
1771 737 1921 769 ecclesie
1952 737 2005 769 af-

160 782 318 822 fectuose
343 789 556 830 desiderans,
579 789 730 823 imitatus
753 800 842 828 eum,
866 789 925 832 qui
947 799 999 827 ea,
1021 799 1090 832 que
1112 789 1149 821 in
1173 789 1258 821 celis
1280 794 1314 821 et
1337 799 1404 832 que
1431 789 1467 821 in
1498 789 1599 822 terris
1625 795 1715 829 sunt,
1746 789 1798 822 sui
1829 790 2005 833 sanguinis

99 843 137 875 10
159 842 330 876 effusione
353 843 503 886 paeanit‚
525 842 731 887 dignitatem
755 843 808 875 sui
830 841 932 876 officii
955 847 991 876 et
1011 841 1167 876 laborem
1190 842 1244 875 sui
1267 842 1423 885 corporis
1445 852 1509 885 pro
1532 841 1624 875 bono
1646 842 1744 885 pacis
1769 848 1803 875 et
1819 843 2003 877 commodo

161 905 232 929 non
254 896 424 934 attendes,
447 896 604 939 promisit
626 906 691 939 per
713 905 807 928 mare
830 906 939 939 usque
961 895 1168 929 Rauennam
1191 895 1249 928 uel
1272 895 1463 929 Ueneciam
1494 905 1653 939 pergere,
1686 901 1720 928 et
1750 896 1870 929 habito
1901 897 2006 929 Lom-

160 948 346 983 bardorum
369 949 523 988 consilio,
547 949 756 994 colloquium
780 959 858 982 cum
879 949 1088 992 imperatore
1112 949 1156 982 de
1178 949 1271 982 bono
1293 948 1392 991 pacis
1415 948 1544 982 habere
1558 948 1580 982 ⁵.

250 1002 302 1035 Eo
324 1009 480 1046 tempore
502 1002 673 1036 Emanuel
694 1003 884 1046 imperator
905 1002 1322 1046 Constantinopolitanus‚
1346 1007 1557 1047 congregato
1581 1002 1848 1035 christianorum
1881 1009 1916 1036 et
1946 1015 2007 1047 pa-

160 1065 327 1099 ganorum
351 1056 497 1089 miiitum
519 1061 555 1089 et
576 1055 744 1099 peditum,
766 1055 1023 1100 sagittariorum
1046 1061 1081 1088 et
1103 1055 1301 1088 balistarum
1325 1055 1456 1088 infinito
1485 1056 1650 1094 exercitu,
1682 1055 1864 1089 brachium
1895 1057 2007 1090 sancti

99 1107 137 1140 15
162 1108 307 1152 Georgii
330 1109 510 1147 transiens,
533 1115 661 1142 terram
683 1108 820 1142 soldani
843 1108 971 1142 Yconii
985 1111 998 1130 ⁶
1021 1108 1192 1142 uiolenter
1215 1108 1354 1149 inuasit,
1377 1114 1413 1141 et
1435 1114 1569 1151 partem
1587 1109 1660 1142 eius
1675 1119 1744 1142 non
1761 1109 1933 1143 modicam
1951 1121 2006 1143 oc·

160 1162 312 1205 eupauit.
359 1162 532 1195 Soidanus
554 1168 667 1195 autem
690 1161 735 1195 de
758 1172 820 1195 sua
840 1162 968 1195 uirtute
991 1161 1160 1202 diffidens,
1182 1172 1247 1205 per
1269 1162 1502 1195 internuntios
1524 1172 1604 1195 suos
1619 1162 1838 1206 imperatoris
1854 1173 2006 1197 amorem

159 1221 194 1248 et
216 1215 361 1259 gratiam
384 1216 468 1248 satis
489 1214 664 1249 humiliter
685 1215 883 1258 postulauit,
914 1225 980 1248 nec
1008 1224 1083 1248 eam
1113 1215 1226 1258 potuit
1257 1215 1454 1258 impetrare.
1501 1215 1658 1259 Cumque
1690 1216 1734 1249 de
1765 1217 2008 1259 recuperanda

160 1268 380 1311 imperatoris
403 1269 514 1312 gratia
535 1273 625 1302 esset
647 1269 786 1312 penitus
810 1269 1014 1312 desperatus
1036 1278 1103 1302 nec
1126 1269 1158 1301 ei
1181 1274 1298 1311 posset
1319 1269 1356 1301 in
1371 1278 1494 1311 campo
1510 1269 1679 1308 resistere,
1697 1275 1912 1314 congregata
1927 1281 2006 1303 suo-

161 1332 237 1354 rum
259 1322 494 1362 multitudine,
516 1322 552 1354 in
577 1322 732 1367 angustis
753 1322 850 1361 locis,
873 1322 967 1355 unde
991 1328 1066 1354 erat
1087 1322 1307 1365 imperatoris
1338 1323 1509 1355 exercitus
1538 1322 1755 1361 transiturus,
1785 1323 1922 1366 parauit
1950 1323 2007 1356 in-

94 1375 139 1408 20
160 1375 277 1414 sidias,
301 1381 335 1408 et
357 1386 461 1419 super
484 1375 633 1408 eundem
656 1385 700 1408 ex
721 1374 910 1418 improuiso
934 1375 1082 1416 irruens,
1106 1375 1294 1408 exercitum
1319 1375 1357 1408 in
1379 1375 1498 1420 fugam
1521 1377 1702 1409 conuertit.
1748 1375 1854 1420 Cepit
1885 1387 1928 1410 cx
1957 1378 2008 1410 eis

159 1428 284 1461 multos
306 1428 462 1465 Latinos.
485 1429 546 1472 qui
568 1428 751 1462 noluerunt
774 1428 907 1472 fugere,
930 1428 1006 1461 fere
1030 1438 1151 1461 omnes
1172 1428 1207 1461 in
1231 1438 1291 1461 ore
1314 1429 1422 1472 gladii
1445 1429 1632 1467 interemit,
1648 1430 1774 1462 multos
1797 1429 1841 1462 de
1859 1439 2007 1463 consan-

159 1481 297 1526 guineis
319 1481 538 1524 imperatoris
561 1482 704 1514 retinuit
725 1481 858 1524 pariter
879 1487 914 1514 et
936 1481 1079 1515 occidit.
1125 1482 1275 1515 Crucem
1298 1481 1521 1520 dominicam,
1545 1493 1648 1525 quam
1672 1482 1859 1525 imperator
1889 1493 2007 1517 secum

159 1534 341 1573 detulerat,
365 1541 400 1568 et
421 1541 618 1569 sanctorum
640 1534 803 1579 reliquias
826 1541 862 1568 et
883 1534 994 1578 spolia
1021 1535 1170 1578 plurima
1200 1541 1305 1579 atque
1335 1536 1533 1568 thesaurum
1557 1536 1741 1568 maximum
1767 1536 2005 1580 occupauit'''.

160 1588 263 1622 Tunc
286 1589 486 1631 imperator,
509 1589 670 1622 ammisso
692 1594 790 1622 tanto
813 1589 980 1629 exercitu,
1003 1588 1131 1622 nullam
1154 1588 1246 1622 uiam
1260 1589 1434 1623 evadendi
1449 1589 1640 1628 inueniens,
1657 1599 1735 1622 cum
1752 1590 1896 1624 soldano
1912 1596 2007 1624 treu-

94 1642 136 1674 25
159 1651 245 1686 guas
268 1642 389 1685 quales
411 1642 526 1684 potuit
547 1641 643 1682 fecit,
669 1647 704 1674 et
727 1641 779 1674 sic
801 1641 838 1674 in
860 1647 990 1675 terram
1012 1652 1120 1680 suam,
1143 1642 1247 1675 rebus
1270 1647 1305 1675 et
1328 1641 1525 1677 hominibus
1547 1643 1705 1685 perditis,
1729 1642 1867 1675 humilis
1890 1648 1925 1676 et
1954 1644 2007 1676 in-

251 1788 276 1807 2.
294 1782 459 1816 potenciam
482 1782 504 1806 C
520 1791 535 1806 e
553 1781 643 1807 Arndt
661 1795 672 1801 -
690 1789 866 1814 cognoscens
885 1782 910 1806 A
928 1789 1036 1813 mancaz
1055 1789 1176 1807 noscens
1199 1781 1337 1808 Contaeloro
1358 1795 1366 1800 -
1386 1782 1519 1807 ecclesias
1541 1782 1563 1806 C
1580 1795 1614 1801 -—
1633 1789 1659 1815 3.
1679 1782 1913 1816 Msdeburgensis
1936 1783 1958 1807 C
1974 1797 2006 1801 —

161 1833 186 1857 4.
205 1823 447 1850 Guarnaciensem
465 1825 505 1855 A3
525 1822 759 1850 Guamaciensem
777 1825 806 1849 B
824 1837 858 1844 —
886 1830 911 1856 5.
938 1826 999 1850 erat
1023 1831 1087 1850 eum
1111 1825 1179 1849 aliis
1203 1824 1357 1850 comitibus
1382 1826 1560 1858 aggiungono
1585 1826 1610 1849 Α
1622 1831 1637 1848 2
1656 1833 1670 1849 e
1692 1825 1792 1850 Carmo
1811 1839 1844 1844 —
1862 1824 1888 1850 6.
1909 1825 2008 1850 fuisset

160 1874 211 1893 non
229 1867 305 1892 circa.
322 1867 348 1892 A
366 1880 375 1885 -
393 1874 427 1892 eo
446 1869 474 1892 et
497 1867 520 1891 C
534 1866 641 1893 d’altrae
658 1874 735 1892 mano
754 1867 788 1891 nd
803 1867 949 1892 innostro
966 1875 996 1892 su
1013 1874 1113 1893 rasura
1131 1880 1164 1886 —
1185 1872 1210 1900 7.
1228 1867 1401 1892 condicione
1423 1867 1446 1890 C
1460 1875 1475 1891 e
1493 1867 1585 1892 Arndt
1603 1881 1635 1885 —
1659 1874 1698 1892 ιο.
1717 1867 1828 1901 placuit
1845 1875 1896 1892 non
1915 1868 2008 1900 placa-

162 1909 207 1934 vit
229 1909 252 1934 C
267 1922 301 1928 —
323 1916 363 1934 ιι.
383 1909 575 1934 Beneventum
594 1916 644 1934 non
663 1909 828 1934 Ravennam
848 1909 902 1934 A,
919 1916 934 1933 a
956 1909 1056 1935 Carano
1075 1922 1107 1928 —
1129 1916 1169 1942 13.
1189 1909 1373 1934 Hemmanuel
1398 1909 1420 1933 C
1435 1917 1449 1933 e
1468 1908 1561 1935 Arndt
1580 1923 1612 1926 —
1635 1916 1675 1942 ¹4·
1689 1909 1868 1934 balistarium
1885 1909 1907 1934 C
1919 1923 1950 1927 —-
1967 1909 2007 1934 16.

116 1957 130 1983 5
163 1952 362 1976 internuncios
385 1951 408 1976 C
423 1959 438 1975 ε
455 1951 549 1977 Arndt
567 1965 599 1970 —
622 1957 662 1984 17.
682 1951 867 1985 recuperandi
887 1952 911 1976 Α
932 1965 964 1969 -
987 1951 1028 1978 ι8.
1046 1953 1168 1985 gratiam
1187 1952 1211 1976 A

102 2229 135 2247 10

102 2442 132 2469 15

100 2650 134 2669 20

99 2861 131 2889 ²5

251 2053 260 2071 ¹
292 2053 306 2066 ‘¹
321 2054 523 2087 wigmannum
561 2054 831 2087 Magdeburgensem
870 2053 1056 2086 archiepisco-

164 2097 178 2110 ‘¹
282 2094 462 2122 .C.ute
515 2104 530 2120 e
619 2104 634 2120 r
690 2096 939 2120 etaeleduen
1001 2102 1056 2120 se.

188 2103 297 2154 ωηιξη
308 2096 730 2164 Οοξιῐιέυηι4ᾝοξωῖῖ1οὲἓετδη
749 2138 870 2163 electum
881 2155 906 2170 η.
941 2097 989 2121 ete
1030 2103 1048 2128 g

250 2179 261 2195 ³
283 2181 298 2195 ‘¹
309 2181 471 2206 Arduinum
482 2199 506 2213 η,

251 2221 270 2255 4,
283 2222 369 2252 Βοεο,
389 2223 474 2248 Liber
493 2222 606 2251 Pontis„
626 2223 680 2247 loc.
700 2223 764 2247 cit.:
778 2223 791 2236 “
803 2222 884 2247 Misit
896 2229 963 2255 ergo
977 2223 1008 2247 F.
1022 2223 1054 2247 ad

163 2265 176 2279 ⁸
186 2265 359 2299 presentiam
373 2264 470 2289 domni
485 2263 645 2289 Alexandri
659 2270 731 2297 pape
745 2261 971 2298 W[igmannum]
982 2263 1058 2297 Mag-

163 2306 389 2340 “deburgensem
414 2306 669 2339 archiepiscopum,
695 2305 894 2331 Christianum
914 2306 1055 2339 Magunti-

161 2348 175 2362 ⁸
188 2356 255 2374 num
273 2351 301 2374 et
321 2349 351 2374 P.
370 2348 529 2381 (cor-reggi:
548 2346 744 2382 C10nradum1)
757 2348 983 2374 Varmatiensem
1002 2350 1055 2374 eie-

164 2391 177 2404 ⁴‘
187 2393 260 2421 ctos,
278 2393 363 2424 atque
382 2389 568 2424 Arlduinum]
583 2391 816 2424 protonotarium
831 2391 921 2424 regni,
935 2393 1055 2417 maiores

163 2433 299 2467 “imperii
326 2433 480 2467 principes,
500 2441 563 2458 cum
582 2433 712 2466 plenaria
728 2435 870 2467 potestate
889 2433 1056 2467 complende

160 2475 174 2489 “
186 2477 265 2509 pacis
291 2477 367 2501 inter
391 2475 548 2501 Ecclesiam
574 2478 602 2500 et
628 2476 787 2508 imperium.
826 2474 883 2504 Qui
909 2477 1056 2502 venientes

160 2519 273 2551 “usque
299 2517 461 2549 Tiburtum,
487 2519 658 2543 nuntiarunt
686 2517 818 2550 pontifici
845 2519 953 2543 sedenti
981 2519 1055 2552 apud

162 2559 351 2594 “Anagnlam
371 2560 416 2586 sui
435 2560 574 2586 adventus
593 2567 716 2590 causam,
740 2563 769 2585 et
794 2560 939 2593 inpetrato
958 2568 1056 2587 securo

162 2602 299 2632 “ducam
319 2604 423 2635 recepti
444 2604 510 2628 sunt
530 2610 545 2627 a
564 2602 673 2628 duobus
693 2603 886 2628 cardinalibus
908 2605 935 2629 et
949 2605 1056 2638 capita·

163 2644 176 2658 ⁸
187 2645 249 2669 neis
268 2642 435 2677 Campanis,
450 2646 534 2676 atque
552 2643 710 2669 honorifice
723 2644 835 2670 deducti
857 2644 886 2669 in
908 2645 1054 2670 civitatem

162 2685 176 2699 “
188 2685 372 2719 Anagninam
383 2703 406 2717 „.

250 2726 354 2756 Questl
374 2728 472 2761 iegati,
492 2728 543 2753 che
561 2727 691 2761 figurano
711 2728 756 2753 nel
783 2729 895 2755 famoso
918 2731 1000 2762 patto
1025 2731 1053 2755 di

160 2770 278 2804 Anagni
297 2770 327 2794 di
348 2770 398 2795 che
417 2769 475 2796 alia
496 2771 567 2795 nota
586 2771 728 2803 seguente,
748 2771 884 2804 giunsero
904 2772 924 2796 ii
951 2777 982 2796 2¹
1010 2774 1054 2797 ot-

159 2812 256 2842 tobre;
276 2812 314 2837 cf.
337 2813 456 2837 Annales
478 2811 662 2842 Ceccanenses,
683 2814 711 2838 in
733 2813 773 2838 M.
796 2813 829 2839 G.
851 2814 888 2838 H.
909 2813 968 2843 SS.,
981 2813 1055 2844 xlx,

180 2872 187 2880 .
210 2854 268 2879 286.

160 2862 178 2888 p
249 2895 260 2913 ⁵
279 2897 368 2926 noso,
389 2897 472 2922 Lihcr
491 2898 604 2931 Pontis„
623 2897 658 2926 11.
677 2905 704 2931 p.
724 2905 792 2931 43⁴³
816 2898 880 2924 ⁸...
892 2917 898 2923 .
910 2897 1054 2932 Ceperunt

161 2938 175 2952 ⁴¹
186 2941 279 2964 autem
293 2939 327 2964 de
343 2939 429 2964 verbo
447 2940 527 2972 pacis
546 2939 581 2964 ad
601 2939 724 2964 invicem
745 2939 900 2973 diligenter
917 2940 1054 2973 tractare&

162 2981 176 2995 ⁰
188 2983 229 3006 set
241 2982 378 3013 quoniam
393 2988 435 3006 rea
448 2981 536 3006 ardua
549 2983 577 3006 et
591 2981 711 3007 multum
725 2982 850 3007 difficilis
862 2983 1038 3016 agebatur...
1047 3000 1054 3009 .

162 3023 263 3048 “ultra
285 3022 333 3048 XV
354 3023 415 3048 dies
440 3024 578 3048 tractatus
604 3025 663 3058 ipse
688 3023 803 3049 duravit
813 3042 835 3056 „.
874 3025 896 3050 11
922 3027 1003 3059 patto
1023 3027 1052 3051 dl

1111 2054 1227 2087 Anagni
1248 2055 1271 2079 si
1292 2055 1328 2079 ha
1347 2054 1379 2079 in
1398 2055 1439 2079 M.
1465 2055 1496 2079 G.
1518 2056 1555 2079 H.
1575 2055 1673 2087 Leges,
1692 2054 1727 2085 ΙΙ,
1742 2060 1791 2087 147
1804 2061 1820 2078 e
1833 2061 1904 2087 seg-3
1918 2055 2004 2080 WA'r-

1110 2102 1229 2128 rumen,
1243 2097 1346 2126 Pontis.
1362 2097 1438 2121 Rom.
1453 2100 1510 2126 etc„
1524 2096 1583 2126 cit.⁷
1595 2096 1630 2128 11,
1645 2104 1706 2130 433.
1737 2096 1830 2129 Copia
1844 2098 2007 2130 contempo-

1111 2144 1195 2162 ranea
1208 2138 1430 2170 dell’originaie,
1444 2136 1502 2163 ch’e
1512 2139 1640 2172 perdum,
1653 2139 1678 2164 si
1688 2145 1824 2163 conserva
1835 2138 2007 2163 neli'Archi-

1110 2181 1160 2204 vio
1179 2181 1329 2211 Vaticano,
1349 2181 1427 2206 Arm.
1446 2180 1480 2209 ΙΙ,
1495 2187 1556 2213 cap.
1570 2181 1591 2210 Ι,
1605 2189 1631 2205 n.
1646 2180 1670 2205 8.
1709 2181 1732 2205 11
1746 2182 1821 2206 testo
1835 2183 1961 2206 eorretto
1977 2181 2006 2205 fu

1110 2223 1177 2248 dato
1190 2223 1225 2248 da
1244 2223 1324 2248 Pam.
1337 2223 1430 2254 Kar-m,
1449 2224 1479 2247 in
1499 2224 1616 2248 Neues
1637 2223 1802 2253 Archiv„
1817 2223 1891 2253 XIII,
1905 2232 1931 2257 p.
1949 2230 2008 2256 109.

1195 2264 1207 2281 ⁶
1224 2265 1328 2294 Konla.
1349 2265 1468 2291 l’antica
1487 2265 1598 2298 Iconio,
1623 2266 1746 2299 capitale
1759 2266 1804 2291 dei
1818 2266 1933 2291 Sultani
1948 2267 2005 2291 Sel·

1109 2307 1222 2332 clucidi.
1264 2307 1373 2332 Anum·
1391 2314 1470 2332 come
1489 2308 1605 2333 sultano
1625 2308 1670 2333 del
1690 2310 1786 2342 tempo
1806 2310 1930 2333 anneta:
1957 2309 2006 2333 Ki-

1105 2350 1315 2383 'lu'dsch-Arslan.

1195 2390 1206 2408 ⁷
1226 2391 1311 2422 Boso,
1332 2393 1415 2417 Liber
1437 2393 1547 2423 Pontis„
1567 2392 1601 2423 11,
1626 2401 1652 2425 p.
1679 2399 1746 2425 4352
1769 2392 2007 2418 ‘⁴....Soldanus

1109 2434 1277 2467 “tamquam
1296 2436 1342 2459 vir
1361 2435 1474 2467 sapiens
1494 2437 1521 2459 et
1547 2437 1667 2466 astutus,
1693 2435 1825 2460 simulate
1852 2436 2005 2460 retrorsum

1110 2476 1123 2489 “
1135 2477 1214 2502 abiit.
1251 2476 1288 2502 Et
1300 2477 1454 2502 ascendens
1473 2479 1611 2502 montana
1623 2484 1708 2510 supra
1722 2478 1898 2502 convallium
1914 2478 2008 2502 fauces

1111 2519 1185 2552 “per
1202 2527 1271 2552 quas
1292 2521 1447 2553 imperator
1465 2521 1588 2544 transire
1608 2521 1642 2545 ad
1663 2520 1792 2545 Cuneum
1818 2520 2007 2553 disposuerat.

1111 2561 1258 2587 “insidias
1280 2562 1306 2586 el
1332 2562 1429 2594 posuit
1454 2563 1485 2586 ut
1512 2562 1663 2595 inopinate
1688 2562 1781 2595 ipsum
1807 2562 1955 2587 invaderet
1980 2564 2007 2586 et

1108 2603 1122 2617 ⁸
1135 2605 1293 2636 pernitiose
1311 2604 1499 2629 contraheret.
1537 2603 1695 2637 Imperator
1716 2611 1792 2635 vero,
1812 2604 1928 2629 credens
1940 2611 2007 2629 eun-

1108 2645 1121 2658 ¹'
1134 2647 1196 2671 dem
1222 2646 1376 2672 Soldanum
1396 2647 1495 2679 potius
1515 2654 1548 2670 ex
1568 2647 1672 2671 timore
1692 2653 1775 2678 quam
1796 2647 1901 2671 astutia
1914 2648 1942 2671 et
1954 2647 2008 2671 cai-

1111 2687 1251 2714 “liditate
1277 2696 1292 2713 a
1315 2688 1387 2714 facie
1412 2688 1473 2713 eius
1501 2690 1659 2719 recessisse,
1684 2689 1780 2713 minus
1808 2690 1898 2717 caute.
1929 2690 2007 2713 inmo

1110 2731 1124 2744 ‘⁴
1135 2731 1319 2764 improvvide
1337 2732 1364 2756 et
1384 2731 1539 2760 temerarie,
1555 2731 1676 2756 intravit
1689 2737 1738 2764 per
1753 2731 1820 2755 ilios
1835 2730 1966 2756 difficiles
1980 2733 2008 2756 et

1109 2772 1211 2798 “artos
1236 2773 1376 2798 transitus
1396 2774 1472 2798 inter
1491 2774 1561 2797 duos
1581 2773 1685 2797 arduos
1704 2774 1825 2804 montes,
1845 2775 1873 2798 et
1893 2774 2007 2806 premit-

1108 2814 1122 2828 “
1134 2817 1197 2840 tens
1210 2815 1387 2840 fortissimos
1409 2816 1553 2847 equitatus
1573 2823 1638 2840 suos
1651 2822 1712 2840 cum
1728 2815 1875 2848 quadrigis
1888 2817 1916 2839 et
1929 2816 2007 2849 prin—

1109 2858 1123 2872 “
1134 2858 1243 2890 cipibus
1256 2857 1429 2891 principum,
1443 2858 1538 2882 subito
1553 2857 1717 2883 inciderunt
1730 2865 1829 2883 omnes
1843 2858 1871 2882 ln
1888 2858 2008 2883 insidias

1110 2899 1123 2913 ‘⁴
1135 2901 1268 2926 hostium.
1282 2920 1286 2925 .
1298 2917 1322 2925 ..
1343 2900 1379 2925 Et
1397 2901 1463 2932 quia
1483 2908 1531 2933 pre
1552 2901 1641 2924 nimia
1655 2901 1782 2925 iocorum
1797 2901 1929 2933 angustia
1942 2908 2008 2934 pars

1108 2942 1121 2956 ¹‘
1135 2945 1233 2967 nostra
1253 2950 1303 2967 nec
1326 2943 1420 2975 fugere
1440 2944 1553 2975 poterat
1574 2950 1624 2967 nec
1645 2943 1789 2971 reluctari.
1810 2943 1917 2975 pariter
1930 2950 2007 2967 com-

1109 2985 1264 3017 “prehensi
1297 2987 1362 3009 sunt
1396 2986 1521 3010 universi
1556 2986 1691 3019 tanquam
1727 2992 1825 3017 greges
1862 2985 1889 3009 in
1928 2985 2007 3009 ovile

1109 3027 1122 3041 ¹¹
1133 3027 1231 3052 ovium
1242 3044 1340 3057 ......

1927 239 2000 279 267
2015 251 2090 275 Mum,
2105 256 2138 271 ce.
2154 252 2243 276 ais-116

2113 588 2156 606 oct.

2088 698 2108 712 c.
2125 692 2184 716 διὸ

2115 1072 2164 1091 1175

2083 1607 2103 1621 c.
2120 1607 2182 1626 ³53a

2034 2062 2068 2089 30

2034 2275 2066 2301 35

2035 2487 2070 2511 40

2036 2701 2068 2726 45

2038 2909 2071 2934 50
