2398 3470
0 1200 1 1247 l

0 1252 2 1348 z

0 1767 7 2006 ἰ

3 2056 9 2185 ¹

110 272 162 311 [A.
177 260 246 307 u‚'e
263 275 366 303 ⁷90-e.
386 274 440 308 49]
885 262 1205 302 CHRONICON
1930 259 1978 301 47

970 438 1111 472 Orosius
1118 451 1130 473 .·

199 521 305 555 Anno
329 521 424 555 urbis
449 521 590 555 condite
612 520 792 555 DCCXCI
807 521 817 540 ¹
841 520 962 553 tertius
986 521 1030 554 ab
1053 519 1212 564 Augusto
1237 518 1344 562 Gajus
1359 518 1531 553 Callicula
1547 528 1697 563 regnare
1723 517 1818 562 cepit
1840 517 1982 551 mansit-

109 588 178 622 que
199 578 237 610 in
260 586 303 609 eo
327 576 428 609 annis
449 586 521 609 non
543 575 666 618 ple'nis
688 585 756 615 1111,
780 574 886 607 homo
910 574 1063 606 omnium
1087 580 1168 607 ante
1199 584 1236 606 se
1268 573 1562 617 flagitiosissimus,
1594 578 1629 606 et
1659 572 1721 616 qui
1751 583 1835 605 uere
1861 571 1987 616 dignus

108 630 281 664 Romanis
303 628 599 668 blasfemantibus,
624 634 661 662 et
682 627 805 672 Judeis
828 627 1113 671 persecutoribus
1135 627 1277 671 punitor
1301 626 1475 659 adhibitus
1504 626 1694 659 uideretur.
1740 626 1821 666 Hic,
1843 631 1882 658 ut
1906 625 1987 658 bre-

66 683 86 718 5
110 685 200 718 uiter
222 683 499 728 magnitudinem
525 681 743 715 crudelitatis
767 682 972 725 exprimam,
988 682 1200 715 exclamasse
1217 681 1346 714 fertur:
1370 680 1501 713 utinam
1519 680 1668 723 populus
1683 680 1866 713 Romanus
1881 690 1987 712 unam

109 738 285 771 cervicem
307 736 463 770 haberet.
511 736 604 779 Sepe
628 735 731 768 etiam
755 735 800 768 de
825 735 1027 768 conditione
1050 741 1246 778 temporum
1274 744 1414 767 suorum
1438 739 1649 777 conquestus
1673 740 1734 772 est,
1759 733 1852 777 quod
1883 732 1987 765 nullis

110 790 363 824 calamitatibus
385 789 541 834 publicis
560 788 809 832 insignirentur
820 788 842 821 ².
890 789 959 821 Hic
983 788 1154 832 siquidem
1178 798 1305 832 magno
1330 793 1364 820 et
1387 786 1585 820 incredibili
1610 793 1781 830 apparatu
1803 787 1985 829 profectus

109 855 256 890 querere
279 845 428 884 hostem,
452 854 548 888 quem
572 847 652 876 tunc
674 843 869 876 Romanum
893 843 1092 875 iamdudum
1114 842 1237 887 sopitis
1259 842 1411 874 omnibus
1433 853 1499 874 non
1513 841 1656 874 habebat
1667 840 1690 881 ³,
1714 841 1846 874 viribus
1861 840 1988 873 ociosis

110 898 346 938 Germaniam,
371 897 588 941 Galliamque
610 906 832 940 percurrenS,
856 896 894 928 in
918 907 981 929 ora
997 896 1131 929 Oceani
1147 896 1194 930 ad
1209 901 1436 939 prospectum
1451 893 1631 928 Britannie
1646 894 1781 928 restitit.
1827 894 1986 936 Cumque

47 953 86 986 10
109 953 160 986 ibi
184 952 535 998 Minocjnobellinum
558 951 803 984 Britannorum
836 950 930 994 regis
961 950 1081 990 filium,
1113 950 1173 994 qui
1206 961 1227 983 a
1256 955 1356 993 patre
1379 949 1510 992 pulsus,
1535 959 1614 982 cum
1637 949 1760 992 paucis
1791 947 1988 988 oberrabat,

108 1007 146 1039 in
168 1005 384 1040 deditionem
406 1005 609 1048 recepisset,
633 1004 819 1037 deficiente
841 1003 925 1037 belli
948 1003 1103 1043 materia,
1127 1004 1279 1036 Romam
1302 1003 1416 1037 rediit.
1462 1003 1578 1036 Isdem
1595 1009 1710 1036 autem
1726 1002 1849 1036 diebus
1871 1001 1989 1046 Judei,

109 1059 170 1103 qui
190 1059 260 1103 jam
283 1064 366 1092 tunc
391 1058 437 1092 ob
460 1058 660 1102 passionem
683 1056 824 1096 Christi,
849 1057 979 1090 meritis
1000 1057 1130 1101 ubique
1157 1056 1315 1090 cladibus
1338 1056 1603 1100 exagitabantur
1614 1055 1638 1096 ⁴,
1662 1056 1817 1100 legatum
1833 1056 1880 1088 ad
1895 1056 1986 1089 Cae-

109 1123 223 1151 sarem
252 1113 429 1146 miserunt.
477 1111 550 1146 Sed
581 1110 775 1145 Callicula⁶
806 1110 964 1144 omnibus
994 1110 1251 1149 infestissimus,
1282 1117 1401 1155 spreta
1432 1120 1552 1143 eorum
1583 1109 1758 1155 legatione
1770 1108 1793 1149 ⁶,
1817 1109 1986 1152 templum

109 1166 361 1212 Hierusolymis
385 1176 574 1211 omnesque
596 1165 788 1210 Judeorum
812 1175 928 1198 sacras
952 1165 1036 1199 edes
1059 1165 1218 1208 profanis
1242 1164 1422 1199 sacrificiis
1446 1164 1648 1204 Gentilium,
1666 1175 1707 1198 ac
1723 1163 1843 1198 statuit
1857 1163 1987 1207 repleri

47 1219 86 1254 15
109 1220 370 1264 simulacrisque
394 1219 588 1263 imperauit,
612 1225 647 1252 et
669 1229 707 1252 se
730 1218 779 1252 ibi
801 1225 839 1252 ut
860 1219 974 1252 Deum
998 1218 1069 1252 coli
1091 1218 1262 1262 precepit.
1307 1218 1442 1252 Pilatus
1466 1225 1583 1252 autem
1606 1228 1738 1261 preses,
1763 1218 1824 1261 qui
1846 1223 1987 1250 senten-

109 1273 191 1308 tiam
215 1271 484 1317 dampnationis'
508 1273 547 1305 in
569 1273 744 1306 Christum
769 1273 915 1313 dixerat,
931 1278 1114 1316 postquam
1130 1263 1297 1316 plurimas
1312 1272 1505 1306 seditiones
1520 1271 1556 1305 in
1573 1271 1825 1316 Hierusolymis
1842 1271 1981 1313 excepit

110 1337 152 1361 ac
176 1327 274 1368 fecit,
298 1327 414 1367 tantis,
437 1326 613 1371 irrogante
637 1326 737 1370 Gajo,
762 1326 949 1370 angoribus
972 1332 1168 1359 coarctatus
1191 1331 1254 1367 est,
1276 1332 1315 1359 ut
1338 1337 1400 1359 sua
1423 1337 1460 1359 se
1483 1325 1768 1359 transuerberans
1784 1336 1899 1365 manu,
1915 1335 1987 1356 ma-

109 1381 223 1414 lorum
246 1380 494 1424 compendium
517 1380 638 1413 mortis
662 1380 839 1414 celeritate
863 1380 1033 1424 quefierit.
1080 1380 1188 1413 Gaius
1219 1380 1391 1413 Callicula
1422 1380 1623 1413 libidinibus
1654 1379 1734 1419 suis,
1767 1379 1870 1413 etiam
1899 1379 1986 1412 illud

110 1435 251 1469 sceleris
274 1435 414 1480 adiecit,
438 1440 476 1467 ut
498 1444 636 1468 sorores
657 1445 736 1467 suas
758 1434 884 1467 simul⁷
907 1440 1028 1477 stupro
1044 1433 1228 1477 pollueret,
1246 1433 1373 1467 deinde
1389 1433 1494 1467 exilio
1511 1433 1714 1477 dampnauit
1726 1432 1748 1466 ⁸.
1797 1432 1870 1472 Qui
1892 1439 1988 1477 post-

45 1489 89 1522 20
112 1498 216 1532 quam
240 1499 360 1522 omnes
382 1488 483 1521 simul
507 1488 626 1521 exules
647 1488 749 1533 jussit
772 1488 902 1526 occidi3
927 1487 1001 1530 ipse
1026 1493 1140 1520 autem
1164 1498 1184 1520 a
1206 1487 1276 1520 suis
1299 1487 1537 1530 proditoribus
1561 1487 1700 1521 occisus
1724 1493 1786 1520 est.
1833 1488 1912 1521 Duo
1945 1487 1986 1519 li-

110 1541 196 1574 belli
218 1542 255 1574 in
277 1540 435 1575 secretis'
459 1541 533 1585 ejus
555 1542 687 1584 reperti
710 1548 802 1575 sunt:
827 1552 974 1585 quorum
997 1541 1097 1574 alteri
1121 1541 1238 1585 pugio,
1264 1541 1362 1575 alteri
1386 1541 1523 1585 gladius
1545 1551 1611 1585 pro
1635 1542 1735 1586 signo
1758 1541 1908 1574 nominis
1924 1542 1986 1574 ad-

111 1595 278 1638 scriptum
302 1601 393 1628 erat:
419 1594 521 1629 ambo
545 1595 811 1629 lectissimorum
833 1595 988 1628 uirorum
1011 1594 1189 1638 utriusque
1214 1594 1356 1634 ordinis,
1380 1595 1544 1628 senatorii
1569 1601 1604 1628 et
1635 1595 1816 1639 equestris,
1847 1595 1988 1629 nomina

113 1653 148 1681 et
169 1654 270 1681 notas
294 1648 529 1689 continebant,
552 1649 655 1682 morti
677 1649 936 1682 destinatorum.
984 1649 1130 1681 Inuenta
1153 1654 1206 1681 est
1229 1654 1264 1680 et
1287 1648 1411 1693 ingens
1435 1649 1544 1681 archa
1566 1649 1744 1682 uariorum
1758 1659 1987 1689 uenenorum,

113 1701 238 1745 quibus
260 1713 341 1735 mox
363 1702 511 1736 Claudio
534 1703 664 1736 cesare
686 1703 830 1747 jubente
856 1703 1034 1742 demersis,
1058 1702 1194 1735 infecta
1217 1702 1327 1735 maria
1348 1703 1554 1742 traduntur,
1578 1713 1649 1736 non
1681 1702 1754 1736 sine
1782 1713 1910 1746 magno
1933 1703 1986 1746 pi-

47 1752 90 1788 25
113 1754 222 1788 scium
244 1755 364 1790 exitio:
388 1766 475 1799 quos
499 1762 663 1790 enecatos
685 1767 750 1800 per
771 1757 930 1800 proxima
953 1756 1056 1790 litora
1078 1756 1207 1799 passim
1232 1762 1324 1789 estus
1348 1756 1452 1800 ejecit
1463 1755 1484 1790 ⁹.
1532 1757 1676 1796 Quanta
1699 1767 1783 1790 uero
1806 1757 1986 1790 hominum

111 1808 297 1842 multitudo
320 1810 423 1844 morti
445 1816 632 1853 preparata
656 1811 777 1850 euasit,
802 1820 846 1845 ex
868 1810 1090 1844 multitudine
1114 1810 1381 1844 interfectorum
1405 1810 1552 1854 piscium
1576 1817 1696 1844 notum
1719 1811 1786 1845 fuit
1798 1811 1832 1845 ¹⁰.

198 1861 305 1896 Anno
328 1862 504 1896 dominice
526 1863 775 1897 incarnationis
798 1864 1006 1897 XXXXIX.

199 1915 367 1950 Claudius
389 1923 530 1960 patruus
555 1916 725 1950 Callicule
749 1917 934 1961 imperauit
955 1917 1054 1951 annis
1070 1928 1138 1951 x111
1155 1918 1332 1952 mensibus
1350 1929 1413 1959 vn,
1430 1919 1555 1952 diebus
1571 1929 1700 1952 xxvm.
1747 1919 1871 1953 Petrus
1886 1918 1986 1963 Apo-

110 1969 218 2002 stolus
242 1979 321 2002 cum
343 1971 439 2013 prius
461 1969 722 2004 Antiochenam
744 1971 928 2005 fundasset
951 1972 1149 2013 ecclesiam,
1173 1972 1334 2006 Ro'mam
1356 1973 1472 2017 pergit
1497 1973 1534 2005 in
1556 1973 1695 2006 exordio
1711 1974 1823 2017 regni
1837 1974 1985 2015 Claudii,

46 2022 89 2056 30
116 2021 260 2066 “ibique
283 2033 360 2056 xxv
383 2023 483 2057 annis
507 2024 710 2057 cathedram
737 2030 834 2058 tenet
857 2025 1104 2068 episcopalem,
1128 2025 1218 2059 idest
1240 2036 1351 2070 usque
1376 2026 1421 2059 ad
1451 2027 1612 2060 ultimum
1635 2027 1787 2060 Neronis
1810 2038 1938 2060 annum
1952 2026 1985 2059 ¹¹.

115 2076 132 2094 ²
143 2075 281 2109 Exinde
300 2076 494 2110 Christiani
503 2078 616 2111 Rome
626 2089 695 2111 esse
706 2081 880 2123 ceperunt.
926 2079 1069 2113 Marcus
1081 2080 1309 2124 Euangelista
1321 2081 1415 2124 quod
1428 2080 1542 2114 Rome
1555 2081 1743 2124 scripserat
1754 2081 1987 2125 euangelium,

115 2129 131 2147 ⁸
142 2129 282 2173 Egipto,
297 2130 402 2164 Petro
419 2131 588 2171 mittente,
604 2132 776 2175 predicat.
826 2131 961 2171 Quarto
978 2132 1143 2176 Cla[u]dii
1159 2144 1251 2167 anno
1268 2134 1380 2167 fames
1394 2134 1607 2179 grauissima,
1625 2134 1723 2179 cujus
1734 2135 1850 2168 Lucas
1865 2135 1987 2168 memi-

115 2182 131 2200 ⁸
144 2182 203 2222 nit,
215 2184 311 2217 facta
333 2191 395 2223 est.
442 2185 578 2218 Eodem
594 2196 685 2219 anno
700 2186 775 2229 ipse
791 2186 1007 2220 Britanniam
1024 2187 1144 2221 adiens
1160 2198 1263 2231 quam
1286 2198 1401 2232 neque
1426 2195 1506 2222 ante
1528 2189 1659 2233 Julium
1677 2189 1854 2229 Cesarem,
1870 2199 1986 2233 neque

200 2290 225 2310 2.
243 2287 345 2311 tercius
363 2286 425 2311 BC
441 2300 475 2305 —-
495 2292 520 2319 ς.
540 2287 577 2313 αἱ
600 2287 624 2312 C
640 2301 674 2307 —
692 2286 718 2313 6.
737 2287 905 2313 condicione
922 2289 949 2312 B
963 2288 987 2313 C
1004 2302 1037 2308 -
1058 2289 1085 2316 8.
1103 2290 1208 2323 positis
1232 2290 1256 2315 C
1273 2303 1307 2309 —
1333 2298 1360 2323 9.
1384 2291 1456 2317 hora
1479 2291 1503 2316 C
1519 2305 1532 2311 -
1551 2291 1646 2317 Ocena
1665 2292 1691 2317 A
1710 2305 1723 2311 -
1742 2292 1888 2318 Brsttanie
1911 2291 1935 2316 C
1951 2305 1984 2310 ——

115 2332 156 2351 ιο.
173 2327 283 2354 Befflno
307 2329 331 2353 C
346 2342 359 2349 -
377 2330 576 2356 Brittanos-um
599 2330 623 2355 C
639 2344 673 2349 —
696 2337 737 2356 11.
758 2330 940 2356 dedicionem
958 2331 986 2356 B
999 2332 1023 2356 C
1038 2345 1050 2350 -
1069 2332 1189 2358 Hisdem
1206 2333 1233 2357 B
1253 2347 1286 2351 —
1309 2341 1350 2366 14.
1366 2334 1545 2367 Jerusolimis
1563 2335 1590 2358 B
1603 2334 1627 2359 C
1642 2348 1654 2353 -
1673 2335 1823 2368 omnisque
1847 2335 1870 2359 C
1886 2348 1899 2355 -
1918 2342 1984 2368 pro-

113 2368 214 2399 phanis
231 2370 259 2394 B
271 2370 295 2395 C
309 2385 343 2391 -
364 2371 454 2404 15-16.
473 2373 649 2398 sentenciam
667 2373 694 2397 B
707 2373 731 2397 C
745 2386 779 2391 —
802 2372 844 2399 16.
862 2373 1021 2399 sediciones
1039 2375 1066 2399 B
1078 2374 1102 2399 C
1117 2389 1151 2394 -
1171 2382 1216 2401 21.
1235 2383 1371 2409 equorum
1390 2377 1415 2401 Α
1436 2390 1469 2395 -
1485 2383 1575 2402 21—22.
1595 2377 1756 2409 adscriptus
1768 2379 1795 2402 B
1809 2377 1841 2407 C,
1858 2385 1938 2410 reguo
1957 2378 1986 2402 la

113 2409 207 2436 lenione
225 2413 256 2437 dt
271 2413 308 2442 A,
327 2413 459 2442 conform
476 2415 514 2439 ad
535 2414 624 2440 Oroi-io
644 2428 677 2433 —
697 2422 740 2441 22.
764 2415 787 2440 C
803 2416 835 2440 di
847 2417 940 2448 prima
959 2425 1055 2442 mano:
1076 2419 1203 2444 senatori
1223 2432 1256 2436 —
1278 2424 1319 2451 25.
1339 2420 1431 2445 exicio
1453 2420 1480 2443 B
1494 2420 1518 2444 C
1534 2433 1546 2439 -
1565 2420 1665 2445 littora
1688 2420 1711 2444 C
1728 2434 1762 2439 —
1783 2426 1825 2453 27.
1844 2428 1922 2446 anno
1941 2420 1987 2445 in-

67 2457 82 2484 5
113 2455 287 2481 carnationis
304 2456 416 2482 domini
439 2457 462 2482 C
479 2470 513 2476 —
533 2463 577 2491 29.
602 2457 782 2483 antiocenam
801 2458 826 2483 A
851 2471 863 2477 -
882 2458 1018 2485 fundavit
1042 2459 1065 2484 C
1082 2474 1114 2479 —-
1134 2467 1177 2492 3¹·
1204 2462 1386 2494 evangelium
1410 2462 1434 2486 C
1450 2475 1462 2481 -
1487 2463 1518 2487 in
1535 2462 1560 2486 A
1576 2462 1599 2486 C
1621 2470 1731 2488 manca.-
1752 2462 1931 2496 evangelium
1952 2477 1983 2481 —

114 2501 156 2529 3²·
176 2495 291 2524 Claudii
308 2497 372 2523 AB
385 2499 408 2524 C
424 2512 457 2518 —
477 2506 521 2533 33.
539 2499 732 2525 BrittanuIam
750 2501 811 2525 BC
827 2514 840 2520 -
856 2501 884 2525 B
901 2502 1056 2535 aggz'unge:
1075 2504 1312 2537 transvectusque
1330 2505 1362 2530 in
1382 2504 1507 2530 insulam

202 2580 210 2598 ¹
228 2582 328 2616 Pongo
348 2584 394 2610 nel
412 2586 540 2618 margine
557 2585 585 2611 la
603 2584 670 2611 data
690 2585 721 2611 dt
741 2586 855 2612 Orosio.
1072 2588 1087 2603 ⁴¹
1096 2590 1274 2622 preparatam
1294 2591 1416 2616 mortem
1436 2591 1568 2622 evaserit,
1587 2599 1619 2617 ex
1643 2591 1825 2617 multitudine
1850 2590 1982 2617 interfec-

199 2622 211 2640 '
229 2624 358 2659 Copiato
373 2626 428 2652 alla
445 2627 551 2653 lettera
570 2627 606 2653 da
626 2627 765 2659 Onosrus,
790 2628 853 2660 Vn,
874 2634 898 2662 5,
922 2636 934 2655 1
955 2637 970 2655 e
991 2637 1016 2655 2.
1072 2629 1190 2656 “torum
1210 2632 1332 2664 piscium
1352 2633 1508 2658 disceretur
1520 2634 1709 2666 omnibusque
1728 2635 1947 2660 notesceret....
1957 2652 1980 2666 „-

198 2664 210 2683 ⁸
227 2668 267 2694 Le
292 2669 389 2702 parole
413 2670 599 2696 sottolineate
623 2677 695 2695 sono
717 2670 855 2703 aggiunte
872 2671 909 2697 da
934 2679 954 2697 R
978 2672 1015 2697 ad
1148 2671 1169 2690 ¹¹
1190 2674 1297 2704 Questa
1310 2676 1480 2700 narrazlone
1493 2675 1544 2700 che
1556 2683 1576 2701 R
1589 2677 1651 2701 trae
1665 2676 1701 2701 da
1715 2676 1801 2708 Beda,
1815 2675 1830 2702 ὲ
1850 2678 1980 2709 impron-

55 2709 88 2729 10
113 2708 252 2742 Οιοεισε,
271 2711 328 2738 loc.
345 2712 406 2744 cit„
426 2711 441 2746 ἕ
462 2717 487 2744 5.
1068 2717 1128 2741 tata
1146 2716 1172 2741 al
1190 2717 1233 2741 De
1256 2716 1329 2742 Viris
1347 2717 1510 2742 inlustribus
1527 2718 1558 2742 di
1575 2726 1626 2743 san
1647 2718 1796 2744 G1rolamo
1817 2719 1862 2752 (ex
1885 2727 1980 2745 recen-

199 2750 210 2768 ⁴
227 2759 247 2778 R
265 2755 372 2780 omette
390 2755 473 2787 quasi
491 2756 568 2780 tutta
587 2754 614 2780 la
631 2755 687 2780 fine
706 2755 750 2780 del
769 2755 783 2788 ξ
801 2754 828 2782 6.
1068 2758 1150 2784 sione
1165 2759 1312 2785 Guillelmi
1327 2759 1495 2793 Herdinghi,
1509 2760 1616 2795 Lipsia,
1633 2762 1710 2794 1879,
1723 2769 1751 2795 p.
1769 2765 1796 2794 7.
1822 2762 1878 2787 Dal
1890 2761 1981 2787 fram-

200 2793 212 2811 ⁵
230 2803 250 2821 a
266 2798 372 2823 omette
384 2797 430 2823 dal
442 2797 457 2831 g
471 2803 503 2830 γε
517 2797 607 2823 “eum
621 2798 754 2824 omnibus
766 2798 933 2825 hominibus
952 2801 1014 2826 tum
1069 2803 1167 2827 mento
1186 2802 1393 2834 Laurenziano,
1412 2804 1582 2828 conservato
1604 2803 1678 2829 nella
1698 2804 1766 2829 bibl.
1787 2804 1858 2837 Cap.
1877 2804 1907 2829 di
1926 2805 1982 2829 Ve-

113 2834 128 2849 “
136 2836 284 2870 praecipue
300 2837 465 2864 Iudaeum.
480 2855 505 2872 ,μ
1068 2850 1150 2874 rona,
1167 2844 1257 2869 anche
1283 2844 1303 2868 ll
1327 2845 1499 2876 Ducunsxs,
1523 2844 1606 2869 Liber
1628 2845 1810 2879 Ibntificalis,
1827 2845 1850 2876 Ι,
1870 2854 1897 2879 p.
1920 2853 1980 2879 119,

199 2876 211 2895 ⁶
228 2886 246 2905 a
265 2880 338 2906 ulta
361 2880 455 2906 alcuni
473 2881 586 2914 pei-lodi
606 2881 651 2906 dal
670 2881 685 2915 ξ
704 2882 730 2908 8.
1067 2886 1137 2910 nota
1158 2892 1181 2916 1,
1193 2886 1304 2918 riporta
1323 2885 1345 2910 u
1365 2886 1484 2919 periodo
1503 2893 1559 2918 sg.:
1580 2885 1593 2899 “
1607 2886 1710 2912 Simon
1728 2888 1895 2914 Petrus....
1915 2890 1981 2921 post

55 2915 87 2944 ¹5
198 2918 210 2937 ⁷
227 2921 363 2952 Prtmum,
382 2923 443 2949 dice
461 2924 602 2955 ansxus,
620 2924 684 2956 VH,
706 2931 747 2957 14,
767 2931 792 2956 9.
1070 2926 1085 2940 ’ί
1093 2927 1290 2961 episcopatum
1304 2927 1513 2953 Antiochensis
1526 2928 1718 2955 ecclesiae-u.
1737 2930 1863 2955 secundo
1879 2929 1980 2956 Claudi

198 2960 210 2978 ⁸
227 2963 315 2996 Ioum,
337 2965 483 2991 damnaret.
1069 2969 1228 2995 ‘anno....
1250 2969 1371 2995 Romam
1390 2970 1501 3003 pergit:
1522 2971 1620 3002 lblque
1641 2971 1877 3005 vigintiquinque
1895 2972 1981 2997 annis

198 3002 210 3019 ⁹
227 3004 313 3036 Imm,
333 3004 395 3038 vn,
415 3012 439 3039 5.
461 3014 535 3033 1·1o.
1070 3011 1256 3037 “cathedram
1276 3013 1483 3039 sacerdotalem
1503 3015 1599 3039 tenuit
1618 3021 1704 3047 usque
1723 3015 1758 3039 ad
1772 3016 1905 3040 ultimum
1926 3016 1980 3040 Ne-

189 3045 211 3063 ¹⁰
229 3047 313 3080 Insa«,
334 3047 348 3081 ξ
370 3056 415 3074 11:
436 3049 512 3076 “....
533 3051 565 3075 ut
577 3052 684 3084 quanta
698 3052 850 3078 multitudo
863 3052 1014 3079 hominum
1070 3054 1173 3080 “roms
1191 3062 1308 3087 annum,
1329 3055 1406 3081 idest
1424 3057 1558 3089 quartum
1578 3056 1717 3083 decimum
1730 3074 1754 3089 „-

2023 273 2102 297 Μυκ..
2114 279 2147 296 cc.
2160 278 2222 299 50·⁵1

2019 533 2042 547 u.
2058 533 2078 547 c.
2093 532 2133 552 79⁰

2024 588 2044 602 c.
2059 583 2108 606 69⁰

2019 1286 2039 1301 c.
2055 1280 2102 1305 ⁶9⁶

2025 1552 2103 1576 Mun„
2119 1558 2142 1577 51

2024 1883 2045 1897 a.
2061 1877 2087 1901 C,
2103 1883 2129 1902 49

2022 1931 2100 1951 Simon
2116 1932 2200 1951 Petrus

2023 1990 2042 2004 c.
2060 1989 2106 2009 7οα

2010 2639 2045 2657 20

2010 2850 2041 2876 ²5

2009 3046 2044 3074 30
