2398 3470
113 267 199 301 [ΑΛ.
217 271 253 299 c.
272 270 422 304 ἠε-720]
698 261 986 298 ROMUALDI
1016 260 1381 297 SALERNITANI
1902 261 1972 296 139
2004 272 2213 297 MUR.,cc.1³7-x38

112 408 271 447 peratore
295 399 496 438 defunct01,
521 399 609 438 Leo,
634 403 867 443 cognomento
882 398 1001 437 Surus,
1018 407 1097 430 cum
1114 396 1352 431 Constan'tino
1374 403 1596 439 persecutore
1620 398 1703 430 dum
1726 396 1903 440 imperiali
1920 396 1972 429 di·
2050 404 2146 423 c-168a

112 456 246 501 gnitate
270 454 470 487 sublimatus
493 459 595 491 esset,
618 458 820 485 sanctorum
855 451 1025 494 imagines
1056 451 1150 494 apud
1181 449 1516 493 Constantinopolim
1546 450 1676 493 deponi
1699 456 1804 493 atque
1834 450 1977 483 incendi

112 509 221 542 iussit.
267 507 375 547 Quod
398 516 469 539 non
492 506 603 539 solum
626 515 691 548 per
713 511 822 538 totam
846 505 984 547 imperii
1008 505 1060 537 sui
1083 504 1263 542 ditionem,
1286 503 1375 536 ‘sed
1391 508 1427 535 et
1442 503 1604 536 Romano
1621 503 1780 546 pontifici
1796 503 1977 536 mandauit

116 561 269 594 “similia
292 561 412 594 facere
435 561 464 592 si
487 560 634 604 gratiam
656 557 873 601 imperialem
897 557 1028 590 habere
1058 557 1175 590 uellet.
1222 557 1294 590 Sed
1321 556 1481 599 pontifex
1511 566 1582 588 non
1613 556 1724 589 solum
1755 557 1824 589 hoc
1855 557 1975 588 facere

45 612 52 648 j
69 615 88 647 5
118 615 363 657 “contempsit,
396 623 518 646 uerum
543 613 648 645 etiam
662 636 677 652 „
713 611 957 644 communione
982 611 1143 653 priuauit.
1198 609 1365 644 Attamen
1388 609 1481 643 idem
1505 610 1694 651 imperator
1717 615 1787 642 tam
1810 610 1847 642 ui
1871 621 1974 653 quam

111 667 359 702 blandimentis
382 666 580 700 habitantes
603 664 940 707 Constantinopolim
965 664 1142 707 compulit,
1171 666 1186 682 “
1199 669 1237 696 ut
1260 663 1470 707 ubicumque
1487 663 1694 695 haberentur
1716 663 1883 707 imagines
1906 671 1975 696 tam

116 723 132 740 ²
145 721 338 755 Saluatoris
360 730 530 764 quamque
554 724 673 752 sancte
695 718 761 750 Dei
784 718 975 761 genitricis,
999 719 1057 750 uel
1081 718 1233 750 omnium
1250 727 1389 761 quoque
1405 722 1603 749 sanctorum
1627 716 1691 748 sibi
1711 717 1976 754 exhiberentur;

118 774 264 818 “sicque
281 774 360 807 illas
381 774 417 805 in
440 773 556 806 medio
580 772 730 805 ciuitatis
755 772 964 815 congregari
987 771 1077 803 fecit
1100 777 1136 804 et
1159 771 1241 816 igne
1270 770 1429 803 cremari.
1475 770 1521 802 Et
1544 770 1625 813 quia
1654 769 1815 812 plerique
1847 781 1891 802 ex
1913 780 1976 812 po-

49 864 51 866 ,
118 829 132 846 ‘⁴
145 827 229 871 pulo
252 828 322 860 tale
338 826 450 860 scelus
470 826 545 859 fieri
567 824 835 868 prepediebant‚
851 824 1017 867 aliquanti
1035 836 1077 857 ex
1092 825 1142 857 eis
1159 824 1272 867 capite
1296 823 1444 857 truncati
1457 822 1481 863 ²,
1506 823 1565 855 alii
1588 823 1744 866 corporis
1759 828 1859 866 parte
1875 824 1977 856 muti-

66 881 89 914 0
117 881 211 914 “lati
234 887 324 919 sunt,
347 880 574 924 regnauitque
597 879 674 912 Leo
697 877 797 910 annis
821 886 870 910 1x.
917 877 1000 916 Quo
1024 884 1180 921 tempore
1197 877 1383 911 Sarraceni
1397 877 1566 910 immenso
1591 887 1669 909 cum
1693 876 1852 910 exercitu
1882 876 1975 909 Con·
2000 888 2045 907 Leo
2059 888 2099 907 Ill
2110 887 2213 913 imperat.

46 935 47 938 ’
117 936 132 952 “
145 934 406 977 stantinopolim
428 933 620 973 uenientes,
644 931 793 964 triennio
819 931 997 964 ciuitatem
1029 931 1251 970 obsederunt,
1282 931 1395 964 donec
1420 929 1553 963 ciuibus
1575 930 1684 963 multa
1708 930 1903 963 constantia
1927 932 1973 964 ad

116 988 131 1004 “
146 987 258 1021 Deum
282 987 522 1026 clamantibus,
547 985 687 1029 plurimi
710 994 830 1017 eorum
854 985 958 1023 fame,
983 984 1117 1029 frigore
1148 996 1190 1018 ac
1221 984 1421 1027 pestilentia
1448 984 1640 1027 perierunt,
1664 995 1705 1016 ac
1738 984 1790 1016 sic
1820 985 1977 1027 perpessi

118 1042 134 1059 ‘⁶
147 1040 328 1074 obsidione
353 1040 606 1074 abscesserunt.
652 1039 724 1078 Qui
754 1038 835 1071 inde
868 1038 997 1082 egressi
1028 1038 1273 1082 Wulgarorum
1296 1044 1448 1082 gentem,
1472 1047 1540 1081 que
1566 1043 1617 1070 est
1640 1048 1745 1080 super
1766 1037 1976 1077 Danubium,

120 1093 242 1128 ‘bello
265 1095 516 1139 aggrediuntur
539 1099 575 1126 et
597 1092 642 1125 ab
665 1092 721 1125 his
744 1102 883 1135 quoque
906 1091 993 1125 uicti
1016 1092 1196 1135 refugiunt
1226 1101 1270 1125 ac
1300 1102 1410 1124 naues
1439 1097 1563 1134 petunt
1594 1102 1682 1124 suas.
1729 1090 1868 1129 Quibus
1894 1101 1972 1123 cum

44 1147 53 1170 s*
68 1146 87 1179 5
115 1147 130 1164 ¹⁶
145 1147 253 1181 altum
275 1146 446 1191 peterent,
470 1147 652 1191 ingruente
675 1145 789 1178 subita
811 1150 1030 1188 tempestate,
1053 1145 1179 1188 plurim
1195 1155 1315 1178 eorum
1330 1145 1435 1177 mersi
1457 1145 1531 1177 siue
1556 1144 1750 1177 confractis
1772 1154 1837 1188 per
1861 1144 1978 1177 littora

45 1212 48 1214 ·
89 1241 91 1244 .
118 1203 134 1219 ‘⁶
147 1201 291 1234 nauibus
314 1207 393 1234 sunt
416 1200 531 1234 necati
545 1224 560 1240 ‚,
578 1198 602 1232 ⁸.

42 1242 49 1253 ⁴
203 1255 341 1288 Interea
363 1253 702 1295 Constantinopolim
725 1262 791 1285 ccc
806 1252 902 1285 milia
917 1251 1102 1285 hominum'
1119 1252 1295 1295 utriusque
1312 1263 1413 1285 sexus
1427 1252 1624 1295 pestilentia
1645 1251 1827 1295 perierunt
1839 1251 1862 1284 ⁴.
1887 1251 1976 1284 Ger·
2054 1268 2074 1281 c.
2090 1263 2150 1282 1⁶⁸1>

42 1339 46 1343 .
111 1318 233 1341 manus
255 1307 453 1351 patriarcha
477 1318 548 1340 non
572 1305 792 1340 consentiens
814 1305 1033 1348 imperatoris
1057 1306 1176 1345 errori,
1201 1317 1221 1338 a
1244 1306 1385 1349 propria
1408 1306 1492 1339 sede
1521 1305 1686 1348 depulsus
1711 1311 1762 1338 est
1779 1310 1815 1337 et
1837 1304 1873 1336 in
1899 1305 1975 1337 loco

10 1385 14 1406 .:
56 1406 58 1408 Ι
112 1361 186 1394 eius
208 1361 411 1395 Anastasius
434 1360 627 1404 presbyter,
653 1359 713 1403 qui
736 1359 852 1392 fuerat
873 1359 1075 1401 imperator,
1098 1359 1295 1402 patriarcha
1319 1359 1499 1392 ordinatus
1523 1365 1578 1391 est
1591 1358 1614 1391 ⁵.

205 1415 470 1458 “Liutprandus
493 1424 632 1458 quoque
655 1412 968 1456 Langobardorum
992 1423 1054 1445 rex
1077 1413 1222 1445 audiens
1246 1413 1341 1455 quod
1357 1412 1554 1451 Sarraceni,
1574 1412 1786 1455 depopulata
1803 1411 1976 1449 Sardinia,
2002 1418 2215 1442 Lsutstrandusrex

114 1467 130 1485 ⁸
145 1469 248 1502 etiam
271 1469 350 1502 loca
373 1468 432 1501 illa
454 1469 618 1501 sedarent
640 1466 699 1499 ubi
724 1477 800 1499 ossa
823 1466 933 1499 sancti
956 1467 1142 1510 Augustini
1160 1466 1313 1509 episcopi
1330 1473 1472 1509 propter
1495 1467 1722 1499 uastationem
1745 1466 1977 1498 Barbarorum

80 1560 81 1563 Ἴ
124 1529 140 1545 ‘⁴
153 1523 237 1558 olim
259 1523 303 1556 ab
326 1523 501 1566 Hyppone
525 1520 693 1554 translata
716 1526 751 1553 et
773 1520 964 1553 honorifice
989 1520 1128 1552 fuerant
1151 1520 1303 1559 condita,
1327 1521 1419 1553 misit
1449 1526 1485 1552 et
1514 1520 1596 1553 dato
1627 1520 1739 1562 pretio
1770 1520 1910 1562 accepit
1943 1526 1977 1551 et

116 1577 318 1612 “transtulit
340 1586 382 1609 ea
403 1576 441 1608 in
463 1574 610 1613 Ticinis‚
632 1573 752 1616 ibique
777 1584 856 1606 cum
880 1573 999 1606 debito
1023 1573 1108 1606 tanti
1133 1574 1242 1615 patris
1265 1573 1398 1606 honore
1422 1571 1681 1613 recondidit„⁶.

200 1632 282 1671 Quo
306 1635 462 1672 tempore
492 1630 506 1646 “
519 1626 688 1660 defuncto
713 1626 852 1659 Gisulfo
876 1626 1203 1659 Beneuentanorum
1227 1626 1329 1665 duce,
1354 1625 1546 1658 Samnitum
1570 1626 1737 1669 populum
1760 1625 1980 1659 Romualdus
2005 1616 2146 1662 Κῖἶζζζῖζῗω
2160 1616 2207 1636 ‘'¹‘'

118 1685 234 1719 ‘filius
257 1684 332 1717 eius
354 1681 546 1725 regendum
569 1680 723 1723 suscepit
736 1678 758 1712 ⁷.
804 1680 868 1712 His
892 1685 1004 1711 autem
1037 1679 1161 1712 diebus
1189 1678 1317 1712 Franci
1347 1679 1384 1711 in
1408 1679 1563 1712 Francos
1593 1679 1742 1712 inuicem
1773 1680 1908 1712 irruunt
1932 1689 1973 1710 ac

111 1748 187 1773 sese
209 1742 328 1770 mutuo
353 1735 523 1768 dirissima
546 1733 635 1766 cede
659 1739 893 1776 prosternunt.
940 1732 1079 1765 Interea
1108 1735 1122 1750 ‘⁴
1136 1732 1352 1776 Dagobertus
1377 1733 1590 1765 Francorum
1612 1743 1674 1764 rex
1697 1738 1858 1776 egrotans
1882 1743 1976 1765 mor-
1999 1723 2174 1772 Dssfflfc'f'ssssx

117 1794 223 1825 ‘tuus
245 1796 307 1828 est,
331 1788 561 1832 regnauitque
586 1787 684 1819 annis
707 1786 786 1826 V„
811 1784 938 1818 Franci
963 1791 1077 1818 autem
1109 1785 1307 1818 inuidentes
1338 1784 1500 1819 Carolum
1538 1787 1552 1803 “
1566 1786 1748 1818 Danielem
1779 1786 1964 1829 quemdam
1991 1782 2011 1796 ²³'
2028 1777 2055 1798 C·
2072 1778 2107 1801 ⁷¹⁶

114 1845 130 1862 “
145 1844 310 1878 clericum
334 1841 465 1875 cesarie
489 1840 615 1883 capitis
632 1845 812 1872 crescente
829 1840 865 1871 in
881 1849 990 1882 regno
1006 1838 1185 1872 stabiliunt
1201 1845 1304 1881 atque
1321 1838 1559 1882 Chilpericum
1583 1845 1803 1882 nuncupant3
1827 1850 1974 1883 eumque

45 1930 49 1936 ,,
116 1899 132 1916 “
145 1908 224 1931 cum
247 1896 402 1930 exercitu
426 1899 550 1927 contra
573 1892 737 1926 Carolum
761 1893 924 1936 dirigunt.
972 1892 1117 1925 Carolus
1140 1892 1257 1935 itaque
1282 1897 1404 1925 contra
1428 1902 1488 1924 eos
1511 1892 1679 1925 dimicans
1702 1894 1815 1926 uictor
1846 1894 1972 1932 extitit,
2000 1899 2096 1919 Carolus
2109 1899 2216 1925 prm-eps

7 1944 12 1991 ²,
111 1956 250 1984 uastans
272 1950 433 1993 regiones
455 1957 565 1990 usque
589 1946 791 1979 Ardennam
815 1946 938 1979 siluam
964 1951 999 1978 et
1021 1956 1131 1989 usque
1155 1945 1304 1984 Renum,
1332 1945 1391 1978 uel
1407 1945 1598 1984 Coloniam,
1622 1946 1741 1989 ibique
1765 1946 1970 1979 seditionem

6 2006 13 2028 ἕ
49 2015 55 2039 ;
110 2004 227 2038 intulit
251 2008 286 2036 et
308 2004 417 2045 ipsam
443 2001 621 2033 ciuitatem
644 2000 740 2042 cepit
752 1999 776 2038 ⁸,
799 2000 987 2042 statuitque
1011 1999 1077 2032 sibi
1109 2008 1229 2042 regem
1260 1998 1475 2032 Clotharium
1507 2000 1646 2032 nomine
1678 2000 1737 2042 qui
1769 2010 1837 2033 non
1868 2000 1976 2032 multo

7 2047 11 2055 ’
111 2062 191 2101 post
212 2062 364 2089 mortuus
387 2059 449 2086 est.
495 2051 722 2095 Chilpericus'
747 2058 862 2085 autem
885 2058 922 2084 et
944 2052 1046 2085 Eudo
1070 2052 1141 2084 dux
1165 2058 1286 2085 contra
1309 2051 1474 2085 Carolum
1491 2058 1671 2085 mouentes
1697 2053 1890 2085 exercitum
1913 2064 1972 2085 ue·
2049 2065 2069 2079 c·
2086 2061 2148 2083 1⁶⁹1:

111 2110 227 2148 niunt;
262 2114 384 2142 contra
418 2117 504 2150 quos
534 2105 680 2139 Carolus
716 2106 869 2138 occurrit
899 2105 1093 2147 intrepidus
1126 2104 1278 2138 Parisius
1310 2105 1465 2144 ciuitate,
1501 2105 1661 2148 Sequane
1691 2105 1796 2139 fluuio
1827 2107 1973 2139 transito

115 2173 224 2207 usque
248 2161 448 2195 Aurelianis
471 2160 643 2203 peruenit,
680 2158 860 2191 debellans
882 2169 1010 2202 eosque
1042 2158 1245 2191 deuincens.
1291 2158 1375 2192 Post
1399 2159 1465 2192 hec
1492 2159 1567 2202 ipse
1591 2160 1732 2202 quidem
1756 2159 1976 2203 Chilpericus

39 2216 90 2250 „35
112 2222 264 2250 mortuus
287 2221 339 2248 est
361 2224 453 2247 anno
477 2214 598 2257 quinto
622 2219 658 2246 et
681 2212 825 2245 dimidio
848 2213 949 2255 regni
972 2213 1056 2245 eius.
1103 2213 1229 2245 Franci
1252 2223 1337 2245 uero
1359 2212 1619 2246 Theodericum
1643 2213 1750 2245 filium
1773 2214 1964 2258 Dagoberti
1989 2231 2009 2245 a,
2025 2226 2052 2247 e.
2069 2231 2108 2250 720

45 2266 47 2273 ¹
112 2270 257 2304 iunioris
279 2278 398 2313 regem
423 2277 528 2310 super
550 2277 587 2299 se
611 2271 763 2299 statuunt
776 2265 797 2298 ⁹.
845 2265 914 2298 Per
937 2266 1030 2299 idem
1053 2271 1190 2309 tempus
1212 2265 1462 2299 rebellantibus
1485 2266 1689 2306 Samnibus,
1714 2267 1858 2300 Carolus
1881 2269 1976 2310 prin-

196 2398 222 2424 3.
241 2397 291 2424 per
308 2391 401 2415 totam
420 2389 465 2414 sui
483 2389 597 2422 imperii
621 2388 644 2413 C
662 2401 694 2406 —-
714 2396 738 2421 4.
759 2387 847 2413 vellet
865 2387 966 2412 habere
988 2387 1012 2412 C
1028 2400 1061 2406 --
1081 2386 1106 2412 8.
1126 2389 1302 2421 congremari
1325 2388 1394 2413 fecit
1416 2388 1445 2418 C,
1464 2389 1607 2412 omettendo
1626 2389 1649 2413 tl
1667 2391 1734 2413 resto
1754 2403 1787 2406 —
1806 2397 1831 2422 9.
1852 2389 1978 2421 aliquan·

115 2434 162 2458 tos
183 2434 218 2462 C;
231 2433 256 2457 Α
268 2433 296 2458 Β
308 2431 440 2463 conforma·
450 2431 574 2460 Pilutus.
588 2430 636 2461 VI,
649 2436 720 2455 xmx
732 2442 743 2448 -
758 2430 885 2454 truncari
907 2430 976 2454 fecit
992 2429 1015 2453 C
1026 2442 1059 2447 —
1081 2436 1122 2454 10.
1136 2430 1267 2454 inmenso
1288 2431 1312 2455 C
1326 2442 1353 2450 -=
1374 2437 1460 2464 12-13.
1480 2430 1533 2454 hac
1553 2431 1594 2455 sic
1615 2432 1739 2463 perpessi
1754 2431 1939 2456 obsedionem
1956 2432 1980 2456 C

114 2487 149 2494 —
170 2479 211 2506 ις.
224 2475 373 2507 pergerent
393 2475 428 2503 σς
448 2474 475 2499 Α
486 2475 512 2498 Β
529 2472 661 2504 conformi
673 2472 763 2501 Bam,
782 2475 822 2503 op.
837 2472 882 2496 cit.
896 2485 929 2489 -—
945 2478 986 2505 17.
1001 2471 1230 2497 Constatinolim
1244 2471 1270 2497 A
1286 2485 1317 2490 —
1336 2473 1374 2498 18.
1386 2480 1480 2498 errore
1503 2472 1527 2497 C
1541 2473 1573 2496 di
1585 2474 1676 2504 prima
1694 2481 1770 2498 mano
1784 2487 1817 2492 —
1832 2480 1875 2498 20.
1889 2473 1976 2498 Liud-

51 2513 61 2540 Τ
113 2516 241 2552 pandus
261 2517 285 2543 C
301 2523 369 2541 cone
387 2515 478 2545 Bm,
497 2519 537 2548 op.
549 2517 659 2545 clt.‚an.
678 2515 750 2545 4680
764 2527 798 2532 -
818 2521 859 2539 22.
877 2513 988 2547 Ippone
1009 2514 1032 2537 C
1050 2528 1083 2533 —-
1103 2521 1145 2547 23.
1161 2513 1296 2540 Ticinum
1317 2515 1368 2540 Βε
1387 2515 1465 2540 Sasso
1485 2529 1518 2533 —
1538 2522 1580 2548 ²4·
1607 2515 1749 2549 Gisulpho
1773 2515 1796 2540 C
1814 2529 1822 2534 -
1842 2516 1976 2541 Romual-

49 2564 86 2595 235
117 2559 170 2585 dus
191 2558 216 2584 C
232 2573 265 2577 -
285 2557 375 2592 25-26.
390 2566 422 2583 ac
435 2566 464 2583 se
483 2565 511 2583 se
529 2558 595 2582 G-
609 2563 653 2591 27.
672 2557 779 2582 Carolo
794 2557 820 2581 B
837 2564 851 2580 e
870 2555 945 2581 Sasso
959 2570 967 2575 -
981 2557 1120 2589 quendam
1137 2556 1204 2581 0-
1217 2563 1260 2590 33.
1275 2557 1395 2582 Parisils
1412 2556 1436 2581 C
1447 2571 1478 2575 -
1494 2564 1536 2590 34.
1549 2558 1657 2583 deuiclt
1670 2571 1679 2576 -
1691 2558 1742 2583 hec
1761 2558 1875 2591 quidem
1895 2557 1976 2583 Chil-

15 2619 20 2622 -
116 2603 212 2636 pet-lus
231 2603 292 2634 lpse
313 2602 337 2627 C

196 2678 392 2710 ¹PmmsNI.
403 2679 616 2704 x1.1.'reod0210
627 2686 684 2703 non
696 2676 780 2710 morl,
792 2686 836 2703 ma
844 2678 875 2703 fu
886 2677 1017 2712 deposto.
1160 2677 1172 2694 ⁵
1191 2678 1278 2709 IDEM,
1295 2678 1317 2709 1,
1336 2686 1398 2712 409.
1434 2679 1458 2703 11
1479 2680 1621 2713 patriarca
1643 2679 1785 2704 Germano
1807 2680 1837 2704 fu
1857 2681 1973 2705 ritu-ato

195 2721 208 2739 ¹
219 2722 307 2753 lnam,
325 2722 373 2752 VI,
391 2729 470 2748 xLix.
496 2729 515 2746 R
529 2723 610 2755 parte
624 2722 710 2754 copia
728 2721 788 2746 alla
807 2721 917 2751 lettera,
938 2722 1018 2754 parte
1071 2720 1092 2745 11
1115 2725 1129 2753 7
1148 2722 1272 2753 genunio
1293 2726 1346 2753 730
1364 2729 1378 2746 e
1399 2721 1419 2745 il
1435 2729 1532 2746 nuovo
1546 2722 1702 2746 Anastasio
1716 2721 1803 2746 eletto
1823 2721 1843 2745 11
1859 2728 1891 2746 22
1906 2729 1973 2754 gen-

114 2767 198 2791 sunta
216 2765 363 2790 mettendo
382 2764 502 2789 assieme
521 2764 604 2788 brani
625 2763 655 2788 di
676 2763 797 2796 periodi.
1072 2763 1139 2787 nnio
1159 2768 1218 2795 730.
1239 2762 1300 2788 Cf.=
1319 2763 1518 2793 Tnaoz‘ffium,
1534 2771 1579 2788 an.
1594 2762 1673 2788 6221.
1711 2763 1734 2787 11
1747 2763 1838 2787 brano
1852 2762 1867 2788 'e
1880 2764 1971 2788 anche

0 2809 3 2841 ζ
24 2824 30 2828 «
47 2810 91 2831 Ἱο
195 2805 207 2823 ⁸
221 2808 312 2838 Bana,
331 2810 371 2839 op.
390 2808 452 2832 cita
471 2813 516 2831 an.
536 2804 617 2838 4680.
1070 2805 1213 2837 riportato
1232 2805 1267 2829 da
1286 2804 1411 2840 Pmmus,
1431 2804 1481 2835 VI,
1501 2811 1580 2835 xux,
1602 2806 1632 2830 in
1652 2806 1716 2830 fine.
2003 2807 2037 2824 20

54 2843 57 2850 ἦ
196 2848 248 2874 ⁴L.
273 2849 313 2880 1³„
337 2849 360 2880 1,
385 2855 452 2880 40²²
479 2847 558 2873 '‘....
583 2847 656 2872 Nam
682 2848 710 2872 et
734 2848 860 2873 eiusdem
886 2847 1016 2873 civitatis
1159 2846 1170 2862 '³
1188 2847 1278 2877 Bauli,
1296 2849 1408 2880 op.c1·t.,
1433 2855 1480 2874 an.
1510 2847 1590 2881 4680.
1629 2846 1689 2876 Qui
1718 2847 1815 2872 finisce
1836 2848 1863 2873 la
1895 2848 1974 2873 fonte

116 2890 278 2926 “populum
306 2892 432 2917 trecenta
463 2890 572 2916 dictum
600 2892 643 2915 est
674 2891 755 2916 milla
784 2890 890 2915 dlversl
924 2897 1016 2920 sexus,
1071 2889 1193 2915 Bedana.

117 2932 251 2964 ἰωῆς,
269 2933 392 2959 fixissent
406 2934 574 2958 necessitate
588 2934 731 2958 vastatum
745 2933 911 2967 pestilentie
922 2949 946 2965 ,,.
966 2933 1015 2957 Ni·
1160 2930 1171 2947 ⁷
1191 2931 1317 2962 PAths,
1336 2932 1383 2961 VI,
1403 2938 1506 2958 xxxxx.

31 3006 53 3010 Α
114 2975 210 3001 cesoro
229 2983 244 3001 e
271 2974 400 3001 Teosane
426 2982 584 3008 assegnano
610 2982 625 2999 a
645 2977 746 3006 questo
766 2974 878 3000 assedlo
898 2974 945 2999 del
970 2975 1017 3000 Sa·
1157 2973 1168 2990 ⁸
1186 2974 1265 2999 Liber
1284 2975 1418 2999 Hu'stm'ae
1435 2975 1610 3006 Francorum,
1626 2974 1698 2999 edlz.
1713 2975 1773 3004 clt.‚
1786 2974 1800 3007 ἕ
1814 2980 1857 3006 52.
1872 2983 1898 3007 p.
1913 2975 1974 3007 326.

19 3022 91 3054 315
117 3019 209 3043 raeenl
236 3018 264 3043 la
290 3018 391 3043 durata
417 3017 443 3042 d·
453 3025 490 3042 un
518 3024 605 3042 anno.
642 3017 788 3043 L’assedio
816 3016 847 3042 fu
873 3018 968 3042 levato
993 3018 1013 3041 il
1157 3015 1169 3032 ⁹
1187 3017 1305 3047 Inam,§
1333 3023 1373 3050 53,
1393 3024 1440 3050 pp.
1465 3023 1516 3049 3²7
1543 3025 1557 3041 e
1578 3016 1636 3049 328.
1663 3015 1722 3046 Qui
1750 3017 1847 3042 finisce
1874 3019 1972 3049 questa
2004 3019 2035 3045 ²5

120 3064 149 3091 ις
169 3062 272 3093 agento
292 3059 352 3093 7¹8.
1072 3059 1152 3083 sonte
1171 3058 1364 3084 Romualdian
1373 3066 1396 3083 a.
