2398 3470
206 230 414 256 Mun..cc.142·143

267 367 287 381 c.
304 366 363 386 ιῃα

199 1840 329 1862 Stephanus
352 1839 376 1858 I!
391 1841 416 1863 p.

198 1867 210 1891 †
221 1867 253 1886 VI
265 1866 310 1886 kal.
323 1866 366 1885 mai
379 1871 416 1891 757

227 1893 313 1912 Paulus
325 1894 387 1916 papa

246 1926 267 1939 a·
283 1920 308 1939 C·
325 1921 413 1945 757-767

263 1951 283 1966 c.
298 1950 359 1970 175a

387 2640 401 2666 5

380 2911 410 2928 10

450 221 518 255 144
1215 218 1530 255 CHRONICON
2022 226 2073 260 [A.
2094 227 2127 254 c.
2148 229 2300 262 757-767]

442 363 507 385 nec
525 352 630 384 abbas
645 351 704 383 ille
720 351 895 394 preceptis
910 351 1003 394 regis
1018 350 1342 394 Langobardorum,
1359 349 1419 391 qui
1434 349 1501 382 hoc
1518 348 1721 392 imperauit‚'
1754 350 1905 384 audebat
1926 352 2086 384 resistere
2101 352 2121 385 ¹.
2144 351 2302 386 Audiens

440 407 557 447 itaque
582 404 725 446 Pipinus
747 414 809 436 rex
832 404 988 436 eiusdem
1011 403 1183 446 pontificis
1205 402 1404 440 aduentum,
1431 402 1556 435 obuius
1580 403 1613 435 ei
1636 403 1843 436 festinanter
1865 405 2008 438 aduenit
2030 416 2109 438 cum
2131 405 2303 440 Bertrada

442 459 588 501 coniuge
613 463 647 490 et
670 457 749 489 filiis
773 463 808 489 et
830 457 1034 499 primatibus
1058 457 1114 489 cui
1138 462 1174 487 et
1195 456 1274 488 uice
1299 456 1453 488 stratoris
1477 455 1550 498 ipse
1579 457 1687 499 pedes
1709 457 1806 490 iuxta
1832 457 1951 491 sellam
1974 457 2047 491 eius
2070 459 2115 492 ad
2137 459 2301 502 palatium

441 521 549 554 usque
573 520 699 553 magno
723 520 801 542 cum
825 510 955 543 honore
981 510 1137 542 deduxit.
1184 509 1269 541 Mox
1293 509 1387 541 idem
1410 519 1503 551 papa
1525 510 1702 552 prefatum
1732 519 1850 553 regern
1878 511 2153 556 lacrymabiliter
2174 514 2302 556 depre-
2385 547 2388 550 ,

440 571 537 597 catus
562 570 613 596 est
635 569 673 595 ut
695 574 759 606 per
784 563 937 596 caritatis
953 563 1076 595 federa
1093 573 1231 594 causam
1255 561 1350 594 beati
1374 562 1469 595 Petri
1493 563 1696 606 disponeret
1708 562 1730 596 ¹.
1775 563 1825 596 Ut
1848 570 1962 597 autem
1989 565 2188 608 Stephanus
2209 576 2303 609 papa
2347 567 2384 599 5

440 629 460 649 a
483 628 564 660 rege
589 617 715 658 Pipino
733 617 880 649 ecclesie
896 617 1055 649 Romane
1072 616 1268 648 firmitatem
1293 615 1508 648 defensionis
1532 617 1682 659 accepit,
1705 617 1819 660 ipsum
1835 627 1934 650 sacra
1960 619 2130 652 unctione
2147 620 2192 652 ad
2207 619 2302 663 regie
2376 613 2378 615 ¹

439 671 615 714 dignitatis
638 671 804 703 honorem
829 670 1048 703 consecrauit
1071 675 1104 701 et
1128 680 1206 702 cum
1230 679 1272 701 eo
1296 670 1383 702 duos
1406 669 1495 702 filios
1522 670 1596 702 eius
1633 670 1797 703 Carolum
1826 676 1862 703 et
1892 671 2159 705 Carlomannum
2171 671 2194 706 ³.
2239 672 2301 705 Pi-

440 726 541 767 pinus
566 725 680 767 itaque
702 734 776 761 rex,
792 730 975 766 postquam
991 722 1042 755 bis
1060 733 1100 755 ac
1117 722 1218 755 tertio
1234 733 1298 765 per
1314 733 1393 756 suos
1408 723 1544 767 legatos
1560 725 1605 756 ad
1620 723 1843 768 Aistulphum
1870 734 1991 769 regem
2006 725 2156 765 miserat,
2180 727 2302 760 admo-

438 789 523 810 nens
546 788 587 810 ac
621 779 813 820 deprecans
844 777 1012 820 pluraque
1044 775 1096 808 illi
1127 786 1271 808 munera
1302 775 1471 819 pollicens
1501 783 1541 810 ut
1579 778 1722 820 propria
1751 778 1900 811 ecclesie
1931 779 2141 818 restitueret,
2172 779 2301 823 illeque

439 832 631 865 obstinatus
656 830 799 864 obedire
817 830 959 862 differet
981 830 1122 862 tandem
1145 835 1351 873 suggerente
1376 835 1480 873 atque
1503 831 1686 863 insistente
1710 831 1872 864 Romano
1895 832 2060 874 pontifice
2084 842 2162 865 cum
2185 832 2302 867 ualida
2328 833 2378 866 10'

440 896 544 918 manu
568 884 702 917 Italiam
724 884 935 928 ingreditur;
960 882 1199 915 resistentibus
1222 883 1288 916 sibi
1310 883 1555 927 Langobardis
1578 890 1615 916 et
1642 884 1791 917 claustra
1815 885 1916 917 Italie
1938 885 2114 918 tuentibus
2137 886 2182 919 ad
2207 887 2302 930 ipsas

438 939 606 971 montium
630 938 764 971 clausas
788 947 865 969 cum
889 936 1132 979 Langobardis
1148 936 1317 969 acerrime
1333 937 1515 980 pugnauit.
1562 937 1847 981 Cedentibusque
1863 938 2115 982 Langobardis,
2146 939 2302 972 Franco-

438 1003 516 1024 rum
540 992 640 1034 copie
665 991 796 1023 difficili
819 989 936 1023 labore
960 990 1111 1022 uictores
1135 989 1335 1022 extiterunt.
1363 989 1570 1033 Aistulphus
1585 1001 1670 1023 uero
1693 1001 1756 1024 rex
1780 992 1906 1024 iterum
1925 1001 2082 1035 pugnare
2106 1003 2176 1025 non
2200 1002 2303 1026 ausus

438 1046 472 1078 in
497 1046 637 1078 ciuitate
661 1043 772 1086 Papia
788 1054 809 1075 a
823 1054 906 1086 rege
929 1042 1057 1085 Pipino
1075 1042 1234 1075 obsessus
1250 1048 1312 1075 est.
1360 1042 1433 1081 Qui
1450 1050 1530 1077 ante
1548 1044 1766 1078 obsidionem
1782 1055 1853 1078 non
1877 1045 1981 1077 soluit
2004 1056 2107 1088 quam
2133 1045 2302 1079 firmitatis

443 1109 547 1132 causa
570 1109 633 1141 pro
657 1097 838 1130 reddenda
861 1097 1021 1129 Romane
1053 1096 1202 1129 ecclesie
1224 1096 1357 1129 iustitia
1380 1096 1529 1130 obsides'
1552 1098 1758 1140 recepisset3
1782 1098 1872 1131 datis
1895 1109 1981 1131 uero
2005 1097 2184 1132 obsidibus
2216 1109 2297 1142 pro·
2329 1098 2377 1133 15

440 1153 620 1195 missisque
643 1152 717 1183 iure
733 1151 879 1183 iurando
903 1150 1057 1188 firmatis,
1080 1150 1156 1192 ipse
1179 1149 1319 1192 quidem
1343 1149 1490 1193 Pipinus
1515 1160 1580 1183 rex
1602 1151 1639 1183 in
1662 1151 1792 1184 Gallias
1815 1162 1976 1184 reuersus
2003 1158 2055 1185 est
2086 1151 2302 1195 Stephanum

438 1216 524 1238 uero
548 1217 675 1248 papam
699 1205 851 1237 Romam
875 1203 1007 1236 remisit
1018 1202 1040 1235 ⁴.
1087 1203 1338 1236 Carlomannus
1365 1209 1480 1236 autem
1510 1204 1703 1237 monachus
1733 1205 1844 1237 frater
1869 1205 1975 1249 regis,
2006 1205 2065 1249 qui
2095 1206 2133 1238 in
2161 1205 2302 1239 Uienna

439 1261 580 1293 ciuitate
596 1264 817 1296 remanserat,
850 1258 1049 1300 priusquam
1065 1267 1128 1289 rex
1146 1257 1189 1289 de
1206 1257 1306 1289 Italia
1322 1266 1482 1290 reuersus
1498 1263 1552 1290 est
1566 1258 1667 1290 febre
1690 1264 1872 1301 correptus
1895 1259 1987 1291 diem
2012 1258 2099 1292 obiit
2111 1258 2134 1292 ⁵.
2171 1258 2301 1292 Aistul-

439 1314 529 1356 phus
544 1319 659 1345 autem
674 1311 986 1355 Langobardorum
1002 1322 1078 1349 reX‚
1094 1321 1305 1354 quamquam
1321 1311 1519 1354 superiores
1534 1311 1673 1344 obsides
1690 1312 1842 1344 dedisset
1857 1318 1894 1345 et
1917 1313 1962 1344 de
1985 1311 2167 1346 reddenda
2181 1318 2302 1346 sancte
2373 1345 2376 1350 ,

437 1377 580 1400 romane
605 1366 755 1398 ecclesie
777 1365 907 1397 iustitia
937 1364 1010 1396 iure
1041 1364 1188 1397 iurando
1213 1363 1400 1397 obstrictus
1424 1370 1525 1403 esset,
1548 1364 1635 1396 nihil
1658 1370 1774 1397 tamen
1797 1365 1842 1398 de
1869 1365 2046 1408 promissis
2071 1376 2178 1408 opere
2206 1376 2302 1400 com·
2324 1359 2398 1399 20Ξ

436 1421 547 1463 pleuit
559 1419 581 1453 ⁶.
629 1419 701 1452 Sed
724 1424 804 1462 post
827 1418 1039 1461 aliquantum
1071 1417 1236 1460 temporis
1259 1418 1334 1460 ipse
1366 1427 1446 1450 cum
1473 1417 1785 1462 Langobardorum
1808 1418 1965 1451 exercitu
1988 1418 2183 1452 Romanam
2205 1419 2301 1452 uenit
2369 1411 2373 1414 Δ

438 1475 483 1507 ad
505 1474 626 1506 urbem
649 1483 718 1504 una
742 1483 820 1505 cum
844 1472 934 1504 duce
962 1481 1023 1503 suo
1041 1471 1225 1504 Desiderio
1250 1476 1286 1503 et
1313 1472 1385 1504 “ex
1409 1472 1502 1504 omni
1526 1477 1626 1514 parte
1650 1472 1861 1505 circundans
1884 1472 2039 1515 quotidie
2064 1472 2203 1506 fortiter
2225 1483 2301 1506 eam

444 1529 458 1544 “
473 1526 696 1570 expugnauit,
720 1526 905 1567 omniaque
929 1531 1028 1557 extra
1050 1523 1173 1556 urbem
1196 1524 1292 1557 ferro
1316 1530 1351 1556 et
1366 1524 1450 1569 igne
1483 1525 1668 1557 deuastans
1692 1530 1796 1568 atque
1820 1525 1977 1558 funditus
2005 1525 2196 1559 demoliens
2217 1536 2301 1560 con-

440 1583 454 1599 “
468 1581 613 1622 sumpsit
636 1585 674 1612 ut
697 1578 816 1611 urbem
842 1584 986 1621 caperet
1000 1576 1043 1618 „⁷.
1092 1577 1200 1616 Quod
1224 1588 1302 1609 cum
1326 1578 1400 1621 regi
1431 1577 1558 1620 Pipino
1589 1588 1653 1620 per
1676 1578 1811 1622 legatos
1834 1579 1991 1611 eiusdem
2016 1579 2168 1612 Romani
2185 1579 2300 1622 ponti-

435 1634 512 1667 ficis
534 1634 735 1666 nunciatum
759 1638 865 1670 esset3
890 1632 1035 1674 Pipinus
1058 1640 1122 1664 rex
1156 1631 1282 1664 iterum
1307 1641 1385 1664 cum
1417 1631 1577 1664 exercitu
1607 1631 1742 1664 Italiam
1772 1631 1919 1664 intrauit
1950 1637 1985 1664 et
2010 1630 2232 1675 Aistulphum
2262 1632 2300 1665 in
2322 1631 2388 1666 25

437 1687 548 1730 Papia
571 1687 713 1720 ciuitate
737 1697 774 1718 se
798 1686 1038 1718 includentem
1062 1684 1214 1718 obsedit:
1239 1695 1304 1717 nec
1328 1685 1373 1717 ab
1398 1684 1581 1718 obsidione
1614 1685 1745 1718 destitit
1767 1695 1877 1728 usque
1901 1686 1984 1718 dum
2015 1684 2232 1729 Aistulphus,
2256 1685 2300 1719 ab
2374 1687 2376 1690 ’

436 1751 478 1774 eo
503 1741 701 1784 compulsus
724 1741 932 1773 Rauennam
956 1749 997 1771 ac
1021 1738 1242 1781 Pentapolim
1265 1744 1301 1771 et
1324 1748 1462 1771 omnem
1485 1739 1724 1771 Exarchatum
1754 1739 1926 1772 Rauenne
1957 1740 2189 1782 pertinentem
2211 1749 2300 1783 ‘pre-

437 1795 532 1828 dicto
555 1804 647 1837 pape
670 1793 836 1826 reddidit.
884 1792 948 1825 His
971 1792 1017 1825 ita
1041 1792 1193 1835 peractis
1215 1791 1361 1834 Pipinus
1391 1791 1428 1824 in
1460 1792 1610 1825 Galliam
1637 1802 1799 1825 reuersus
1823 1798 1886 1825 est.
1932 1793 2015 1825 Non
2045 1799 2126 1835 post
2154 1793 2299 1826 multum

440 1858 523 1881 uero
546 1847 712 1890 temporis
745 1846 943 1889 Stephanus
966 1857 1059 1889 papa
1082 1846 1175 1879 diem
1200 1844 1287 1878 obiit
1308 1851 1344 1878 et
1366 1846 1523 1888 sepultus
1546 1851 1598 1878 est
1621 1845 1666 1879 ad
1697 1851 1852 1879 sanctum
1876 1845 2016 1878 Petrum
2041 1846 2233 1889 apostolum
2245 1845 2269 1877 ⁸.

524 1901 591 1935 Cui
615 1901 781 1934 successit
803 1900 943 1938 Paulus,
966 1900 1109 1932 natione
1133 1900 1326 1938 Romanus,
1351 1909 1397 1932 ex
1420 1905 1519 1942 patre
1543 1899 1788 1939 Constantino,
1811 1899 1972 1943 seditque
1989 1899 2096 1933 annis'
2110 1911 2146 1941 x,
2161 1910 2258 1934 mens
2274 1910 2299 1934 1.

437 1957 452 1973 “
467 1955 535 1988 Hic
560 1961 674 1987 autem
698 1954 812 1987 minor
835 1963 1022 1997 germanus
1045 1952 1216 1996 Stephani
1238 1953 1414 1996 pontificis
1436 1952 1481 1986 ab
1504 1953 1646 1986 ineunte
1668 1958 1760 1986 etate
1782 1953 1819 1985 in
1845 1953 2054 1986 lateranensi
2087 1953 2299 1996 patriarchio

444 2010 458 2026 “
471 2019 534 2052 pro
566 2009 762 2042 eruditione
794 2007 1031 2040 ecclesiastice
1064 2006 1247 2049 discipline
1278 2007 1323 2039 ab
1348 2006 1471 2039 eodem
1499 2007 1610 2039 fratre
1640 2007 1786 2039 traditus
1817 2012 1870 2042 est
1900 2012 2056 2050 tempore
2080 2007 2242 2051 Gregorii
2265 2007 2300 2040 11

440 2062 613 2095 “iunioris
635 2061 819 2104 pontificis,
844 2066 879 2093 et
901 2061 1120 2103 postmodum
1145 2071 1165 2092 a
1188 2059 1361 2093 Zacharia
1383 2071 1475 2104 papa
1498 2060 1534 2092 in
1559 2060 1764 2093 diaconatus
1787 2060 1946 2093 ordinem
1966 2060 2097 2103 pariter
2119 2069 2200 2093 cum
2221 2071 2302 2104 pre-

444 2118 458 2134 “
471 2116 545 2148 fato
569 2125 735 2159 germano
752 2125 814 2147 suo
837 2120 1014 2157 promotus
1038 2119 1090 2146 est
1104 2112 1126 2146 ⁹.
1174 2113 1247 2147 Sed
1271 2114 1354 2147 dum
1370 2114 1482 2147 isdem
1507 2114 1619 2146 frater
1635 2119 1669 2146 et
1694 2118 1892 2146 antecessor
1907 2114 2069 2156 pontifex
2085 2114 2132 2148 ad
2146 2114 2215 2148 uite
2237 2125 2298 2147 ex-
2372 2151 2373 2155 Ἰ

441 2172 455 2187 “
469 2176 615 2202 tremum
637 2169 895 2212 pertingeret„
919 2167 1017 2200 illico
1040 2168 1191 2210 populus
1213 2168 1375 2201 Romane
1399 2167 1495 2200 urbis
1518 2167 1652 2200 diuisus
1683 2172 1745 2204 est,
1777 2172 1811 2199 et
1834 2167 1893 2199 alii
1917 2177 1996 2200 cum
2024 2167 2297 2211 Theophylacto
2320 2169 2341 2202 3
2365 2172 2386 2209 “g

436 2223 684 2256 archidiacono
708 2233 745 2254 se
769 2221 945 2260 tenebant,
969 2221 1030 2254 alii
1055 2232 1139 2254 uero
1170 2221 1286 2254 eidem
1319 2221 1470 2254 diacono
1495 2219 1759 2254 concordabant
1781 2230 1817 2252 se
1840 2219 1960 2253 Paulo.
2006 2220 2097 2253 Dum
2119 2230 2204 2254 uero
2226 2221 2299 2262 (de)
2372 2222 2383 2230 ’“

437 2277 503 2309 hac
526 2276 606 2309 luce
637 2275 797 2318 pontifex
820 2275 912 2308 idem
936 2275 1117 2319 migrasset
1140 2281 1175 2308 et
1197 2275 1235 2306 in
1258 2274 1405 2307 basilica
1426 2273 1522 2307 beati
1553 2273 1650 2306 Petri
1676 2273 1830 2316 sepultus
1861 2279 1962 2313 esset,
1987 2274 2151 2307 continuo
2176 2274 2298 2318 populi

437 2329 676 2373 congregatio,
700 2339 765 2372 que
782 2339 861 2362 cum
878 2328 1001 2362 eodem
1018 2328 1126 2361 Paulo
1143 2334 1219 2361 erat
1240 2329 1255 2346 ⁴⁴
1266 2327 1429 2372 quoniam
1445 2327 1606 2366 ualidior,
1624 2333 1658 2360 et
1675 2327 1801 2360 fortior
1820 2333 1895 2360 erat
1918 2338 1999 2360 eum
2021 2327 2057 2360 in
2079 2328 2299 2371 pontificatus

523 2471 548 2489 2.
568 2465 705 2489 Bertrada
725 2466 750 2489 Β
768 2472 782 2488 ε
802 2465 879 2490 Sasso
899 2478 930 2481 —
953 2472 977 2496 3.
992 2471 1024 2488 ac
1043 2464 1217 2497 primatibus
1239 2465 1262 2489 C
1280 2477 1311 2482 —-
1331 2471 1387 2496 3-4.
1407 2463 1443 2488 ad
1462 2463 1604 2496 palatium
1617 2463 1678 2487 elus
1692 2469 1779 2494 usque
1797 2469 1902 2495 magno
1922 2463 1949 2487 B
1967 2470 1981 2486 e
1999 2462 2079 2487 Sasso
2098 2475 2108 2480 -
2127 2461 2297 2495 prephatum

435 2515 528 2541 regem
551 2508 574 2532 C
591 2521 623 2526 —
654 2507 678 2532 8.
698 2507 860 2532 Aistulfum
882 2509 905 2532 C
922 2521 955 2524 -
975 2506 1029 2540 8-9.
1049 2514 1216 2531 ammonens
1237 2507 1260 2531 C
1277 2520 1311 2524 —
1331 2514 1356 2539 9.
1376 2506 1527 2540 pollicitus
1553 2507 1596 2530 est
1618 2507 1641 2530 C
1657 2518 1691 2523 —
1713 2504 1754 2530 18.
1782 2506 1969 2530 reuerteretur
1991 2505 2014 2530 C
2030 2517 2041 2523 ·
2065 2506 2215 2537 postquam
2238 2505 2266 2530 B
2282 2512 2296 2529 e

435 2550 515 2575 Sus-50
535 2563 567 2567 —
587 2556 630 2574 πυ.
650 2551 710 2574 iure
730 2550 853 2573 iurando
872 2556 966 2573 manca
980 2550 1009 2573 in
1030 2550 1057 2573 B
1075 2556 1088 2572 e
1107 2548 1185 2573 Sasso
1205 2562 1214 2566 -
1235 2549 1325 2573 nichil
1348 2549 1371 2573 C
1388 2561 1421 2566 —
1442 2554 1484 2572 22.
1505 2548 1614 2573 cotidie
1629 2548 1657 2572 C.
1672 2554 1752 2572 come
1764 2547 1826 2576 ΖΡ,
1840 2547 1861 2577 Ι,
1875 2555 1902 2579 p.
1916 2552 1966 2579 451
1988 2560 2021 2564 —
2036 2553 2078 2579 24.
2092 2545 2176 2575 Quod
2189 2547 2256 2572 dum
2268 2547 2296 2571 B

433 2600 446 2616 e
459 2592 536 2616 Sasso
548 2606 580 2609 —
592 2598 634 2624 25.
648 2592 807 2616 Aistulfum
826 2591 849 2615 C
860 2606 892 2609 —
907 2590 949 2616 26.
963 2591 1108 2615 Aistulsus
1126 2591 1149 2615 C
1160 2604 1193 2609 —-
1208 2597 1249 2624 ²7·
1263 2590 1409 2615 Rauenam
1425 2592 1448 2616 C
1466 2605 1498 2608 -
1512 2597 1555 2623 31.
1569 2590 1683 2615 ineunti
1700 2589 1723 2614 C
1734 2603 1767 2606 —
1781 2596 1823 2622 32.
1834 2590 1949 2614 secundi
1967 2588 1990 2613 C
2007 2602 2038 2607 -—
2053 2596 2144 2622 33-34.
2157 2589 2295 2624 prephato

434 2642 570 2668 germano
588 2634 611 2659 C
622 2648 652 2652 —
669 2642 711 2667 35.
725 2635 797 2659 ilico
814 2634 838 2658 C
848 2648 881 2651 —
896 2633 938 2667 36.
952 2633 1158 2658 archidiacono
1172 2634 1307 2658 tenebant
1321 2633 1345 2657 C
1355 2647 1369 2672 -ι
1379 2633 1504 2658 diacono
1518 2640 1547 2658 se
1560 2632 1774 2658 concordabant
1787 2631 1811 2656 C
1821 2645 1830 2650 —
1844 2632 1919 2656 Dum
1932 2639 2000 2657 uero
2013 2632 2065 2656 hac
2078 2631 2140 2656 luce
2153 2633 2182 2657 B
2193 2639 2207 2656 a
2219 2630 2297 2656 Sauo

526 2738 534 2754 ¹
555 2739 584 2763 L.
604 2740 634 2764 P.
653 2738 675 2770 1,
696 2747 743 2772 pp.
757 2738 817 2771 446,
832 2744 897 2771 447ss
918 2738 978 2763 Vita
991 2738 1132 2770 Stephani,
1146 2740 1206 2769 cit..
1220 2738 1339 2770 §XXIII
1481 2737 1492 2754 ⁷
1512 2738 1540 2763 L.
1561 2738 1602 2769 P„
1619 2739 1641 2769 Ι,
1662 2745 1723 2771 451,
1743 2737 1758 2771 ξ
1776 2737 1849 2762 XLI.

437 2789 451 2805 e
473 2781 576 2806 XXIV.
1482 2779 1493 2796 ⁸
1512 2782 1598 2811 IDEM,
1617 2781 1638 2812 Ι,
1658 2788 1706 2814 pp.
1725 2779 1851 2813 453-456.

525 2823 536 2839 ²
555 2824 642 2853 IDEM,
662 2824 717 2848 loc.
738 2824 796 2854 cit„
816 2824 829 2854 ξ
848 2830 908 2848 xxv
928 2831 942 2848 e
962 2830 1045 2848 xxvi.
1482 2822 1493 2839 ⁹
1512 2823 1600 2853 InaM,
1618 2823 1639 2853 Ι,
1659 2822 1728 2855 463:
1753 2823 1813 2847 Vita
1831 2823 1918 2854 Pauli,
1939 2822 1953 2854 §
1975 2830 1985 2847 1
1998 2830 2004 2847 ε
2016 2822 2038 2836 ““
2047 2822 2102 2847 Hic
2120 2823 2155 2847 ab
2178 2822 2297 2848 ineunte

526 2864 536 2881 3
555 2865 643 2897 IDEM,
664 2867 718 2891 loc.
738 2868 797 2895 cit„
818 2873 844 2899 p.
865 2865 926 2898 448,
946 2865 959 2897 ἓ
978 2872 1072 2891 xxvn.
1394 2865 1493 2890 “etate
1512 2866 1543 2889 in
1563 2865 1738 2890 lateranensi
1757 2865 1936 2898 patriarchio
1958 2872 2019 2890 cum
2045 2866 2165 2898 proprio
2184 2864 2296 2889 seniore

526 2906 537 2922 4
557 2907 643 2938 IDEM,
662 2907 682 2937 1,
703 2916 729 2940 p.
748 2907 800 2940 448
820 2916 873 2939 sg.;
895 2915 911 2931 R
932 2909 1068 2932 riassume
1087 2908 1097 2932 i
1117 2908 1131 2938 ἓ
1151 2907 1184 2932 28
1204 2916 1219 2933 a
1239 2914 1283 2940 45.
1393 2909 1554 2940 “germano
1579 2907 1725 2941 Stephano
1753 2908 1950 2940 predecessore
1976 2907 2037 2932 elus
2065 2906 2212 2940 pontefice,
2241 2913 2294 2939 pro

525 2947 536 2963 ⁵
557 2949 642 2978 Imm,
662 2950 683 2980 I,
702 2957 730 2982 p.
750 2957 813 2982 449,
834 2950 847 2979 ξ
865 2956 927 2974 xxx
946 2949 1008 2974 fine.
1395 2950 1683 2981 “eruditione....„.

527 2989 537 3006 ⁶
558 2992 643 3021 IDEM,
663 2992 684 3023 Ι,
704 3000 730 3025 p.
751 2997 812 3024 452,
831 2991 845 3023 ξ
864 2999 966 3016 xxxix.
