2398 3470
190 261 266 288 Mun..
278 267 313 284 ec.
326 262 388 288 37·38

254 717 276 732 Ι·
291 717 321 732 m·
337 715 389 736 ³733

308 931 328 946 c.
341 925 389 951 53b

267 1354 345 1379 Mun.¹
362 1355 388 1380 38

308 1627 329 1642 c.
342 1626 392 1647 54⁴²

254 2269 276 2284 a.
291 2269 321 2284 m.
337 2267 390 2289 ³750

314 2374 335 2390 c.
348 2368 395 2394 5ᾼό

380 2726 394 2754 5

372 2977 405 2998 10

431 251 479 289 34
1013 248 1303 286 ROMUALDI
1339 247 1708 284 SALERNITANI
1942 253 2027 290 [AA.
2042 262 2084 284 m.
2098 256 2296 292 :ms-3750]

428 381 444 398 ‘⁶
459 380 641 420 elefantos,
665 391 751 424 quos
774 380 906 424 primus
930 379 1076 414 adduxit
1099 379 1143 412 de
1166 377 1340 420 Ethiopia,
1364 386 1452 409 cccc
1467 400 1481 416 „
1499 375 1520 415 ¹,
1544 386 1651 410 naues
1674 376 1808 420 longas,
1833 387 1920 420 quas
1942 388 2036 411 nunc
2061 377 2215 413 liburnas
2235 390 2297 414 uo-

428 440 518 473 cant,
542 433 636 466 mille
659 433 876 478 quingentas,
898 433 983 466 alias
1007 438 1120 465 autem
1144 432 1190 465 ad
1214 430 1348 464 cibaria
1370 430 1590 472 deportanda
1612 430 1770 470 militum,
1794 430 1898 471 mille,
1922 431 1997 464 auri
2021 442 2161 476 quoque
2185 439 2222 467 et
2243 445 2299 467 ar-

430 487 525 530 genti
548 488 682 531 grande
706 483 932 530 pondusz‘ita
962 492 1000 519 ut
1022 487 1067 519 de
1098 486 1239 529 Egypto
1270 493 1336 527 per
1365 483 1521 527 singulos
1552 492 1661 517 annos
1692 484 1935 527 quatordecim
1966 484 2062 518 milia
2094 486 2297 532 octingenta

427 540 556 574 talenta
580 540 664 581 auri,
688 547 723 574 et
745 541 912 574 frumenti
935 540 1084 579 artabas,
1108 549 1175 582 que
1200 547 1361 570 mensura
1384 542 1454 569 tres
1485 535 1620 570 modios
1645 543 1680 570 et
1703 538 1841 570 tertiam
1872 537 1980 571 modii
2010 544 2148 582 partem
2170 540 2294 580 habet3

428 593 610 637 quinquies
626 600 660 628 et
673 594 791 628 decies
807 601 954 627 centena
969 593 1073 625 milia.
1122 593 1137 609 ‘⁴
1152 591 1326 625 Sostratus
1342 589 1491 623 Guidius
1507 590 1622 623 farum
1638 590 1674 624 in
1689 590 1940 625 Alexandriam
1958 593 2152 626 construxit
2168 593 2296 628 Aratus
2343 594 2362 628 5

432 649 447 665 κ
459 647 686 691 philosophus
701 648 900 693 agnoscitur
912 672 942 687 „.
967 638 1282 680 ffinccxxxm.

519 702 534 718 ⁴⁴
547 701 746 735 Ptolomeus
767 702 959 745 Euergetes
982 701 1092 732 frater
1114 697 1301 741 superioris
1323 697 1418 742 regis
1442 698 1523 731 anni
1546 708 1650 731 xxvn
1674 700 1734 743 qui
1756 699 1838 732 inde
1861 699 2055 744 Euergetes
2070 700 2115 733 ab
2137 701 2299 746 Egyptiis

431 756 446 772 ‘⁴
459 760 512 787 est
535 761 690 795 uocatus,
714 755 797 800 quia
820 761 922 797 capta
945 754 1057 798 Syria,
1082 758 1116 785 et
1138 751 1275 791 Cilicia,
1300 757 1336 784 et
1351 762 1462 795 prope
1479 751 1620 785 modum
1636 753 1802 785 uniuersa
1817 751 1915 793 Asia,
1932 753 2023 786 inter
2044 754 2228 788 innumera
2244 766 2298 788 ar-
2395 797 2398 804 Α

432 809 447 825 ‘⁴
460 809 556 852 genti
578 809 746 852 pondera,
770 819 811 842 ac
834 819 918 841 uasa
940 807 1102 851 pretiosa,
1128 816 1194 849 que
1213 805 1318 848 cepit,
1334 805 1436 838 etiam
1453 806 1549 839 Deos
1564 816 1697 845 eorum,
1721 817 1810 850 quos
1833 806 2014 841 Cambises
2037 813 2141 851 capta
2155 808 2297 854 Egypto
2393 806 2398 844 Ξ

429 863 444 879 “
458 861 494 894 in
516 862 643 895 Persas
664 868 873 906 portauerat‚
897 861 1024 895 retulit.
1071 859 1262 903 Judeorum
1285 859 1450 902 pontifex
1473 859 1582 893 Onias
1606 860 1769 905 Symonis
1791 861 1882 904 Justi
1899 861 1991 894 filius
2007 861 2121 895 clarus
2137 862 2296 904 habetur,
2324 852 2364 898 [0
2390 847 2398 895 Ξ

431 916 558 960 “cujus
579 916 663 949 item
686 916 775 949 filius
799 916 930 960 Symon
954 924 1025 947 non
1048 913 1175 947 minori
1197 913 1325 958 gloria'
1350 913 1490 957 fulget„
1508 913 1531 947 ².
1578 914 1682 948 Tunc
1714 914 1819 948 etiam
1851 914 2004 953 Quintus
2031 915 2165 949 Ennius
2193 923 2300 960 poeta

424 969 570 1002 Tarenti
591 970 755 1009 nascitur,
778 969 838 1012 qui
859 975 938 1012 post
960 968 1095 1001 Romae
1119 967 1240 1012 deguit
1263 972 1447 1000 contentus
1469 967 1571 1000 unius
1593 967 1720 1000 ancille
1736 968 1929 1002 ministerio
1942 968 1965 1002 ⁸.
1990 969 2193 1004 Jeronimus.
2223 970 2301 1004 Pri-

424 1033 517 1055 mum
547 1023 656 1067 Syrie,
687 1029 725 1056 ut
755 1023 912 1062 diximus,
936 1021 1094 1066 regnauit
1117 1021 1297 1060 Seleucus,
1330 1027 1565 1065 cognomento
1596 1020 1772 1061 Nicanor}
1804 1023 1979 1056 secundus
2001 1022 2209 1069 Antiochus,
2240 1024 2300 1068 qui

424 1076 618 1119 appellatus
641 1083 692 1110 est
716 1077 852 1115 Sother,
876 1075 999 1109 tertius
1023 1081 1059 1108 et
1080 1075 1155 1118 ipse
1178 1074 1385 1114 Antiochus,
1409 1075 1470 1119 qui
1492 1075 1686 1109 uocabatur
1713 1076 1844 1115 Theos,
1868 1076 1960 1110 idest
1989 1077 2096 1110 Deus.
2143 1077 2212 1111 Iste
2236 1078 2298 1111 ad-

424 1141 561 1163 uersum
583 1130 801 1164 Ptolomeum
816 1129 1108 1174 Phyladelphum‚
1126 1129 1187 1171 qui
1203 1129 1378 1162 secundus
1394 1129 1543 1171 imperat
1559 1129 1731 1173 Egyptiis,
1747 1130 1855 1173 gessit
1870 1130 1964 1164 bella
1979 1130 2130 1174 plurima
2158 1137 2194 1164 et
2214 1131 2298 1165 totis
2325 1131 2364 1165 15

423 1183 611 1228 Babylonis
634 1183 767 1217 uiribus
790 1183 981 1216 dimicauit.
1029 1182 1163 1216 Volens
1186 1183 1304 1225 itaque
1327 1181 1529 1215 Ptolomeus
1545 1187 1625 1225 post
1641 1183 1768 1216 multos
1784 1194 1893 1217 annos
1908 1184 2092 1217 molestum
2108 1184 2199 1218 inire
2223 1195 2299 1218 cer-

422 1242 549 1276 tamen,
574 1237 680 1270 filiam
704 1248 799 1270 suam
824 1236 965 1270 nomine
987 1235 1186 1269 Beronicen
1208 1234 1386 1269 Antiocho
1409 1246 1555 1268 uxorem
1579 1236 1690 1275 dedit,
1715 1236 1776 1280 qui
1802 1238 1847 1270 de
1869 1237 1988 1280 priore
2011 1248 2134 1278 uxore,
2157 1238 2298 1285 nomine

423 1290 588 1324 Laodoce
603 1290 756 1324 habebat
772 1291 860 1324 duos
875 1290 973 1330 filios,
991 1289 1188 1329 Seleucum,
1205 1289 1265 1333 qui
1282 1290 1548 1333 cognominatus
1566 1295 1618 1322 est
1634 1289 1836 1330 Callinicus,
1854 1297 1889 1324 et
1904 1290 2051 1324 alterum
2066 1290 2297 1326 Antiochum:

426 1343 636 1388 deduxitque
659 1355 736 1377 eam
759 1343 883 1388 usque'
906 1344 1096 1384 Pelusium,
1121 1349 1156 1376 et
1179 1343 1312 1375 infinita
1334 1343 1410 1375 auri
1433 1343 1639 1387 argentique
1663 1343 1758 1377 milia
1782 1343 1873 1377 dotis
1896 1345 2035 1378 nomine
2059 1345 2178 1385 dedit;
2205 1346 2299 1380 unde
2381 1389 2383 1392 ⁴

422 1403 456 1429 et
479 1396 739 1441 Phenophores,
763 1398 856 1430 idest
880 1397 1006 1430 dotalis
1030 1402 1081 1429 est
1105 1396 1311 1440 appellatus.
1357 1395 1558 1429 Antiochus
1582 1403 1699 1430 autem
1724 1397 1931 1439 Beronicen,
1948 1409 2017 1442 que
2034 1399 2126 1432 inter
2148 1404 2296 1443 patrem,
2321 1401 2364 1434 20
2391 1392 2393 1394 ,

423 1461 465 1483 ac
489 1451 599 1483 uirum
620 1450 735 1494 junxit
758 1451 925 1484 amicitias
949 1456 1147 1484 consortem
1169 1450 1270 1494 regni
1292 1449 1423 1483 habere
1447 1450 1579 1490 dicens,
1604 1457 1639 1483 et
1661 1450 1856 1484 Laodocen
1880 1451 1915 1484 in
1941 1452 2138 1486 concubine
2163 1453 2293 1487 locum:

424 1510 502 1547 post
524 1504 667 1538 multum
691 1505 856 1548 temporis
879 1514 997 1537 amore
1021 1509 1212 1547 superatus,
1236 1504 1430 1537 Laodocen
1454 1514 1534 1536 cum
1556 1504 1676 1537 liberis
1699 1505 1769 1537 suis
1792 1505 1926 1550 regj'am
1949 1506 2101 1546 induxit,
2131 1517 2200 1551 que
2223 1518 2297 1540 me-

423 1562 524 1591 tuens
547 1558 742 1603 ambiguum
765 1559 832 1591 uiri
856 1558 1017 1598 animum,
1040 1568 1085 1590 ne
1109 1557 1308 1591 Beronicen
1331 1557 1528 1598 reduceret,
1552 1557 1663 1590 uirum
1684 1569 1750 1601 per
1764 1558 1940 1592 ministros
1956 1569 2095 1593 ueneno
2111 1559 2297 1594 interfecit.

426 1610 553 1644 Filium
577 1623 674 1645 suum
698 1612 898 1646 Seleucum'
923 1611 1134 1645 Gallinicum
1157 1611 1192 1643 in
1217 1611 1297 1645 loco
1321 1611 1428 1654 patris
1443 1621 1563 1656 regem
1589 1612 1777 1645 constituit.
1821 1613 1995 1646 Berenice
2018 1619 2134 1647 autem
2156 1624 2299 1648 reuersa
2375 1644 2381 1647 t

424 1670 478 1698 est
499 1665 534 1698 in
557 1672 684 1699 terram
707 1677 815 1699 suam.
860 1666 906 1699 Et
929 1671 1065 1698 mortuo
1089 1665 1271 1698 Ptolomeo
1295 1664 1497 1698 Philadelfo
1520 1670 1621 1708 patre
1645 1666 1720 1710 ejus
1743 1666 1780 1698 in
1803 1666 1956 1711 Egypto,
1989 1667 2099 1713 frater
2129 1667 2232 1708 illius,
2263 1673 2298 1701 et
2320 1666 2378 1708 25,

422 1717 498 1761 ipse
520 1719 718 1753 Ptolomeus
741 1725 974 1764 cognomento
997 1720 1179 1764 Euergens
1202 1719 1325 1752 tertius
1347 1719 1516 1756 successit
1539 1719 1574 1751 in
1597 1729 1755 1763 regnum.
1803 1719 1972 1759 Quicum
1987 1731 2114 1766 magno
2138 1721 2297 1755 exercitu

422 1773 577 1813 ueniens,
600 1774 777 1819 ingressus
800 1779 853 1807 est
875 1773 1094 1817 prouinciam
1119 1773 1284 1813 Seleucii,
1309 1779 1546 1817 cognomento
1578 1774 1747 1818 Galljcini
1778 1774 1838 1818 qui
1861 1785 1941 1807 cum
1973 1781 2082 1809 matre
2103 1774 2297 1809 Laodocen

423 1827 592 1871 regnabat
614 1827 649 1860 in
673 1828 786 1873 Syria,
810 1834 845 1861 et
867 1827 995 1860 abusus
1017 1833 1069 1861 est
1091 1827 1152 1867 eis,
1178 1833 1213 1860 et
1236 1827 1387 1871 optinuit
1417 1827 1453 1860 in
1485 1834 1628 1867 tanturn,
1660 1834 1699 1861 ut
1723 1828 1861 1871 Syriam
1884 1834 2040 1873 caperet,
2065 1835 2100 1863 et
2123 1829 2295 1874 Ciljciam,

425 1880 691 1924 superioresque
713 1887 831 1924 partes
854 1887 949 1914 trans
971 1881 1195 1924 Euphratem,
1220 1887 1255 1914 et
1278 1891 1391 1924 prope
1415 1882 1558 1915 modum
1574 1882 1772 1915 uniuersam
1787 1881 1918 1916 Asiam.
1965 1882 2123 1927 Cumque
2148 1883 2299 1917 audisset
2388 1918 2390 1921 ,

424 1933 459 1965 in
482 1934 621 1979 Egypto
645 1935 847 1968 seditionem
870 1935 1015 1975 moueri,
1039 1934 1210 1978 diripiens
1231 1945 1379 1979 regnum
1396 1935 1560 1976 Seleucii,
1577 1936 1810 1980 quadraginta
1825 1936 1922 1969 milia
1937 1936 2146 1970 talentorum
2162 1938 2296 1981 argenti
2351 1943 2366 1966 Ι·
2396 1951 2398 1977 ,5

424 1986 514 2027 tulit,
538 1993 573 2020 et
594 1999 679 2021 uasa
701 1989 865 2031 pretiosa,
889 1988 1142 2031 simulacraque
1166 1988 1237 2022 duo
1260 1988 1356 2021 milia
1379 1988 1588 2033 quingenta3
1613 1989 1651 2021 in
1674 1989 1801 2033 quibus
1825 1995 1924 2022 erant
1947 1995 1983 2023 et
2005 1989 2077 2029 illa,
2102 2000 2171 2034 que
2194 1991 2300 2024 Cam·
2396 1979 2398 1992 ¹

424 2039 516 2072 bises
546 2046 649 2083 capta
678 2041 819 2086 Egypto
849 2041 884 2074 in
908 2041 1035 2074 Persas
1060 2046 1273 2084 portauerat‚
1319 2041 1484 2085 Denique
1507 2051 1595 2086 gens
1617 2042 1847 2086 Egyptiorum
1870 2042 2034 2076 idolatrie
2059 2042 2188 2084 dedita,
2213 2043 2295 2088 quia

423 2099 502 2136 post
525 2094 650 2127 multos
672 2105 783 2128 annos
805 2095 900 2129 Deos
923 2106 1045 2128 eorum
1068 2095 1234 2129 retulerat
1257 2095 1550 2140 Euergertineum
1573 2095 1775 2139 appellauit.
1821 2096 1868 2130 Et
1891 2096 2029 2141 Syriam
2053 2096 2195 2141 quidem
2218 2097 2292 2141 ipse

424 2147 584 2190 optinuit.
630 2149 793 2194 Ciljciam
817 2155 933 2183 autem
956 2150 1070 2182 amico
1093 2160 1155 2183 suo
1178 2148 1358 2194 Antjoeho
1381 2148 1647 2194 gubernandam
1671 2150 1832 2184 tradidit:
1857 2156 1892 2184 et
1914 2150 2073 2194 Antippo
2090 2150 2192 2184 alteri
2215 2151 2297 2185 duci
2380 2187 2383 2191 ,

424 2200 624 2243 prouincias
646 2208 740 2235 trans
763 2203 978 2246 Euphratem
987 2202 1008 2236 ⁴.
1033 2193 1221 2237 ffmCCL.
2319 2206 2359 2240 3.
2381 2242 2385 2249 λ

519 2254 744 2288 “Ptolomeus
766 2255 982 2301 Phylopator
1005 2256 1093 2289 filius
1115 2256 1299 2300 Euergetis
1322 2256 1423 2290 annis
1447 2266 1526 2290 xvrt
1548 2256 1743 2291 Antiochus
1758 2267 1821 2290 rex
1836 2257 1940 2302 Syrie
1956 2257 2050 2290 uicto
2073 2257 2298 2301 Philopatore
2360 2251 2364 2256 ”

430 2308 445 2325 “
458 2307 605 2351 Judeam
622 2308 687 2341 sibi
702 2308 822 2342 sociat.
870 2308 1059 2352 Judeorum
1076 2310 1237 2353 pontifex
1252 2310 1421 2343 maximus
1437 2310 1546 2344 Onias
1561 2310 1651 2343 filius
1668 2310 1831 2355 Symonis
1846 2311 1993 2354 insignis
2009 2309 2171 2345 habetur:
2191 2317 2295 2356 atque
2376 2342 2378 2344 ,

436 2360 809 2394 “Lace'demoniorum
842 2373 905 2395 rex
939 2362 1091 2395 Darius⁵
1114 2364 1249 2407 legatos
1272 2363 1421 2404 mittit„.
1468 2364 1582 2409 Hujus
1605 2370 1764 2407 tempore
1788 2364 1966 2407 pontificis
1997 2364 2093 2397 Iesus
2119 2364 2209 2398 filius
2231 2357 2319 2411 Sy.'
2352 2360 2358 2391 Ϊ
2372 2379 2381 2413 ¹j

423 2414 543 2447 radact
566 2413 743 2457 Sapientie
774 2414 901 2448 librum
932 2425 1157 2459 componens,
1189 2427 1292 2461 quem
1324 2423 1453 2451 uocant
1476 2417 1685 2451 Parameton
1719 2418 1824 2451 etiam
1857 2417 2041 2462 Symeonis
2072 2418 2108 2451 in
2138 2427 2181 2452 eo
2211 2419 2297 2453 fecit
2348 2428 2356 2457 J
2373 2417 2379 2445 ἶ

497 2561 523 2587 4.
542 2554 643 2580 talenti
661 2556 686 2580 Α
705 2569 716 2574 -
733 2557 852 2582 terciam
875 2557 899 2581 C
910 2570 943 2575 —
959 2562 983 2589 5.
996 2558 1134 2591 quinques
1152 2559 1178 2583 A
1191 2572 1203 2578 -
1215 2558 1362 2585 contraxit
1380 2559 1407 2584 B
1420 2572 1453 2578 —
1467 2566 1493 2591 9.
1506 2559 1636 2594 preciosa
1654 2560 1681 2584 B
1694 2559 1718 2584 C
1727 2573 1738 2579 -
1756 2560 1779 2584 C
1795 2568 1843 2585 om·
1858 2567 1912 2592 que
1925 2574 1936 2579 -
1949 2561 2039 2586 eclam
2056 2559 2081 2585 C
2090 2573 2124 2579 —
2141 2566 2183 2586 η.
2196 2561 2296 2594 postea
2346 2555 2357 2582 't
2369 2562 2373 2596 J

425 2595 450 2620 A
461 2596 486 2620 B
505 2608 538 2614 —
560 2603 601 2629 14.
618 2598 724 2623 tercius
742 2599 768 2622 B
781 2598 805 2623 C
820 2613 854 2617 —
876 2605 966 2632 14-15.
985 2599 1123 2625 adversus
1145 2600 1169 2625 C
1186 2615 1218 2619 —
1240 2609 1251 2626 x
1257 2606 1282 2633 5.
1302 2600 1459 2627 Filadelfus
1476 2602 1503 2626 B
1516 2601 1539 2626 C
1550 2615 1583 2621 -
1607 2601 1647 2627 16.
1665 2602 1747 2628 finire
1766 2603 1822 2626 dice
1840 2610 1890 2627 san
1910 2602 2048 2627 Girolamo
2067 2615 2101 2622 —
2120 2608 2165 2628 2ο.
2183 2602 2296 2628 Phene·
2370 2602 2373 2606 ”

426 2638 528 2670 phores
540 2638 565 2663 A
573 2649 585 2667 ,·
598 2639 816 2673 Phernophores
831 2641 854 2666 C
858 2651 870 2670 ,·
882 2642 1047 2673 φορνοφόρος
1059 2643 1116 2667 dice
1129 2650 1178 2667 san
1193 2643 1330 2668 Girolamo
1337 2653 1349 2672 ,·
1361 2645 1424 2668 vedu*
1434 2646 1496 2669 nota
1508 2650 1526 2675 4
1540 2659 1573 2663 -
1587 2651 1631 2671 21.
1645 2645 1775 2670 amlcizla
1787 2645 1814 2669 B
1830 2645 1853 2669 C
1863 2658 1874 2663 -
1887 2645 2052 2670 Laddocens
2064 2644 2089 2669 A
2105 2658 2137 2663 —
2151 2643 2194 2671 26.
2208 2645 2296 2670 Ever-
2349 2643 2352 2646 ’
2371 2658 2373 2662 -

425 2680 500 2713 getIs
524 2681 547 2705 C
562 2694 574 2700 -
591 2681 696 2707 tercius
714 2683 740 2706 B
754 2683 778 2707 C
794 2697 827 2702 —
848 2690 891 2716 29.
910 2683 1048 2710 Eufraten
1066 2685 1092 2708 B
1109 2685 1132 2709 C
1149 2699 1182 2704 -
1202 2693 1245 2719 30.
1259 2685 1401 2712 sedicione
1424 2686 1447 2711 C
1463 2700 1497 2705 —
1517 2693 1561 2720 32.
1581 2688 1774 2721 Egypclorum
1798 2687 1821 2711 C
1837 2701 1848 2706 -
1865 2687 2006 2721 ydolatrle
2025 2687 2052 2711 B
2067 2686 2092 2712 C
2107 2698 2142 2706 -
2155 2693 2199 2720 34.
2218 2687 2295 2713 Xan-
2345 2680 2371 2694 ”

424 2723 505 2756 tippo
528 2723 594 2747 C-
615 2729 657 2756 35.
679 2724 703 2749 C
719 2733 829 2751 manca.-
850 2727 928 2752 trans
948 2740 981 2746 -
1001 2725 1043 2758 36.
1057 2727 1225 2762 philopater
1243 2729 1270 2752 B
1284 2728 1307 2752 C
1323 2742 1356 2747 —
1371 2734 1415 2761 37.
1434 2731 1547 2763 atquem
1571 2729 1594 2754 C
1611 2743 1644 2748 —-
1664 2736 1708 2763 39.
1727 2730 1871 2762 sapiencie
1888 2730 1915 2754 B
1928 2729 1952 2754 C
2361 2729 2364 2734 '

430 2807 469 2841 (p.
488 2808 520 2840 67
540 2807 591 2843 ng.)
610 2809 625 2843 ἕ
647 2817 676 2836 12
699 2809 713 2824 ¹¹
725 2809 878 2844 Δημήτριος
898 2813 911 2836 ὁ
931 2812 1079 2845 Φαληρεύς,
1100 2813 1129 2838 ’ὸς
1156 2814 1188 2846 ἦν
1213 2814 1256 2839 ἐπὶ
1282 2815 1333 2839 τῶν
1479 2814 1491 2832 ³
1510 2817 1582 2843 His-t.
1601 2817 1691 2846 M'sc„
1710 2817 1760 2843 nb.
1780 2816 1815 2848 11,
1835 2823 1870 2849 34
1890 2814 1930 2849 (P·
1949 2816 2006 2850 47)·
2355 2841 2358 2848 2

430 2850 444 2864 Β
454 2851 629 2885 βιβλιοθηκῶν
643 2853 688 2878 τοῦ
701 2854 828 2884 βκσιλέως
831 2872 902 2885 .....
908 2873 932 2888 „.
947 2856 973 2880 R
984 2857 1043 2882 cita
1056 2855 1089 2881 da
1100 2863 1150 2881 san
1164 2857 1333 2889 Gtrolamog
1479 2857 1490 2875 ⁴
1509 2860 1719 2892 Hmnorwmus,
1744 2862 1784 2892 op.
1810 2860 1867 2888 cst„
1887 2860 1922 2894 V,
1942 2858 2078 2892 704-7063
2101 2859 2216 2890 ΜΙΘΝΙ,
2242 2859 2300 2886 701·

430 2900 448 2917 o
466 2893 568 2926 meglio
587 2894 658 2920 dalla
678 2896 748 2920 Hx'st.
762 2896 852 2926 Μῖνι..
862 2898 917 2923 loc.
930 2897 979 2922 cit.
994 2896 1032 2930 (p.
1048 2898 1093 2930 4²)
1114 2906 1162 2932 per
1175 2905 1232 2924 una
1245 2900 1334 2931 parte,
1389 2902 1447 2933 clt.‚
1468 2900 1594 2933 560-561.
2344 2902 2359 2927 2'

431 2935 468 2960 da
487 2942 537 2961 san
557 2936 706 2962 Glrolamo
726 2945 775 2972 per
793 2939 815 2965 il
836 2940 922 2965 resto.
1478 2940 1490 2958 ⁵
1507 2943 1639 2969 FnAvrus
1657 2942 1810 2974 Insanum,
1830 2942 1891 2974 XII,
1915 2949 1973 2975 130,
1997 2946 2047 2976 154
2059 2950 2074 2967 e
2089 2946 2148 2973 225.
2186 2941 2209 2966 11
2221 2942 2298 2968 testo
2336 2936 2360 2970 *cs

520 2975 529 2993 ¹
549 2979 624 3004 Beda
642 2987 740 3012 segue:
760 2979 774 2993 ⁴⁴
786 2982 814 3006 et
831 2983 939 3007 caetera
957 2981 1003 3006 his
1022 2982 1129 3008 similla
1140 2999 1166 3016 ,μ
1390 2984 1421 3009 dt
1440 2983 1584 3017 Gluseppe
1603 2992 1662 3009 non
1688 2984 1726 3010 ha
1749 2984 1867 3014 Darius,
1891 2991 1973 3009 come
1998 2983 2083 3015 Beda,
2103 2991 2149 3009 ma
2169 2983 2297 3015 ’Ἂρειεςτ
2349 2995 2352 3002 1

519 3017 531 3035 ἵ
550 3020 680 3049 ΕιΑνωε
698 3021 851 3055 ΙοςεΡΗυε,
871 3023 942 3051 κατὰ
960 3022 1099 3056 Ἀπιώνο5,
1118 3025 1152 3056 Π,
1172 3025 1216 3060 48.
1391 3026 1405 3040 ⁸
1416 3026 1541 3058 ...amec
1561 3027 1590 3051 ὃν
1610 3027 1624 3050 ό
1644 3026 1856 3059 λακεδαιμονίων
1875 3026 1994 3058 βαισλεὺς
2014 3026 2227 3059 ’Ἂρείοςυμμ
