2398 3470
211 197 285 221 rm„
301 203 334 218 cc.
352 203 438 222 242-243
451 188 524 222 296
1213 187 1525 223 CHRONICON
2074 195 2124 231 [Α.
2145 195 2178 223 c.
2200 195 2293 232 1178]

293 373 343 396 1178

266 909 286 926 c.
300 905 339 923 281
347 903 360 922 b

265 1691 286 1704 c.
302 1686 341 1715 περ
349 1690 363 1703 a

290 1717 342 1731 luat.

382 2642 413 2658 10

381 2855 410 2879 15

445 310 570 342 comite
597 309 727 342 Andrie
752 309 845 350 apud
869 309 1038 341 Uenetias
1063 308 1277 346 condixerat,
1300 308 1442 341 nuntios
1464 319 1555 347 suos,
1580 309 1788 352 Hugolinum
1813 311 1948 344 scilicet
1970 311 2058 345 Boni
2090 312 2227 345 comitis
2258 318 2295 345 et

445 362 680 405 Rodegarium
705 363 905 404 magistrum
930 362 1155 393 camerarium
1181 372 1277 394 suum
1303 372 1366 404 pro
1391 362 1601 404 recipiendis
1627 364 1831 396 iuramentis
1860 365 1904 397 de
1936 366 2173 398 confirmanda
2203 376 2293 408 pace

443 416 488 447 ad
512 425 628 458 regem
654 415 890 456 W[illelmum]
914 415 947 446 in
973 414 1128 447 Siciliam
1153 415 1254 447 misit.
1302 416 1401 454 Quos
1424 426 1496 454 rex,
1520 416 1608 448 sicut
1632 416 1764 456 decuit,
1787 417 1978 450 honorifice
2005 425 2040 451 et
2061 419 2207 452 honeste
2237 429 2294 451 su-

443 469 564 510 scepit,
588 475 622 500 et
646 469 697 500 eis
721 468 949 510 presentibus,
975 468 1135 500 comitem
1162 469 1380 511 Roggerium
1405 468 1449 500 de
1472 468 1659 501 Auellino¹
1683 469 1720 501 in
1744 469 1861 502 anima
1883 481 1945 503 sua
1959 471 2073 504 iurare
2090 472 2296 515 fecit‚quod

442 521 515 563 ipse
541 528 574 553 et
598 527 706 553 totum
730 532 875 564 regnum
901 522 973 553 eius
997 522 1198 563 imperatori
1223 522 1413 554 Frederico
1439 528 1473 554 et
1496 522 1657 555 uniuerso
1681 523 1754 555 eius
1777 523 1922 565 imperio
1946 535 2065 557 ueram
2094 532 2128 558 et
2157 526 2291 558 firmam

442 584 562 616 pacem
586 585 693 616 usque
718 574 762 606 ad
787 585 896 607 annos
919 575 1117 617 quindecim
1142 575 1354 614 obseruaret‚
1379 581 1413 607 et
1435 575 1597 608 undecim
1622 576 1667 607 de
1683 576 1900 618 principibus
1915 577 1985 609 suis
2000 578 2038 610 id
2053 578 2163 620 ipsum
2178 579 2294 612 iurare

442 627 540 664 fecit,
565 633 599 659 et
622 628 843 671 priuilegium
868 629 911 660 de
937 628 1198 660 confirmatione
1222 629 1320 671 pacis
1343 629 1440 660 iussit
1463 628 1636 660 conscribi
1660 637 1694 662 et
1717 629 1812 661 bulla
1828 640 1932 662 aurea
1947 630 2147 674 insignitum
2164 632 2295 665 eisdem

443 681 527 714 fecit
550 681 678 712 nuntiis
704 681 884 724 assignari.
933 683 1002 720 Qui
1027 687 1174 724 accepta
1198 693 1218 714 a
1241 692 1323 725 rege
1351 682 1502 720 licentia,
1535 683 1665 715 reuersi
1695 689 1783 721 sunt,
1815 684 1968 726 quodam
1997 685 2090 729 regis
2119 686 2293 730 armigero

444 743 514 771 eos,
537 740 575 765 ut
598 734 703 766 moris
728 741 789 773 est,
820 746 926 778 usque
959 736 1004 767 ad
1037 736 1122 767 fines
1153 735 1252 778 regni
1283 736 1490 768 deducente.
1538 734 1694 779 Cumque
1728 736 1773 768 ad
1803 742 1953 768 castrum
1984 738 2170 780 quoddam,
2199 739 2295 782 quod

441 786 695 830 Lacus-niger²
727 788 866 826 dicitur,
897 789 1148 830 peruenissent,
1180 789 1271 822 inter
1301 789 1450 821 rusticos
1482 790 1636 822 eiusdem
1669 789 1771 822 castri
1790 796 1825 822 et
1857 790 1948 833 regis
1977 790 2184 836 armigerum
2215 791 2292 824 rixa

441 845 563 872 exorta
585 847 646 873 est.
694 841 850 884 Cumque
874 842 966 885 regis
991 842 1141 886 armiger
1164 841 1315 874 rusticos
1339 848 1505 880 metuens,
1530 843 1576 875 ad
1600 843 1795 875 nuntiorum
1820 843 2005 885 hospitium
2029 855 2065 876 se
2082 845 2294 884 contulisset,

441 894 572 930 rustici,
596 900 715 935 utpote
740 893 889 937 'superbi
914 901 949 927 et
972 895 1158 933 temerarii,
1183 896 1319 928 domum
1344 896 1380 927 in
1404 906 1472 938 qua
1495 901 1594 928 erant
1618 896 1738 934 nuntii,
1756 906 1835 928 cum
1851 896 2023 938 lapidibus
2036 903 2116 930 sunt
2130 898 2293 942 aggressi,

441 953 476 978 et
499 956 561 978 eos
585 947 675 979 male
698 953 732 979 et
755 949 939 981 inhoneste
963 954 1164 987 tractantes,
1187 949 1352 980 scrinium
1378 949 1544 991 Hugolini
1567 949 1656 981 Boni
1682 949 1817 982 comitis
1833 949 2024 993 fregerunt,
2041 956 2076 982 et
2092 960 2136 983 ex
2151 959 2194 984 eo
2210 961 2294 994 cop·

443 1010 521 1041 pam
545 1011 648 1032 unam
674 1007 874 1044 argenteam
899 1008 934 1033 et
957 1001 1187 1045 priuilegium,
1216 1002 1311 1044 quod
1327 1011 1389 1033 rex
1404 1002 1606 1044 imperatori
1623 1002 1769 1040 fecerat,
1787 1008 2016 1045 asportarunt.
2063 1003 2185 1037 Nuntii
2198 1014 2295 1045 uero,

441 1059 580 1094 recepta
603 1053 669 1086 hac
693 1054 830 1092 iniuria,
855 1054 1029 1098 indignati
1053 1054 1235 1087 Salernum
1260 1061 1445 1094 uenerunt,
1477 1061 1512 1086 et
1542 1055 1720 1088 Gualterio
1750 1056 1929 1090 ammirato
1962 1063 1997 1089 et
2027 1057 2294 1100 archiepiscopo

441 1107 548 1138 totius
570 1113 667 1149 geste
690 1108 740 1140 rei
765 1108 894 1140 seriem
919 1113 1167 1150 exposuerunt.
1216 1107 1323 1145 Quod
1349 1118 1427 1140 cum
1454 1109 1500 1140 ad
1532 1109 1624 1152 regis
1654 1109 1847 1151 W[illelm]i
1879 1110 2038 1142 notitiam
2069 1111 2293 1153 peruenisset,

442 1159 640 1203 indignatus
664 1161 848 1203 plurimum
875 1167 910 1193 et
934 1162 1101 1199 turbatus,
1126 1162 1241 1193 Dauid
1264 1161 1467 1194 hostiarium
1491 1173 1588 1194 suum
1613 1173 1690 1194 cum
1714 1162 1837 1195 litteris
1860 1163 1929 1195 suis
1953 1164 1998 1196 ad
2023 1164 2218 1197 iustitiarios
2238 1173 2296 1196 re-

441 1213 556 1256 gionis
578 1214 673 1246 illius
696 1214 897 1252 transmisit,
921 1214 1119 1257 precipiens
1143 1215 1204 1251 eis,
1228 1220 1265 1246 ut
1288 1214 1389 1246 huius
1410 1215 1492 1247 mali
1518 1216 1671 1247 factores
1694 1222 1728 1248 et
1752 1216 1941 1258 complices
1963 1216 2154 1261 diligenter
2183 1216 2308 1261 inqui--

440 1273 566 1304 rerent,
591 1273 627 1299 et
648 1268 807 1300 inuentos
830 1277 936 1300 cruce
959 1267 1224 1309 suspenderent.
1271 1267 1379 1300 Cuius
1401 1273 1605 1310 preceptum
1627 1269 1741 1301 statim
1766 1275 1817 1301 est
1847 1270 2045 1302 executioni
2077 1270 2293 1307 mandatum

441 1331 520 1351 nam
544 1321 723 1353 uenientes
745 1321 918 1353 iustitiarii
941 1331 1018 1352 cum
1041 1321 1210 1352 hostiario
1234 1321 1337 1364 regiS‚
1363 1331 1601 1364 quoscumque
1625 1328 1812 1364 potuerunt
1837 1323 1880 1354 de
1897 1323 2181 1356 malefactoribus
2195 1323 2292 1356 inue-

442 1373 516 1405 nire
542 1380 720 1415 ceperunt‚
743 1380 776 1405 et
800 1374 892 1405 iuxta
916 1374 1117 1405 mandatum
1149 1374 1283 1417 regium
1318 1374 1484 1416 quosdam
1518 1385 1561 1406 ex
1590 1375 1640 1406 eis
1671 1376 1765 1416 apud
1796 1375 1970 1415 Barolum,
2002 1376 2168 1418 quosdam
2200 1375 2294 1418 apud

441 1427 594 1464 Troiam,
617 1438 722 1458 unum
745 1427 890 1465 Salerni,
915 1427 1021 1458 alium
1045 1427 1177 1469 Capue,
1203 1433 1237 1459 et
1261 1427 1348 1459 duos
1372 1428 1466 1469 apud
1491 1427 1656 1460 Sanctum
1682 1428 1893 1460 Germanum
1926 1429 2091 1472 suspendi
2121 1429 2293 1468 fecerunt,

440 1485 477 1511 ut
500 1480 682 1512 uniuersus
704 1480 852 1512 mundus
877 1480 1056 1512 euidenter
1079 1486 1294 1522 agnosceret,
1319 1481 1414 1522 quod
1436 1491 1498 1512 rex
1523 1480 1729 1522 W[illemus]
1753 1481 1879 1513 iustitie
1904 1488 1940 1514 et
1961 1482 2125 1524 equitatis
2146 1488 2294 1522 amator,

440 1534 468 1565 si
492 1544 560 1575 qua
583 1534 753 1565 maleficia
777 1534 811 1565 in
834 1544 943 1577 regno
967 1544 1030 1565 sno
1055 1534 1150 1570 fiunt,
1174 1544 1243 1566 non
1267 1534 1341 1566 uult
1364 1534 1503 1566 silentio
1527 1539 1562 1566 et
1589 1534 1759 1576 impunita
1790 1535 1946 1567 transire.
1993 1534 2158 1578 Precepit
2188 1537 2294 1571 etiam

439 1598 502 1619 rex
525 1586 620 1619 aliud
643 1587 863 1630 priuilegium
888 1588 932 1619 de
957 1587 1195 1619 confirmanda
1219 1597 1306 1629 pace
1330 1587 1445 1625 scribi,
1471 1594 1504 1619 et
1528 1586 1622 1620 bulla
1645 1599 1705 1620 sua
1722 1599 1825 1620 aurea
1840 1589 2036 1632 insignitum
2056 1600 2121 1631 per
2134 1589 2292 1623 Tancre-

441 1640 522 1672 dum
546 1641 717 1672 notarium
741 1642 786 1673 ad
810 1641 1055 1683 imperatorem
1081 1651 1188 1683 usque
1212 1641 1424 1673 transmisit!

535 1695 670 1726 Eodem
694 1701 849 1737 ternpore
873 1704 990 1726 mense
1014 1694 1137 1731 Maelii,
1162 1694 1346 1727 undecima
1370 1694 1571 1733 indictione,
1595 1695 1715 1727 rustici
1740 1696 1783 1727 de
1807 1696 1938 1728 Faiano
1952 1696 1975 1734 ³,
1991 1697 2080 1729 sicut
2095 1696 2292 1739 proditores

439 1754 474 1779 et
498 1748 640 1789 periuri,
664 1747 974 1785 consentientibus,
998 1754 1034 1779 ut
1059 1748 1196 1786 dicitur,
1221 1748 1428 1790 quibusdam
1453 1748 1643 1786 monachis,
1668 1748 1725 1791 qui
1750 1748 1879 1781 ibidem
1904 1756 2013 1787 erant,
2036 1749 2294 1785 Matheumab-

439 1801 553 1833 batem
579 1801 698 1833 Sancti
722 1800 903 1833 Benedicti
928 1800 972 1832 de
997 1800 1143 1833 Salerno
1169 1811 1246 1832 cum
1270 1801 1399 1844 gladiis
1430 1807 1464 1833 et
1497 1801 1646 1833 fustibus
1677 1808 1710 1834 et
1740 1802 1874 1835 lanceis
1905 1803 2116 1842 inuaserunt,
2146 1810 2182 1836 et
2213 1813 2291 1837 eum

439 1865 639 1895 percussum
663 1856 699 1886 in
722 1861 847 1886 uentre
871 1860 906 1886 et
928 1860 1068 1898 gutture
1092 1854 1282 1886 crudeliter
1306 1854 1524 1887 occiderunt.
1571 1854 1652 1893 Quo
1676 1856 1828 1898 cognito,
1850 1866 1913 1887 rex
1945 1856 2163 1898 W[illelmus}
2192 1856 2290 1889 Luce

440 1908 578 1939 Guame
591 1908 604 1925 ⁴
619 1914 654 1940 et
669 1907 790 1939 Florio
807 1907 851 1939 de
876 1905 1096 1939 Cammarota
1109 1906 1120 1923 ⁵
1145 1907 1334 1940 iustitiariis
1357 1908 1586 1950 precipiendo
1602 1909 1789 1946 mandauit,
1805 1914 1843 1941 ut
1858 1909 1959 1941 huius
1974 1909 2116 1942 sceleris
2130 1914 2292 1942 auctores

440 1971 517 1992 cum
542 1971 673 1993 summo
697 1961 808 1993 studio
834 1966 868 1992 et
891 1961 1026 1992 cautela
1049 1960 1265 2002 inquirerent
1290 1966 1325 1992 et
1347 1961 1509 1993 inuentos
1532 1962 1663 1993 carceri
1680 1963 1928 2004 manciparent.
1975 1962 2047 2002 Qui
2065 1962 2222 1995 adhibita
2238 1962 2291 1995 di-

442 2014 586 2056 ligentia
609 2014 834 2056 competenti,
859 2013 1025 2056 quosdam
1052 2014 1095 2046 de
1118 2014 1268 2052 rusticis,
1292 2015 1351 2057 qui
1375 2014 1452 2046 neci
1477 2013 1612 2047 abbatis
1635 2015 1875 2054 interfuerunt,
1900 2022 1934 2047 et
1965 2015 2106 2048 Petrum
2139 2016 2291 2059 priorem

440 2068 560 2101 Sancti
583 2067 766 2100 Benedicti
791 2074 825 2099 et
850 2067 1013 2099 Amatum
1037 2067 1190 2109 priorem
1217 2067 1335 2099 Faiani
1360 2074 1395 2099 et
1419 2068 1586 2110 quosdam
1611 2068 1698 2100 alios
1729 2069 1773 2101 de
1806 2070 1985 2101 monachis
2014 2069 2290 2112 comprehende-

531 2205 553 2224 1.
572 2198 711 2223 Venecias
730 2198 754 2221 A
774 2211 785 2217 -
805 2199 926 2222 nuncios
947 2199 980 2228 B,
1003 2197 1032 2228 C,
1052 2198 1128 2222 Sasso
1147 2206 1159 2222 e
1177 2198 1269 2222 Arndt
1288 2212 1320 2216 -
1339 2206 1365 2230 3.
1391 2198 1580 2223 Guillelmum
1608 2200 1633 2223 Β
1658 2207 1670 2222 ι
1695 2199 1771 2223 Sasso
1791 2213 1824 2216 —
1844 2207 1868 2231 4.
1893 2198 2049 2231 Roget-lum
2075 2200 2108 2229 B,
2129 2200 2159 2230 C,
2178 2200 2256 2226 sasso
2273 2207 2288 2224 e

438 2242 530 2266 Arndt
546 2255 581 2260 ——
600 2240 624 2265 8.
644 2242 759 2266 nunciis
780 2242 810 2269 B,
833 2242 862 2271 C,
882 2241 959 2264 Sus-w
977 2248 990 2263 e
1008 2240 1098 2264 Arndt
1119 2255 1149 2258 —
1170 2249 1195 2273 9.
1215 2239 1363 2272 Quumque
1384 2242 1410 2265 B
1427 2249 1441 2265 e
1459 2241 1537 2266 Sasso
1557 2254 1591 2258 —
1613 2248 1653 2265 ιι.
1671 2242 1789 2266 exhorta
1807 2242 1831 2266 Α
1851 2255 1859 2260 -
1879 2241 2028 2274 Quumque
2047 2242 2071 2266 A
2091 2254 2100 2260 -
2120 2242 2287 2267 nuntlorum

438 2285 471 2314 B,
493 2285 523 2313 C,
544 2284 619 2307 Sasso
638 2291 651 2306 e
669 2283 761 2307 Arndt
781 2297 812 2300 —
835 2289 874 2306 12.
896 2283 996 2306 nuncii
1017 2283 1050 2313 Β,
1073 2283 1103 2312 C,
1124 2282 1199 2306 Sasso
1217 2291 1231 2306 e
1249 2283 1341 2307 Arndt
1362 2296 1392 2301 —-
1416 2290 1456 2315 ¹4.
1477 2283 1576 2307 nuncii
1598 2284 1630 2314 Β,
1653 2284 1682 2314 C,
1701 2283 1778 2309 Sam
1796 2292 1810 2308 e
1827 2284 1920 2308 Arndt
1937 2297 1969 2302 —
1992 2283 2031 2309 16.
2058 2284 2208 2309 Guiuelml
2228 2285 2257 2309 B
2273 2292 2288 2308 ι

441 2326 517 2350 Sasso
536 2339 568 2343 —
590 2331 631 2356 17.
649 2324 754 2349 Daniel
776 2326 802 2349 B
820 2332 833 2348 e
852 2324 928 2348 Sassa
947 2337 957 2342 -
977 2325 1112 2348 ostiarius
1133 2325 1158 2348 B
1173 2333 1186 2348 e
1205 2324 1334 2348 δικ-ια.-
1356 2332 1398 2349 20.
1417 2327 1539 2350 ostiario
1558 2325 1609 2349 Be
1622 2325 1699 2349 Sam
1719 2339 1751 2343 -
1771 2333 1813 2357 ²3·
1827 2325 2000 2350 Guilielmus
2021 2327 2048 2351 Β
2064 2334 2078 2349 e
2095 2325 2173 2351 Sauo
2191 2339 2224 2344 —
2244 2332 2287 2359 ²4*

439 2376 492 2400 que
514 2369 539 2392 Β
557 2375 571 2391 e
595 2367 671 2391 Sasso
692 2380 722 2384 —
743 2373 784 2399 ²7·
804 2366 958 2398 Scomparsa
977 2367 1056 2396 quasi
1072 2365 1099 2389 la
1117 2367 1245 2391 scr-mura
1264 2367 1295 2390 di
1308 2368 1399 2398 prima
1419 2375 1495 2391 mano
1506 2366 1547 2397 fu
1565 2368 1596 2391 in
1613 2368 1637 2391 Α
1656 2368 1772 2392 rt‘scrltto
1791 2368 1826 2391 da
1844 2375 1921 2392 mano
1938 2367 1983 2391 del
1999 2374 2047 2392 sec.
2065 2367 2098 2391 Χ
2103 2367 2157 2392 V11
2174 2368 2220 2393 che
2243 2368 2290 2392 nel

436 2411 557 2441 marg-ine
570 2413 670 2434 esterno
688 2410 798 2433 annotet:
818 2409 908 2433 Lucas
926 2415 1036 2440 guarna
1056 2422 1087 2425 ——
1108 2414 1150 2440 30.
1170 2407 1343 2433 Guilielmus
1363 2410 1391 2433 B
1409 2417 1423 2433 e
1445 2410 1520 2434 Sasso
1539 2423 1571 2427 —
1591 2416 1635 2441 3¹·
1654 2410 1741 2434 Floro
1756 2410 1892 2436 cantelam
1906 2423 1938 2427 —
1953 2417 1995 2443 34.
2009 2410 2124 2434 Faciant
2140 2411 2192 2434 Be
2206 2411 2287 2435 Sasso

529 2505 535 2521 ¹
557 2508 663 2540 Nipote
683 2507 713 2531 di
733 2506 865 2531 Adellcia
885 2506 915 2530 di
935 2504 1060 2537 Aderno‚
1083 2506 1133 2530 che
1152 2506 1182 2530 fu
1202 2506 1279 2538 figlia
1304 2506 1334 2530 di
1390 2506 1456 2531 “est
1476 2506 1602 2538 Guarna,
1621 2508 1669 2539 qui
1692 2508 1749 2532 fuit
1768 2507 1845 2532 filius
1864 2507 1890 2532 d.
1910 2506 2058 2531 Guillelml
2079 2507 2151 2532 olim
2164 2507 2288 2540 gloriosi

440 2550 570 2575 Rodolfo
589 2550 740 2574 Maccabeo
760 2558 774 2574 e
793 2549 822 2574 di
842 2549 939 2573 Emma
959 2548 1036 2580 figna
1064 2548 1108 2572 del
1135 2547 1213 2573 Gran
1241 2548 1334 2573 Conte
1392 2549 1496 2574 “ducis
1516 2551 1651 2582 magister
1672 2549 1851 2574 Camerarius
1866 2568 1888 2581 η.
1926 2550 1963 2574 Αἰ
1978 2550 2142 2575 documenti
2155 2550 2239 2575 citati
2253 2549 2288 2574 ds.

439 2593 597 2624 Ruggierm
618 2593 654 2616 cf.
675 2591 707 2616 C.
727 2591 763 2616 A.
783 2590 909 2621 Gmum,
933 2590 984 2614 Per
1001 2591 1028 2614 la
1046 2592 1128 2614 storia
1148 2591 1192 2614 dei
1203 2598 1251 2615 sec.
1264 2591 1336 2616 ΧΙε
1390 2593 1421 2616 Ε.
1437 2593 1580 2624 ]ΑΜ15οΝ,
1599 2595 1640 2624 op.
1658 2593 1711 2621 cit„
1731 2600 1757 2625 p.
1777 2591 1839 2624 368,
1864 2593 1915 2616 che
1941 2593 1970 2616 lo
1998 2593 2026 2616 fa
2051 2593 2214 2624 giustlziere
2239 2592 2287 2616 dal

439 2635 505 2664 XII,
523 2635 692 2659 Miscellanea
714 2635 891 2666 diplomatica.
930 2633 949 2657 1
966 2634 1038 2657 conti
1061 2634 1092 2656 di
1114 2632 1334 2664 Montescaglz‘oso.
1393 2640 1458 2666 1172
1479 2634 1506 2658 al
1529 2634 1605 2666 1187,
1624 2633 1639 2658 ὲ
1658 2634 1693 2659 da
1713 2636 1900 2667 aggiungere:
1920 2634 2000 2658 Arch.
2015 2635 2104 2658 Badio
2116 2635 2148 2658 δι’
2162 2634 2232 2659 Cava
2245 2635 2291 2658 dei

439 2678 458 2701 I.
481 2676 603 2709 Goffredo
621 2678 652 2700 di
669 2676 744 2701 Lecce
762 2678 867 2708 sxjgnore
886 2676 917 2700 di
933 2676 1009 2705 Nota,
1029 2674 1155 2706 Sclofam'
1171 2683 1184 2698 ι
1205 2675 1337 2699 Caltam‘s-
1393 2676 1510 2707 Tn'rrem',
1533 2677 1660 2705 XXXIII,
1680 2676 1715 2700 86
1734 2676 1824 2709 (1171,
1845 2677 1880 2706 11,
1901 2677 1961 2701 ind.
1979 2676 2044 2708 1v);
2067 2676 2194 2706 XXXIV,
2221 2683 2252 2709 15
2272 2683 2287 2701 e

439 2722 519 2749 setta‚·
538 2719 571 2743 11.
591 2719 712 2743 Adeltcia
731 2720 762 2742 dx·
778 2719 891 2750 Adernb,
908 2718 1039 2747 Catania,
1054 2724 1129 2750 1914,
1145 2719 1209 2742 estr.
1223 2717 1335 2742 Arch.
1391 2717 1424 2750 76
1444 2717 1535 2751 (1172.
1554 2719 1575 2747 Ι,
1595 2719 1656 2743 ind.
1675 2718 1714 2746 V:
1738 2724 1814 2751 1173,
1834 2719 1882 2747 ΙΧ,
1895 2720 1953 2743 ind.
1968 2718 2079 2751 VII);J.
2093 2719 2109 2743 8
2122 2726 2137 2743 e
2150 2726 2181 2751 41
2197 2719 2287 2751 (¹¹74=

440 2761 538 2786 Stor.
559 2761 671 2794 peria
691 2761 828 2785 Sicilia
847 2760 1061 2790 Orientale,
1083 2767 1127 2792 pp.
1148 2765 1179 2790 51
1200 2767 1215 2783 e
1230 2767 1279 2791 sg.,
1293 2759 1336 2784 86.
1390 2760 1426 2785 11.
1446 2761 1504 2785 ind.
1525 2762 1605 2790 VIII;
1629 2760 1705 2793 1183,
1725 2761 1773 2790 111,
1794 2761 1853 2786 ind.
1873 2761 1912 2793 1);
1931 2760 1991 2791 XL,
2008 2767 2058 2785 120
2070 2760 2160 2793 (1186,
2173 2760 2207 2792 V,
2227 2760 2286 2785 ind.

528 2801 539 2818 ²
558 2803 726 2835 Lagonegro
746 2810 842 2836 presso
863 2803 988 2827 Potenza
1008 2803 1037 2825 in
1058 2802 1221 2826 Basilicata.
1391 2803 1456 2836 V1);
1477 2803 1554 2828 XLII
1574 2810 1607 2836 37
1628 2812 1642 2828 e
1661 2811 1693 2835 43
1715 2803 1805 2836 (1189,
1825 2803 1890 2828 VIII
1910 2811 1924 2828 e
1943 2803 1990 2834 IX,
2012 2803 2072 2828 ind.
2091 2803 2143 2827 VII
2168 2811 2182 2828 e
2201 2802 2286 2834 VIII).

527 2844 538 2860 ³
557 2845 675 2877 Faiano,
701 2845 925 2877 Ponteeagnano
951 2844 1069 2873 Faisno,
1096 2843 1140 2867 nel
1167 2842 1335 2875 Principato
1389 2844 1488 2875 XLIII,
1510 2844 1541 2876 83
1563 2845 1608 2869 del
1632 2852 1709 2877 1193,
1728 2844 1790 2873 vn.
1810 2845 1840 2869 lo
1861 2843 1895 2869 da
1916 2853 1993 2869 come
2013 2846 2120 2873 mort0;
2141 2845 2178 2869 cf.
2198 2844 2231 2869 C.
2249 2844 2285 2869 A.

439 2888 580 2916 citeriore,
600 2887 767 2919 appartiene
786 2887 844 2911 alla
864 2886 972 2911 diocesi
993 2886 1022 2910 di
1042 2886 1163 2910 Salerno
1182 2894 1196 2909 e
1222 2886 1251 2910 su
1279 2886 1335 2910 alla
1390 2885 1518 2916 ΘΑΕ-ωτι,
1538 2887 1693 2918 Necrologio
1712 2887 1755 2910 del
1767 2887 1847 2911 Liber
1858 2886 2034 2916 confratrum,
2049 2886 2106 2916 cit..
2119 2886 2202 2911 Nomi
2211 2886 2284 2910 iden·

440 2929 616 2961 dipendenza
636 2929 710 2953 della
731 2929 820 2953 Badia
840 2929 870 2953 di
890 2928 918 2953 S.
938 2927 1103 2952 Benedetto.
1389 2929 1498 2961 tzficatt',
1518 2937 1543 2961 p.
1565 2936 1615 2962 35²
1635 2937 1650 2953 e
1669 2937 1709 2961 sg.

529 2969 540 2985 ⁴
561 2971 639 2995 Luca
659 2969 782 3001 Guarna,
803 2970 883 3003 figlio
904 2970 947 2994 del
970 2970 998 2994 su
1018 2969 1132 2993 Alserlo
1155 2968 1227 3001 “qui
1241 2969 1334 2993 dictus
1480 2969 1491 2985 ⁵
1510 2970 1556 2995 Cf.
1577 2979 1603 3002 p.
1624 2970 1682 3002 268,
1705 2979 1731 2995 n.
1753 2977 1776 2996 2.

2319 791 2360 824 10

2321 1055 2360 1089 15

2316 1323 2361 1355 20

2393 1332 2398 1359 ,ἑ

2392 1360 2398 1391 l

2392 1393 2398 1420 ι’

2315 1590 2357 1622 25

2390 1635 2398 1652 >l

2314 1837 2390 1889 30'

2316 2555 2351 2574 20
2394 2531 2398 2579 l

2314 2767 2346 2794 25
2397 2746 2398 2749 Ἴ

2312 2977 2348 3004 30
