2398 3470
187 243 264 268 Mun„
274 249 307 265 ce.
323 249 398 270 99-xoo

292 630 313 644 a.
329 630 348 644 c.
364 629 401 649 ⁴51

239 657 260 670 a⁴
277 657 299 671 u.
315 657 335 671 c.
353 656 403 675 1204

305 918 325 932 c.
339 911 400 932 (nb

308 1719 328 1733 c.
343 1718 407 1738 ma
419 1703 528 1746 finem
553 1701 670 1736 daret!
718 1703 771 1734 Eo
795 1703 968 1745 siquidem
990 1703 1104 1746 prelio
1128 1712 1250 1735 cnxxx
1282 1702 1379 1736 milia
1401 1703 1579 1735 hominum
1611 1713 1656 1735 ex
1679 1709 1826 1746 utraque
1849 1709 1950 1746 parte
1975 1713 2057 1736 cesa
2087 1702 2298 1742 referuntur,

378 2674 411 2693 10

380 2883 410 2910 15

431 234 503 270 100
1198 235 1516 273 CHRONICON
1587 240 1589 242 “
1970 241 2056 279 [ΛΑ.
2073 244 2109 273 c.
2127 246 2286 279 uo-wil

423 366 532 409 Hujus
555 366 673 410 itaque
697 367 901 400 auctoritate
923 367 1094 410 principis
1117 367 1250 400 factum
1280 373 1332 400 est
1361 367 1399 399 in
1422 367 1565 400 ciuitate
1596 367 1800 400 Calcedona
1823 368 2011 402 concilium
2042 369 2285 413 episcoporum

423 419 625 453 DCCXXX
649 430 727 452 cum
752 420 962 465 cirographo
986 422 1096 454 sancti
1122 421 1375 463 archiepiscopi
1399 421 1538 460 Leonis,
1562 421 1600 453 in
1617 432 1686 463 qua
1708 421 1794 453 fides
1811 421 1963 455 ecclesie
1986 422 2164 456 catholica
2180 434 2285 467 expo·

423 473 486 506 sita
510 479 562 506 est
585 479 620 506 et
644 474 863 507 confirmata:
889 475 1251 517 confirmaueruntque
1275 474 1438 513 fideliter,
1463 485 1503 507 ac
1528 474 1704 507 catholice
1730 474 1766 506 in
1789 485 1860 507 uno
1883 475 2025 508 domino
2049 475 2132 519 Jesu
2149 476 2288 510 Christo

422 526 509 559 duas
531 532 683 567 naturas,
706 533 744 560 ut
767 538 856 560 unus
879 528 1043 571 idemque
1068 528 1225 560 Christus
1249 527 1424 560 ueraciter
1439 527 1535 560 Deus
1558 534 1592 560 et
1608 528 1711 561 homo
1734 528 1909 561 credatur.
1954 528 2059 562 Tunc
2075 529 2288 573 dampnaue-

422 585 503 613 runt
527 581 737 620 Nestorium,
762 587 797 614 et
820 581 1021 614 Eutichium
1044 581 1374 614 nefandissimorum
1398 581 1573 624 presulem
1598 581 1864 614 Manicheorum
1878 580 1900 615 ¹.

516 634 622 667 Anno
653 635 831 668 dominice
853 635 1107 668 Incarnationis
1130 634 1301 668 CCCCLI
1324 641 1359 667 et
1390 645 1483 668 anno
1506 634 1551 668 ab
1574 634 1672 668 Urbe
1704 635 1847 668 condita
1877 635 2040 670 MCCIV.
2086 637 2289 671 Marcianus

424 687 710 731 quadragesimus
733 694 875 731 quartus
898 689 933 721 in
956 699 1102 721 numero
1126 687 1374 732 Augustorum,
1399 688 1567 722 defuncto
1591 688 1806 727 Theodosio,
1822 688 1995 722 Orientali
2011 687 2089 723 aule
2111 690 2292 733 preficitur

423 741 623 783 imperator.
669 742 834 775 Ceterum
857 741 1095 775 Valentiniani
1112 748 1267 784 tempora
1290 741 1401 785 hujus,
1416 741 1473 774 uel
1496 741 1687 784 superioris
1710 741 1933 784 imperatoris
1956 742 2137 776 curriculis
2159 743 2290 777 adscri-

423 794 561 827 buntur.
609 795 718 838 Igitur
749 794 1016 828 Valentinianus
1040 795 1179 827 occidui
1206 801 1322 827 rector
1345 795 1494 837 imperii,
1517 794 1617 838 pacis
1647 805 1690 827 ea
1711 801 1919 838 tempestate
1941 795 2064 829 federa
2094 807 2173 829 cum
2196 796 2292 831 Gen-

422 847 538 881 serico
561 847 814 881 Wandalorum
830 859 913 892 rege
929 849 1078 881 firmauit
1094 848 1266 891 certisque
1283 849 1404 890 spatiis
1419 847 1545 881 Africa
1560 848 1650 881 inter
1673 854 1837 892 utrosque
1854 848 1968 882 diuisa
1988 855 2041 882 est
2052 849 2075 883 ¹.
2128 851 2142 868 ‘⁴
2155 850 2293 884 Interea

429 903 444 919 “
457 912 519 934 rex
548 901 753 934 Hunnorum
776 900 897 940 Attila,
929 902 1010 934 dum
1035 912 1113 934 cum
1138 902 1247 934 fratre
1270 901 1405 934 Bleda⁸
1428 912 1572 946 regnum
1595 902 1687 935 intra
1709 901 1927 941 Pannonias:
1951 902 2166 947 Daciamque
2191 913 2293 948 gere-

430 956 445 972 “
457 961 522 994 ret,
539 955 801 995 Macedoniam,
816 955 1024 998 Misiamque
1042 961 1077 987 et
1092 954 1277 994 Achaiam,
1293 961 1456 998 utrasque
1474 954 1579 988 etiam
1595 955 1752 994 Tracias‚
1768 955 2007 989 inmanissima
2021 955 2118 989 rabie
2134 957 2292 990 deuasta-

428 1010 520 1048 “ret‚
551 1007 697 1041 Bledam
732 1019 948 1052 germanum,
978 1008 1148 1051 regnique
1179 1014 1375 1041 consortem
1407 1008 1563 1051 peremit.
1611 1008 1732 1041 Fultus
1762 1008 1881 1052 itaque
1916 1009 2179 1042 fortissimarum
2206 1019 2293 1053 gen-

430 1063 445 1079 “
459 1061 558 1101 tium,
582 1072 667 1104 quas
689 1061 755 1094 sibi
772 1061 982 1105 subjugarat,
1007 1061 1171 1104 presidio,
1188 1062 1235 1094 ad
1251 1061 1470 1094 occidentale
1487 1061 1744 1094 demoliendum
1762 1062 1912 1094 animum
1928 1062 2078 1095 intendit
2099 1062 2293 1106 imperium.

431 1115 567 1147 “Erant
598 1114 769 1159 siquidem
794 1114 939 1147 subiecti
970 1114 1044 1159 ejus
1069 1115 1222 1148 dominio
1252 1124 1316 1147 rex
1343 1115 1404 1148 ille
1432 1115 1645 1158 Gepidarum
1675 1108 1860 1155 Adaricus,
1884 1116 2062 1149 Gualamir
2093 1116 2199 1149 etiam
2222 1116 2294 1150 Go-

430 1169 598 1201 “thorum
618 1174 793 1213 regnator,
817 1169 893 1211 ipso
917 1174 1012 1208 tunc,
1038 1169 1094 1202 cui
1118 1168 1303 1208 seruiebat,
1327 1179 1411 1213 rege
1442 1169 1603 1207 nobilior,
1627 1168 1882 1213 fortissimeque
1906 1169 2152 1203 nichilominus
2174 1175 2296 1215 gentes

434 1224 448 1239 “
461 1222 717 1260 Marcomanni,
749 1221 866 1261 Sueui‚
900 1220 1028 1260 Quadi,
1064 1228 1226 1264 preterea
1257 1222 1364 1261 Eruli,
1396 1222 1605 1266 Turcilingi,
1638 1222 1711 1255 siue
1742 1221 1837 1267 Rugi
1869 1233 1948 1255 cum
1978 1222 2133 1266 propriis
2164 1222 2296 1268 regulis

432 1275 609 1319 “alieque,
632 1282 750 1318 preter
780 1275 855 1315 hos,
879 1275 1029 1308 barbare
1060 1276 1220 1308 nationes
1242 1275 1428 1318 Aquilonis
1458 1276 1495 1308 in
1526 1274 1652 1307 finibus
1679 1275 1999 1315 commanentes„⁴.
2047 1275 2156 1322 Cujus
2186 1286 2295 1321 angu-

424 1329 518 1367 stias,
542 1329 764 1372 hostiumque
787 1329 1064 1371 preparationes‚
1088 1329 1187 1361 Etius
1209 1329 1323 1362 Rome
1346 1329 1520 1362 consulari
1543 1329 1663 1361 solerti
1686 1329 1909 1371 preuidentia
1932 1339 2139 1373 agnoscens,
2163 1329 2298 1374 legatos

426 1383 472 1415 ad
495 1382 756 1415 Theodericum
767 1382 789 1423 ⁵,
814 1382 872 1425 qui
897 1393 939 1415 eo
962 1388 1122 1425 tempore
1146 1383 1280 1421 Gothis,
1305 1383 1399 1425 apud
1421 1383 1587 1416 Tolosam
1610 1383 1790 1426 regnabat,
1814 1382 1944 1426 dirigit,
1967 1389 2005 1416 ut
2028 1394 2108 1416 cum
2129 1393 2173 1417 eo
2196 1383 2297 1427 pacis

425 1436 549 1469 federa
578 1436 764 1469 sociarent.
811 1434 882 1474 Qui
905 1436 1078 1479 promittit
1109 1447 1146 1469 se
1170 1447 1248 1469 cum
1273 1446 1315 1469 eo
1338 1437 1470 1479 pariter
1497 1442 1620 1469 contra
1649 1435 1798 1469 Attilam
1828 1442 2065 1480 pugnaturum
2076 1436 2098 1470 ⁸.
2144 1437 2298 1470 Fuerunt
2349 1466 2352 1468 ,

424 1495 586 1534 preterea
617 1490 786 1522 Romanis
817 1489 947 1522 auxilio
978 1488 1084 1521 Alani
1098 1488 1121 1529 ⁷,
1144 1489 1422 1533 Burgundiones,
1456 1489 1583 1523 Franci
1615 1489 1783 1528 Saxones,
1813 1489 1997 1533 Riparioli,
2028 1489 2185 1532 Briones,
2214 1489 2296 1524 Sar-

426 1549 530 1582 mate‚
562 1542 808 1588 Armoriciani,
838 1542 1019 1582 Liticiani,
1051 1549 1086 1576 et
1112 1553 1203 1585 pene
1234 1548 1328 1576 totus
1358 1543 1507 1586 populus
1538 1543 1733 1576 occidentis
1746 1542 1768 1576 ⁸.
1815 1543 2038 1576 Conueniunt
2068 1543 2186 1587 itaque
2213 1543 2297 1577 hinc

428 1602 463 1629 et
485 1596 567 1628 hinc
581 1595 594 1615 ⁹
616 1595 804 1628 fortissime
828 1596 989 1628 nationes
1012 1596 1049 1627 in
1080 1597 1214 1638 campis
1237 1596 1486 1635 Catalaunicis,
1521 1601 1754 1629 conseruntur
1775 1596 1881 1636 acies,
1912 1597 1950 1629 fit
1978 1595 2108 1628 bellum
2131 1606 2215 1630 acre
2245 1596 2299 1630 ni·
2388 1626 2391 1639 „

424 1649 505 1687 mis;
529 1649 665 1682 accensi
686 1649 831 1692 denique
853 1649 1031 1692 utriusque
1054 1649 1179 1682 ardore
1203 1650 1306 1692 prelii
1329 1660 1397 1682 nec
1422 1650 1599 1693 quieuere,
1623 1651 1727 1682 donec
1750 1660 1815 1682 nox
1844 1650 2088 1693 superueniens
2109 1649 2301 1694 pugnandi
2336 1668 2352 1672 -›
2388 1659 2389 1662 ’

427 1756 586 1800 quamuis
608 1763 733 1789 neuter
756 1757 931 1789 exercitus
954 1756 1113 1790 cessisset
1126 1757 1152 1777 ¹⁰
1179 1757 1260 1790 Rex
1282 1756 1331 1789 ibi
1356 1757 1547 1790 Gothorum
1570 1757 1816 1790 Theodericus
1838 1763 1940 1800 pater
1962 1755 2220 1791 Turismundi¹¹
2244 1767 2300 1790 re-

427 1810 482 1855 gis
506 1810 680 1843 occubuit.
719 1809 829 1843 Attila
850 1820 934 1843 uero
958 1810 1159 1843 Pannonias
1182 1810 1416 1853 repedauit12,
1439 1811 1654 1854 multumque
1670 1811 1842 1853 potiorem
1859 1810 2049 1843 exercitum
2074 1820 2299 1849 coareeuan&

428 1864 563 1897 Italiam
589 1863 798 1896 furibundus
821 1863 974 1901 intrauit,
998 1869 1032 1896 et
1055 1864 1204 1905 primum
1228 1863 1427 1907 Aquilejam
1453 1864 1632 1896 ciuitatem
1649 1864 1685 1896 in
1709 1863 1784 1907 ipso
1809 1863 1908 1896 Italie
1924 1863 2025 1896 sitam
2048 1862 2223 1907 principio
2239 1873 2301 1898 ex·-
2343 1893 2347 1904 ‚
2384 1852 2387 1904 ξ

428 1928 585 1962 pugnare
602 1927 787 1961 aggressus
803 1922 872 1954 est;
897 1927 1000 1961 quam
1018 1917 1186 1951 continuo
1210 1917 1362 1950 triennio
1385 1917 1534 1957 obsedit,
1550 1927 1617 1950 nec
1641 1917 1824 1961 preualuit‚
1848 1916 2091 1950 resistentibus
2107 1915 2141 1949 ei
2157 1922 2299 1950 strenue
2384 1955 2385 1959 Ἰ

429 1971 576 2004 ciuibus.
622 1970 710 2003 Cum
734 1976 849 2002 autem
874 1970 932 2002 die
956 1970 1105 2013 quadam
1130 1971 1302 2013 aspiceret
1326 1971 1490 2004 Ciconias
1513 1981 1583 2003 uno
1606 1971 1738 2014 impetu
1769 1981 1813 2003 ex
1835 1970 1921 2003 urbe
1953 1970 2114 2014 migrare,
2138 1969 2301 2014 fetusque
2383 2000 2385 2008 A

429 2034 509 2058 suos
532 2023 684 2057 sublatos
706 2022 825 2056 rostris
847 2034 913 2066 per
935 2034 1017 2056 rura
1040 2024 1238 2056 forinsecus
1261 2025 1464 2067 deportarez
1490 2025 1635 2068 aspicite
1658 2024 1782 2068 (inquit
1804 2025 1850 2057 ad
1872 2024 1976 2065 suos),
1999 2034 2081 2056 aues
2092 2023 2300 2068 futurorum
2342 2038 2345 2041 ⁴
2382 2031 2385 2068 ζ

427 2078 583 2122 prescias
606 2077 802 2121 perituram
825 2076 1019 2120 relinquere
1034 2078 1228 2121 ciuitatem5
1250 2077 1365 2110 statim
1389 2078 1557 2110 adhibitis
1571 2077 1751 2116 machinis,
1775 2077 1952 2110 ciuitatem
1974 2078 2100 2110 acriter
2122 2087 2302 2121 expugna-
2382 2070 2384 2082 '

428 2132 489 2170 uit,
507 2142 548 2164 ac
572 2131 648 2164 sine
672 2141 770 2164 mora
792 2130 888 2174 cepit
903 2129 936 2163 ¹³.
983 2130 1202 2173 Diripiuntur
1225 2122 1323 2174 opes,
1347 2132 1578 2174 captiuantur,
1602 2131 1890 2174 trucidanturque
1915 2131 2024 2171 ciues,
2046 2130 2225 2165 residuum
2247 2130 2302 2164 di-

526 2251 547 2268 1.
568 2242 753 2269 Chalcedona
782 2244 826 2272 B,-
852 2242 925 2269 Lp:
952 2242 1116 2268 Calcedona
1139 2257 1172 2262 —
1195 2250 1219 2269 2.
1240 2244 1406 2277 chirografo
1424 2244 1452 2269 B
1473 2257 1506 2262 ——
1527 2251 1582 2277 4-5.
1606 2243 1816 2269 damnauerunt
1835 2244 1861 2267 B
1879 2257 1912 2261 —
1933 2242 1957 2268 6.
1971 2243 2059 2268 Anno
2082 2243 2206 2268 Domini
2223 2243 2251 2268 B
2268 2256 2301 2260 —

434 2293 458 2320 7.
478 2292 554 2311 xun
577 2286 600 2310 C
617 2300 649 2304 —
669 2292 741 2319 9-10.
762 2284 910 2311 Gelserlco
929 2293 1022 2310 manca
1040 2287 1071 2310 in
1093 2286 1116 2310 C
1132 2299 1143 2305 ·
1162 2285 1381 2311 Guandalorum
1400 2286 1425 2311 A
1440 2286 1463 2311 C
1479 2300 1512 2304 —
1535 2293 1575 2311 12.
1590 2285 1713 2311 Thracia
1732 2287 1756 2311 A
1770 2286 1797 2310 B
1814 2299 1825 2304 -
1845 2285 1977 2311 Traclam
1996 2285 2207 2311 immanissima
2228 2285 2253 2310 C
2269 2280 2309 2303 -’

437 2336 477 2362 14.
497 2329 701 2362 subiugauerat
719 2329 795 2356 AB:
814 2328 945 2353 Paous:
965 2329 1131 2361 subiugarat
1145 2343 1178 2347 —
1195 2328 1235 2354 16.
1256 2330 1448 2354 nihilominus
1466 2330 1493 2354 B
1511 2343 1544 2347 —
1561 2335 1601 2362 17.
1621 2329 1728 2361 Squadl
1742 2329 1766 2354 A
1777 2329 1803 2353 B
1810 2338 1821 2357 ,·
1839 2329 1972 2354 Pnunus:
1993 2327 2089 2357 Quadi
2102 2341 2114 2347 —
2126 2328 2226 2354 Heruli
2243 2328 2304 2353 AB

2378 2345 2381 2359 ῑ

435 2384 467 2390 -
490 2370 530 2396 18.
551 2373 760 2396 commorantes
778 2371 855 2399 AB:
874 2370 1006 2395 Pnums:
1026 2373 1238 2396 commanentes
1258 2386 1291 2390 —
1311 2378 1352 2396 20.
1373 2372 1532 2396 Tholosam
1550 2371 1577 2396 B
1595 2385 1627 2389 —
1655 2379 1696 2396 21.
1717 2372 1841 2396 socIaret
1858 2371 1932 2396 AB:
1957 2370 2089 2396 ΡΛυιυεε
2107 2370 2251 2396 sociarent
2270 2383 2303 2389 —
2340 2383 2341 2386 =
2378 2381 2381 2385 r

439 2420 480 2438 22.
494 2413 629 2438 Britones
642 2414 668 2438 B
681 2427 714 2432 —-
729 2420 770 2446 23.
784 2413 934 2438 Luticiani
946 2413 970 2436 A
981 2413 1008 2437 B
1021 2426 1029 2431 -
1045 2416 1242 2438 conuenerunt
1253 2414 1278 2438 A
1287 2414 1313 2438 B
1326 2427 1358 2432 —
1370 2421 1411 2446 24·
1427 2414 1616 2439 conseruntur
1627 2414 1652 2438 A
1663 2414 1688 2438 B
1702 2414 1740 2442 C,-
1753 2413 1885 2438 PAULus:
1899 2415 2087 2438 conseruntur
2097 2426 2131 2431 —
2141 2411 2183 2438 26.
2197 2413 2303 2438 utrum-

434 2464 488 2488 que
505 2456 572 2480 C—
592 2463 634 2490 29.
648 2456 734 2481 sitam
753 2463 846 2480 manca
864 2457 895 2480 in
914 2456 975 2480 AB
993 2469 1025 2474 —
1045 2462 1088 2488 32.
1108 2464 1158 2489 per
1177 2464 1243 2481 rura
1262 2464 1355 2481 manca
1372 2459 1404 2481 tn
1426 2456 1469 2481 C·
1484 2457 1586 2489 inquid
1610 2456 1633 2481 C
1649 2470 1682 2475 —
1702 2464 1745 2489 34.
1763 2456 1934 2490 Diripiunta
1952 2455 1975 2481 C

528 2542 535 2559 ¹
555 2543 654 2582 L.-P..·
676 2544 830 2575 praesentia
848 2542 970 2575 Augusti
990 2546 1179 2576 congregatum
1203 2543 1344 2568 concilium
1400 2544 1590 2569 diatamente:
1608 2544 1708 2568 annuit
1725 2544 1803 2569 iuxta
1820 2543 1897 2567 Aetia·
1913 2546 2003 2567 votum
2021 2545 2067 2568 etc.

438 2594 555 2612 numero
581 2586 645 2612 ICC
671 2587 852 2618 episcoporum
876 2594 932 2611 una
956 2594 1017 2611 cum
1043 2586 1164 2619 Augusto
1191 2585 1344 2614 Marciano,
1488 2585 1499 2602 ⁷
1519 2586 1607 2617 IDEM,
1626 2587 1640 2619 5
1658 2586 1712 2611 IV:
1731 2586 1818 2610 Alani
1833 2593 1894 2610 cum
1912 2585 2075 2618 Sangibano.

437 2629 489 2662 qul
509 2632 687 2661 exposuerunt
706 2629 793 2661 fidem
816 2628 983 2657 catholicam,
1008 2629 1077 2653 duas
1100 2631 1213 2652 naturas
1237 2628 1267 2651 in
1292 2635 1345 2652 uno
1489 2627 1500 2644 ⁸
1519 2636 1539 2654 n
1559 2630 1666 2654 omette
1684 2629 1706 2653 il
1727 2630 1814 2653 resto.

442 2672 558 2700 Christo,
577 2672 665 2696 Deum
682 2672 709 2695 ei
724 2670 917 2695 hominem....
937 2670 986 2694 ubl
1001 2672 1028 2694 et
1053 2670 1249 2694 damnaverunt
1265 2668 1344 2694 Eutt'-
1489 2670 1502 2688 ⁹
1521 2672 1646 2702 PAULUS,
1666 2670 1740 2701 VIV,
1760 2678 1794 2696 v:
1816 2670 1983 2695 Conveniunt
2000 2669 2064 2694 hinc
2081 2670 2108 2694 d
2119 2669 2191 2695 inde.

437 2716 509 2739 cium
527 2717 553 2738 et
570 2714 733 2738 Nestorium.
1478 2712 1503 2730 ¹⁰
1520 2714 1609 2745 IDEM,
1628 2713 1675 2739 VI.
1695 2721 1714 2738 R
1734 2714 1840 2738 omettc
1859 2712 1930 2737 frasi
1950 2711 2050 2736 intere.

527 2755 539 2772 ²
558 2756 684 2786 Pnums,
703 2755 779 2787 XIV,
792 2762 804 2780 1
818 2755 878 2789 (pp.
893 2761 945 2780 200
957 2763 971 2780 e
985 2753 1058 2787 201).
1080 2762 1098 2779 R
1112 2755 1218 2779 omette
1231 2754 1254 2779 11
1268 2756 1344 2779 resto
1477 2754 1498 2772 ¹¹
1514 2759 1594 2788 pater
1616 2756 1823 2784 Turrismundi,
1842 2755 1983 2788 aggiunto
2003 2754 2039 2778 da
2058 2760 2085 2778 n.

439 2799 485 2825 del
504 2799 667 2832 paragrafo.
1481 2797 1501 2814 ¹²
1520 2798 1645 2829 Faunus,
1664 2799 1739 2828 VIV,
1758 2805 1790 2823 xx
1810 2797 1849 2831 (p.
1869 2796 1948 2829 203):
1967 2797 2004 2821 At
2021 2803 2082 2820 vero
2099 2795 2188 2821 Atetta
2200 2802 2310 2821 cmm
2368 2816 2370 2822 ,

527 2839 538 2857 ⁸
556 2841 644 2872 IDEM,
664 2841 740 2870 XIV,
757 2846 791 2870 11,
811 2840 890 2865 dlce:
908 2840 993 2864 Bleba
1012 2847 1072 2864 non
1091 2839 1184 2864 Bleaa.
1399 2848 1426 2864 se
1444 2839 1535 2865 relicto
1552 2840 1638 2864 hostes
1655 2840 1692 2864 ad
1705 2840 1820 2872 propria
1839 2845 1977 2867 remeasse,
1995 2837 2089 2862 erectis
2105 2837 2206 2862 animis
2223 2839 2309 2871 σαψ
2332 2841 2342 2869 J

528 2882 537 2899 ⁴
555 2883 643 2913 IDEM,
666 2883 722 2908 loc.
741 2882 807 2908 cita
825 2884 863 2907 ad
879 2883 1008 2907 litteram.
1399 2882 1497 2907 salutis
1513 2882 1630 2906 elevatus
1647 2882 1802 2907 Pannonias
1819 2881 1964 2913 repedavit.
2325 2907 2327 2909 μ

528 2925 540 2942 ⁶
561 2926 649 2956 Inm,
662 2925 737 2956 XlV,
750 2931 804 2950 111:
827 2924 900 2956 Quas
917 2925 976 2949 eius
993 2925 1108 2949 astutias
1126 2924 1221 2948 Aetius
1231 2930 1284 2948 non
1297 2923 1347 2947 mi·
1481 2922 1503 2942 1³
1520 2924 1614 2949 IDEM,
1643 2924 1787 2955 ,mamque
1814 2923 1944 2947 adhibitis
1970 2922 2094 2947 „amnis
2119 2921 2310 2954 mmm
2324 2921 2326 2923 “

441 2970 505 2994 κον-ί
520 2969 643 2993 acumine
659 2968 819 3000 praevidens
837 2967 935 3000 legatos
952 2967 990 2991 ad
1009 2966 1227 2991 Theodotum-„-
1403 2966 1528 2991 hortatur
1545 2973 1615 2994 suos,
1632 2967 1732 2991 act-lter
1750 2968 1887 2998 expugnat
1905 2965 1996 2989 urbm
2014 2972 2045 2989 ac
2061 2964 2119 2989 sine
2136 2965 2208 2996 capit
2225 2969 2307 2989 non·
2334 3001 2336 3004 ‚
2366 2979 2368 2993 5

531 3008 543 3025 ⁶
562 3017 581 3035 u
602 3011 686 3034 sunta
705 3009 727 3034 11
749 3009 870 3043 perlodo
890 3008 920 3034 d1
940 3008 1066 3040 PAm-ns,
1086 3008 1136 3033 che
1155 3014 1239 3040 segue
1252 3007 1349 3032 lmme-
