2398 3470
122 247 206 281 [ΛΑ.
220 248 254 277 c.
272 249 426 282 umus:
441 256 469 277 u.
481 256 507 278 e.
522 250 716 287 102s-1032]

891 242 1208 280 CHRONICON

1927 242 1970 282 71
2010 254 2089 277 Mum.
2104 259 2137 274 cc.
2153 259 2215 278 7²·73

0 418 3 423 Δ
209 379 314 413 Anno
338 379 383 413 ab
405 370 646 415 incarnatione
663 381 809 414 vDomini
840 381 1056 415 CCLXXIII
1080 387 1116 414 et
1137 391 1228 414 anno
1261 380 1304 413 ab
1327 379 1414 413 urbe
1446 381 1589 414 condita
1611 381 1758 415 MXXV
1760 382 1833 414 111¹
1866 383 1978 415 Aure·
2029 373 2092 422 :22³1
2106 378 2155 420 ,²338

0 430 7 486 Ξ
121 433 203 467 liani
226 432 330 466 xxnt'
354 434 399 467 ab
421 434 582 478 Augusto
605 434 788 478 imperium
821 435 978 478 adeptus,
1002 435 1154 479 quinque
1179 434 1278 467 annis
1301 443 1343 466 ac
1366 444 1428 466 sex
1451 433 1625 467 mensibus
1649 435 1771 473 tenuit,
1795 435 1850 467 uir
1878 436 1980 468 indu·
2031 452 2050 466 c.
2065 447 2112 470 9⁶a

1 487 6 498 ⁵
122 489 205 520 stria
228 486 367 519 militari
390 487 700 521 excellentissimus
710 486 734 528 ²,
758 487 793 519 in
825 487 917 521 bello
940 494 1079 531 potens3
1113 487 1219 520 animi
1241 493 1356 520 tamen
1386 487 1579 526 immodici,
1604 494 1640 520 et
1663 489 1708 520 ad
1739 488 1978 522 crudelitatem

121 538 386 586 propensiorffls
398 540 421 580 ³,

445 541 505 585 qui
528 541 749 584 expeditione
773 541 809 573 in
833 541 1030 574 Danubium
1054 546 1227 584 suscepta,
1252 540 1387 574 Gothos
1410 540 1543 583 magnis
1559 541 1677 583 preliis
1699 542 1906 585 profligauit,
1931 543 1982 574 di-

78 593 97 625 5
123 594 332 638 cionemque
355 595 550 628 Romanam
575 594 725 638 antiquis
747 594 902 626 terminis
924 595 1052 628 statuit.
1099 594 1186 627 Inde
1209 593 1245 626 in
1268 593 1447 627 Orientem
1472 603 1670 633 conuersus,
1694 595 1897 634 Zenobiam,
1915 605 1983 638 que

122 966 208 1006 auri,
230 977 513 1011 gemmarumque
537 967 727 1001 constituit.

121 1239 306 1276 correptor
318 1232 341 1267 ⁸.

31 1608 40 1639 ᾗ
127 1589 143 1607 ⁴⁶
155 1587 368 1622 Cenoforum
386 1590 581 1633 appellatur
594 1614 624 1631 „.

215 2513 222 2531 ¹
242 2514 379 2546 oxosms.
400 2515 462 2548 vn,
483 2523 526 2548 23,
546 2524 576 2550 3.

209 2555 221 2573 ⁸
240 2557 378 2590 Onosws,
399 2559 454 2584 loc.
477 2559 528 2585 cit.

213 2595 226 2614 ⁸
241 2600 422 2632 Eunomus,
439 2599 489 2632 lx,
511 2608 551 2634 13.

211 2639 222 2657 ⁴
243 2642 381 2674 onosma,
394 2643 447 2669 lib.
467 2650 483 2668 e
495 2650 558 2675 cap.
576 2643 634 2675 cit„
648 2643 680 2676 ἐξ
694 2650 711 2677 4
723 2651 739 2669 e
754 2651 771 2677 4
784 2643 842 2677 (pp.
856 2643 907 2670 262
923 2652 938 2670 e
952 2643 1024 2678 263).

211 2683 223 2702 ⁵
241 2684 423 2716 Eunomus,
441 2686 496 2711 loc.
514 2686 573 2716 cit„
592 2691 621 2719 p.
642 2686 700 2717 ¹58·

52 2750 62 2762 7.
211 2722 223 2741 ⁰
244 2725 397 2751 Honoribus
413 2726 589 2751 validioribus
605 2727 696 2759 sepsit,
715 2728 935 2761 interpolazione
958 2728 988 2754 dl
1006 2736 1025 2753 R

22 2797 26 2802 ‚
76 2766 82 2786 i'
123 2767 168 2792 uei
195 2774 278 2799 passo
305 2768 333 2793 di
352 2769 532 2799 Eunomus,
556 2768 605 2801 IX,
626 2775 667 2801 ις,
687 2770 804 2801 eopiato
829 2770 865 2795 dn
882 2777 903 2795 n
926 2770 983 2795 fino
1009 2779 1025 2796 ιι

21 2811 26 2818 ⁵
67 2834 69 2836 .
122 2809 298 2835 “coustituit
307 2828 331 2843 ῃ.

210 2849 222 2867 ⁷
241 2851 470 2884 interpolazione
489 2853 518 2879 di
537 2861 565 2880 a.

10 2922 12 2925 v
56 2905 66 2918 ..-
210 2891 222 2909 ⁸
240 2894 286 2920 Du
304 2894 438 2920 Planum
450 2894 507 2921 tino
519 2903 536 2920 a
553 2898 687 2928 corr-«paor
698 2893 713 2920 ὲ
727 2896 843 2929 coplato
855 2896 892 2922 de
910 2897 1025 2923 Eu‘mo-

52 2936 54 2938 '
74 2934 82 2972 J
122 2941 198 2967 nus,
215 2935 266 2967 lx,
287 2943 320 2969 ¹4
339 2936 456 2970 (pagina
474 2938 583 2967 citata).

63 2981 65 2985 ’
211 2975 224 2994 ⁰
241 2979 333 3010 Bam,
352 2979 409 3005 loe.
429 2980 494 3006 cita
514 2980 592 3006 “Hic
611 2987 676 3006 eum
695 2980 844 3007 adversum
864 2988 916 3007 nos
928 2988 1023 3015 perse-

124 3017 290 3046 'cntionem
309 3022 475 3054 novisset„
511 3022 589 3047 Beda
608 3022 676 3054 pero
695 3022 850 3055 riproduce
868 3030 906 3049 un
930 3023 1025 3048 latero

598 2516 863 2549 “....Mxxvn,.

122 648 239 681 occiso
263 648 449 682 Odenatho
481 648 604 681 marito
635 658 707 687 suo,
732 647 868 692 Syriam
891 654 1070 690 receptam
1101 647 1166 680 sibi
1197 647 1411 685 uendicaust,
1435 647 1546 690 magis
1577 647 1675 690 prelii
1702 654 1846 688 terrore,
1878 659 1980 692 quam

120 699 242 742 prelio,
266 701 302 733 in
328 707 536 744 potestatem
566 700 715 745 redegit.
760 700 941 733 Tetricum
964 700 1001 733 in
1025 700 1141 734 Gallia
1170 700 1312 733 minime
1335 699 1561 732 sufficientem
1592 700 1759 733 sustinere
1791 702 1982 734 seditiones

121 753 269 786 militum
292 764 444 795 suorum,
466 754 745 798 scribentemque
770 754 874 786 etiam
899 754 1013 787 eidem
1037 753 1248 786 Aureliano:
1272 753 1390 797 Ert'jbe
1410 764 1464 785 me
1485 753 1549 796 his,
1573 754 1708 795 invicte,
1732 755 1831 787 malis
1852 765 1895 788 ac
1921 765 1985 798 per

120 806 189 840 hoc
212 807 428 850 proditorem
445 806 616 841 exercitus
632 806 684 839 sui
699 806 775 839 sine
789 806 911 840 labore
927 806 1112 849 superauit.
1161 806 1222 839 Sic
1245 806 1390 839 orientis
1414 812 1448 839 et
1471 806 1645 849 aquilonis
1667 813 1841 850 receptor,
1859 818 1984 852 magna

59 858 98 891 10
121 859 234 902 gloria
250 861 477 904 triumphauit
489 860 513 900 ⁴,
528 859 869 904 precedentibusque
886 870 1023 893 currum
1040 860 1186 893 Tetrico
1203 865 1238 892 et
1252 860 1409 893 Zenobia
1421 859 1442 891 ⁸.
1491 859 1558 893 Hic
1574 859 1695 893 urbem
1712 860 1861 894 Romam
1879 861 1985 893 muris

121 913 331 947 firmioribus
353 914 472 952 cinxit,
495 913 686 947 honoribus
707 912 935 947 ualidioribus
958 914 1066 957 sepsit
1078 913 1101 953 ⁶,
1126 912 1292 957 templum
1316 912 1391 946 Soli
1414 913 1628 954 hedificauit,
1651 914 1687 946 in
1711 925 1781 957 quo
1813 914 1983 947 infinitum

774 967 926 1000 Porcine
943 968 1058 1000 carnis
1073 978 1172 1000 usum
1196 966 1327 1010 populo
1350 967 1510 1000 instituit.
1555 967 1625 1000 Iste
1649 967 1779 1010 primus
1801 968 1895 1010 apud
1911 968 1985 1001 Ro-

121 1030 241 1053 manos
265 1031 428 1054 coronam
452 1020 560 1063 capiti
582 1020 753 1063 imposuit,
778 1027 814 1054 et
834 1020 1041 1054 uestimenta
1063 1020 1184 1053 habuit
1207 1030 1285 1054 cum
1310 1030 1394 1052 auro
1417 1026 1452 1053 et
1474 1021 1629 1064 gemmis,
1653 1021 1748 1064 quod
1773 1021 1888 1054 adhuc
1912 1021 1986 1054 Ro-

121 1073 214 1106 mani
235 1073 272 1105 in
295 1073 547 1107 consuetudine
570 1084 641 1108 non
664 1073 858 1107 habuerant
871 1073 894 1107 ⁷.
939 1073 1111 1107 Plurimos
1126 1073 1263 1106 nobiles
1287 1073 1401 1115 capite
1426 1073 1638 1116 dampnauit,
1661 1084 1774 1113 seuus,
1799 1080 1834 1107 et
1850 1075 1987 1118 sangui-

59 1125 97 1158 15
120 1126 248 1166 narius,
272 1137 314 1160 ac
337 1128 552 1160 necessarius
582 1128 691 1172 magis
713 1127 750 1160 in
779 1127 996 1172 quibusdam,
1028 1138 1131 1171 quam
1154 1127 1190 1160 in
1213 1125 1323 1159 'nullo
1355 1126 1512 1159 amabilis
1542 1127 1747 1170 imperat013
1778 1133 1858 1160 trux
1889 1129 1983 1160 omni
2033 1145 2052 1160 c.
2069 1140 2113 1163 μω

18 1180 21 1183 ’
119 1185 288 1223 tempore,
311 1180 417 1213 etiam
441 1181 501 1213 filii
525 1181 652 1214 sororis
675 1181 891 1220 interfector,
919 1180 1102 1224 discipline
1125 1186 1241 1214 tamen
1265 1180 1434 1220 militaris,
1459 1186 1494 1213 et
1517 1191 1651 1213 morum
1673 1180 1802 1225 magna
1826 1191 1869 1215 ex
1885 1188 1984 1225 parte

705 1344 720 1360 ¹⁴
734 1342 845 1376 Nom&
866 1351 1092 1376 »misnen-no
1115 1351 1155 1375 m
1178 1342 1364 1375 Eccum
1377 1365 1408 1382 „.

23 1470 27 1476 1
217 1429 444 1463 “Nouissime
477 1441 555 1464 cum
586 1431 755 1464 aduersus
786 1430 998 1464 Christianos
1028 1432 1308 1474 persecutionem
1342 1441 1446 1463 nonus
1475 1442 1498 1463 a
1529 1431 1672 1464 Nerone
1702 1443 1836 1464 mouens
1870 1433 1987 1465 decer-

23 1515 26 1524 Υ,
57 1482 100 1514 20
129 1481 251 1515 “neret
261 1481 285 1520 ⁹,
308 1482 442 1516 fulmen
464 1489 545 1516 ante
569 1494 648 1516 eum
671 1494 799 1527 magno
813 1494 946 1527 pauore
963 1483 1258 1517 circumstantium
1281 1483 1360 1523 ruit,
1385 1494 1427 1517 ac
1450 1494 1521 1516 non
1544 1483 1652 1517 multo
1676 1491 1755 1528 post
1778 1496 1798 1518 a
1822 1484 1988 1518 militibus

24 1537 25 1540 ’
127 1535 143 1553 “
156 1535 294 1569 occisus
316 1542 380 1576 est,
402 1537 539 1569 itineris
561 1537 682 1570 medio
704 1538 797 1571 inter
826 1532 1174 1581 Constantinopolim,
1199 1543 1234 1571 et
1265 1537 1453 1576 Eracliam,
1477 1543 1583 1571 strate
1613 1539 1742 1571 ueteris
1765 1539 1856 1577 loco,
1887 1539 1983 1582 quod

672 1590 745 1624 Sub
762 1591 831 1624 hoc
854 1591 953 1634 ajunt
976 1591 1110 1634 pollere
1126 1590 1374 1623 philostratum
1398 1591 1649 1624 Atheniensem
1671 1592 1986 1636 ystoriographum‚

121 1647 157 1675 et
179 1641 376 1703 Longinum
391 1642 426 1676 ¹⁰.
473 1644 702 1677 Eutichianus
723 1645 865 1678 natione
889 1645 1024 1677 Tuscus
1048 1654 1092 1677 ex
1114 1650 1212 1687 patre
1241 1644 1391 1683 Marino,
1415 1650 1494 1687 post
1517 1644 1658 1678 Marcus
1681 1655 1844 1678 romanus
1867 1645 1982 1678 dictus
2056 1642 2097 1684 ¹⁴0,
2111 1636 2123 1682 '2
2151 1669 2173 1682 ,2

33 1731 36 1734 Δ
122 1701 175 1728 est
198 1695 394 1739 episcopus,
417 1697 576 1741 seditque
601 1708 690 1731 anno
713 1708 783 1731 uno
805 1708 924 1731 mense
939 1708 1019 1731 uno.
1067 1697 1135 1730 Hic
1151 1697 1330 1730 constituit
1352 1697 1473 1741 fruges
1497 1708 1602 1740 super
1625 1698 1733 1731 altare
1756 1704 1888 1731 tantum
1905 1698 1987 1732 fabe

34 1763 35 1766 ¹
43 1748 98 1781 25
122 1754 158 1782 et
180 1760 248 1782 uue
272 1749 449 1784 benedici.
495 1751 564 1784 Hic
594 1751 810 1794 temporibus
840 1752 911 1784 suis
939 1757 1134 1785 trecentum
1166 1751 1398 1795 quadraginta
1429 1752 1517 1784 duos
1540 1751 1699 1784 martires
1726 1752 1883 1785 manibus
1914 1753 1986 1784 suis

40 1803 41 1806 ’
120 1802 281 1845 sepeliuit
296 1802 329 1836 ¹¹.
369 1803 415 1836 Et
438 1803 496 1836 hic
518 1804 672 1837 martirio
696 1811 895 1843 coronatur,
919 1810 955 1838 et
976 1804 1146 1848 sepelitur
1169 1814 1246 1836 cum
1270 1803 1438 1836 fratribus
1461 1804 1530 1836 suis
1553 1804 1588 1836 in
1612 1804 1784 1838 cimiterio
1808 1805 1937 1838 Calixti
1952 1804 1984 1838 ¹².

210 1856 317 1889 Anno
340 1856 386 1889 ab
408 1857 647 1890 incarnatione
670 1857 812 1891 Domini
835 1857 1099 1896 CCLXXVIII,
1123 1863 1159 1890 et
1181 1867 1271 1890 anno
1296 1857 1340 1890 ab
1363 1856 1450 1890 urbe
1475 1857 1618 1890 condita
1640 1858 1823 1891 MXXXII
1840 1859 1984 1891 Tacitus
2035 1848 2162 1900 :13:532

120 1908 319 1942 tricesimus
341 1910 385 1943 ab
413 1909 573 1954 Augusto
604 1911 786 1954 imperium
817 1911 974 1953 adeptus,
1006 1911 1059 1943 uir
1090 1910 1232 1954 egregie
1263 1910 1526 1948 moderationis,
1550 1916 1586 1943 et
1607 1911 1801 1954 reipublice
1833 1912 1988 1956 regende

47 1979 48 1983 =
62 1997 77 2003 ν
122 1961 269 1996 idoneus
276 1975 286 2002 ;
309 1962 419 1996 nichil
448 1969 565 1996 tamen
596 1964 782 1998 ostendere
804 1964 929 2007 potuit,
960 1963 1044 2007 quia
1065 1969 1163 1997 sexto
1194 1973 1311 1996 mense
1342 1964 1443 2008 regni
1474 1963 1526 1995 sui
1558 1964 1695 1997 occisus
1726 1969 1778 1996 est
1800 1965 1838 1996 in
1861 1964 1985 1998 Ponto.

1 2043 3 2046 ⁴
46 2012 100 2047 *30
121 2014 207 2049 Post
228 2015 346 2059 quem'
370 2017 554 2049 Florianus
577 2028 696 2060 parem
721 2018 820 2062 regni
844 2023 972 2051 sortem
989 2017 1118 2056 ferens,
1135 2017 1238 2051 tertio
1261 2016 1400 2050 demum
1424 2027 1542 2051 mense
1565 2017 1660 2060 apud
1683 2018 1857 2050 Tharsum
1877 2018 1984 2051 inter·
2035 2035 2047 2048 c
2060 2018 2119 2054 '9711

46 2063 47 2066 '
123 2067 238 2101 fectus
261 2074 323 2109 est,
346 2080 412 2102 nec
429 2071 615 2113 quicquam
631 2071 799 2104 memorie
815 2070 958 2115 dignum
975 2070 1064 2104 fecit
1075 2069 1111 2103 ¹³.
1153 2069 1361 2103 “Anatolius
1376 2071 1519 2103 natione
1534 2070 1794 2104 Alexandrinus
1809 2071 1987 2104 Laodicee

127 2122 142 2139 ‘⁴
155 2121 255 2166 Syrie
268 2122 464 2166 episcopus,
481 2123 767 2167 philosophorum
784 2124 976 2168 disciplinis
993 2124 1159 2163 eruditus,
1171 2124 1322 2167 plurimo
1333 2133 1492 2157 sermone
1510 2123 1725 2162 celebratur;
1744 2125 1842 2169 cujus
1858 2125 1988 2168 ingenii

216 2260 238 2278 1.
257 2253 337 2279 Anni
354 2253 476 2279 Domini
495 2255 520 2280 C
536 2267 570 2273 —
591 2260 646 2280 1-2.
665 2254 814 2280 Aur-ellani
832 2254 858 2278 A
877 2267 911 2273 —
930 2261 956 2288 4.
975 2254 1160 2287 expedicione
1181 2254 1206 2280 C
1229 2267 1261 2272 -
1287 2260 1345 2286 4-5.
1365 2253 1562 2286 ditlonemque
1579 2254 1606 2278 B
1623 2267 1656 2272 —
1684 2260 1708 2286 5.
1734 2254 1890 2279 Zeboniam
1911 2256 1936 2281 C
1952 2268 1986 2274 -—

123 2297 149 2326 7.
167 2293 329 2320 sediciones
346 2295 408 2322 BC
425 2308 459 2314 —
478 2296 503 2321 8.
522 2295 614 2321 eciam
635 2297 659 2322 C
678 2309 707 2314 —
731 2303 770 2321 10.
790 2296 888 2321 Tetria
906 2297 935 2321 et
952 2296 1078 2321 Zebonia
1098 2296 1122 2321 C
1141 2308 1173 2313 -
1201 2302 1243 2322 11.
1260 2294 1406 2321 edificauit
1423 2295 1451 2320 B
1463 2296 1487 2321 G
1511 2308 1544 2314 -
1567 2302 1607 2328 14.
1627 2295 1668 2328 et]
1688 2302 1722 2321 ac
1741 2309 1774 2314 —
1798 2302 1838 2327 19.
1853 2296 1984 2323 Noulssi-

124 2335 181 2368 me]
200 2337 231 2361 tn
251 2338 276 2364 C
290 2337 401 2362 {nitide
418 2340 513 2363 ornata
531 2350 543 2356 -
562 2338 788 2372 persecucionem
807 2338 834 2362 B
845 2339 870 2364 C
893 2353 926 2358 —
952 2344 994 2364 21.
1020 2337 1180 2364 Heracliam
1198 2338 1226 2362 B
1243 2351 1276 2356 —
1303 2344 1346 2363 22.
1366 2338 1570 2371 Cenophorum
1588 2337 1615 2361 B
1621 2348 1633 2367 ‚·
1659 2337 1860 2364 CenofrurIum
1878 2339 1954 2363 Beda
1972 2352 1984 2358 -

123 2378 386 2413 hittorlographum
400 2380 443 2408 B,-
455 2377 723 2414 hystoriographum
744 2382 770 2408 C
780 2393 814 2398 —-
829 2387 872 2413 ²4-
891 2381 1121 2415 archiepiscopus
1136 2381 1161 2406 C
1171 2394 1204 2399 —
1218 2385 1263 2413 27.
1275 2381 1363 2406 Anno
1382 2380 1522 2406 dominice
1536 2380 1745 2406 incarnationis
1760 2381 1784 2406 C
1800 2394 1833 2399 —
1849 2387 1890 2414 ²9·
1909 2382 1984 2406 nihil

122 2421 150 2446 B
167 2434 180 2441 -
197 2421 278 2454 quia]
298 2422 356 2447 iam
374 2422 419 2451 B.-
436 2429 503 2448 nam
521 2422 545 2447 a
562 2423 639 2448 Sam
651 2435 684 2441 —-
697 2429 741 2455 30.
754 2424 843 2448 tercio
860 2424 884 2449 C
900 2436 912 2443 -
931 2425 1001 2456 aput
1021 2423 1044 2448 C
1061 2435 1073 2442 -
1095 2423 1216 2448 Tarsum
1233 2423 1260 2448 B
1273 2435 1306 2441 —
1325 2430 1369 2456 31.
1384 2430 1474 2456 neque
1493 2424 1517 2449 C
1528 2436 1539 2442 -
1552 2423 1729 2449 Anathouus
1743 2424 1767 2449 C
1779 2436 1790 2443 -
1803 2423 1940 2448 Laodicie
1962 2424 1987 2450 C

1081 2517 1197 2549 periodo
1218 2517 1245 2542 di
1263 2517 1402 2547 oswius,
1421 2518 1475 2542 loc.
1501 2517 1547 2542 cit.

1159 2557 1180 2575 ¹⁰
1198 2559 1333 2589 Μία-«114,
1351 2559 1387 2590 X,
1404 2564 1448 2592 37,
1468 2567 1495 2591 p.
1515 2565 1575 2592 233,
1597 2558 1632 2584 de.
1650 2558 1696 2584 cui
1714 2566 1734 2583 R
1754 2559 1908 2593 riproduce
1931 2567 1984 2585 con
2013 2569 2047 2587 20

1079 2601 1241 2632 varinzioni,
1260 2602 1363 2634 questo
1381 2601 1511 2634 periodo,
1530 2608 1587 2626 non
1607 2601 1644 2625 ha
1663 2602 1759 2633 questi
1779 2602 1866 2626 nomi.

1158 2641 1179 2660 ¹¹
1199 2643 1308 2673 Questa
1327 2644 1431 2669 notizia
1450 2641 1465 2668 ὲ
1484 2644 1523 2669 tal
1541 2643 1624 2676 quale
1644 2643 1805 2675 riprodotta
1823 2641 1872 2669 dal
1891 2643 1922 2669 L.
1941 2644 1986 2673 P..

1079 2684 1101 2717 1,
1121 2686 1165 2717 28,
1183 2687 1263 2712 selvo
1281 2686 1400 2712 l'incieo
1425 2685 1438 2699 ‘¹
1450 2687 1515 2718 post
1540 2686 1669 2711 Marcum
1682 2693 1708 2716 ηε
1735 2686 1748 2700 ¹‘
1760 2687 1810 2711 Hic
1835 2686 1986 2711 constituit

1081 2726 1135 2753 “ut
1152 2727 1250 2761 fruges
1268 2735 1354 2760 super
1373 2728 1463 2753 altare
1477 2729 1587 2753 tanturn
1606 2726 1690 2752 fabae
1705 2729 1735 2753 et
1754 2735 1826 2752 uvae
1847 2728 1985 2753 benedici.

1080 2770 1155 2795 “Hic
1175 2771 1351 2803 temporibus
1370 2772 1430 2795 suis
1445 2773 1498 2802 per
1514 2770 1620 2794 diversa
1633 2769 1688 2794 loca
1707 2769 1866 2795 CCCXLII
1878 2772 1985 2804 marty·
2014 2775 2045 2801 25

1079 2811 1093 2824 Κ
1106 2819 1148 2837 ree
1166 2820 1263 2838 manus
1279 2820 1342 2837 :aas
1360 2813 1492 2844 sepelivit
1504 2828 1526 2842 „.

1157 2851 1181 2870 ¹¹
1199 2855 1247 2880 Dx
1265 2855 1362 2887 Rosam,
1383 2858 1423 2887 op.
1449 2855 1507 2882 cit..
1527 2853 1575 2884 111,
1602 2856 1659 2879 tav.
1685 2853 1735 2884 111,
1761 2861 1789 2886 p.
1816 2859 1850 2886 7⁰
1875 2855 1987 2886 riperta

1080 2896 1225 2929 Pepitaffio
1244 2897 1405 2923 ritrovstox
1426 2896 1439 2911 ⁰
1451 2894 1667 2922 Er'erIANOC
1687 2895 1836 2922 limem.
1849 2913 1873 2929 „-

1157 2937 1180 2955 ¹³
1199 2938 1336 2970 Onustus,
1357 2939 1418 2970 VII,
1439 2944 1481 2972 24,
1504 2946 1515 2963 1
1540 2937 1577 2970 (p.
1598 2936 1661 2971 263)
1683 2938 1716 2963 ed
1737 2938 1914 2968 Eunomus,
1935 2938 1984 2968 IX,

1082 2980 1114 3006 16
1135 2980 1194 3014 (pp.
1216 2981 1265 3014 158
1283 2988 1299 3007 e
1320 2981 1391 3014 160).
2013 2989 2047 3015 30
