2398 3470
137 260 216 285 uum,
232 267 265 282 ce.
280 266 343 288 ⁹⁴·95
378 251 425 288 94
965 246 1255 290 ROMUALDI
1284 252 1649 291 SALERNITANI
1916 260 2003 297 [ΔΑ.
2022 261 2057 290 c.
2077 248 2234 297 aso-⁴17]

378 385 393 401 “
407 394 448 416 ac
469 385 610 429 jejuniis
634 385 709 418 dies
733 386 866 430 aliquot
889 387 1105 420 continuauit
1128 391 1163 419 et
1186 391 1316 419 noctes.
1363 385 1456 419 Ante
1479 386 1633 419 triduum
1665 392 1779 419 autem
1803 397 1881 419 cum
1904 387 2023 420 hostes
2052 387 2234 430 contiguus

381 437 517 477 “fieret‚
542 440 654 472 cernit
676 440 714 472 in
736 440 865 473 somnis
888 441 1029 473 beatum
1052 439 1275 473 Ambrosium
1303 439 1407 482 paulo
1432 445 1512 473 ante
1539 439 1757 478 defunctum,
1782 450 1852 483 quo
1873 441 1932 473 uel
1959 440 2099 484 quando
2121 441 2234 474 uicto-

378 491 493 523 “riam
519 492 674 534 eaperet,
697 493 790 526 diem
814 493 880 526 sibi
904 493 1118 526 indicantem
1142 498 1178 526 et
1201 493 1328 526 locum.
1374 492 1455 535 A[c]
1479 494 1580 527 tertio
1604 493 1743 526 demum
1768 493 1825 526 die
1847 499 1927 536 post
1942 499 2080 526 noctem
2104 494 2235 527 oratio-

379 545 393 560 “
407 543 508 577 nibus
537 546 744 589 hymnisque
774 547 993 591 peruigilem,
1025 557 1105 579 cum
1136 546 1290 590 quinque
1321 545 1538 579 solummodo
1566 546 1704 579 milibus
1735 546 1900 579 aduersus
1931 547 2111 591 octoginta
2139 547 2236 580 milia

377 598 392 614 ‘⁴
404 597 557 631 hostium
579 610 741 643 pergens,
757 600 824 633 Dei
840 607 936 639 nutu,
960 602 1035 633 sine
1051 600 1144 633 bello
1169 611 1230 633 eos
1245 601 1281 632 in
1304 600 1519 633 deditionem
1537 600 1675 643 accepit
1688 601 1709 632 ¹.
1756 600 1899 632 Barbari
1924 609 2073 644 quoque,
2089 611 2235 644 quorum
2281 599 2300 632 5

378 651 393 667 “
406 662 569 695 magnam
585 653 840 687 multitudinem
857 654 963 688 Gildo
981 654 1188 693 deduxerat,
1205 655 1241 686 in
1259 654 1398 687 diuersa
1415 654 1594 698 fugerunt3
1620 653 1727 686 Gildo
1745 658 1780 686 et
1795 654 1906 696 ipsam
1929 654 2048 698 fugam
2065 654 2237 696 arripiens

379 705 394 721 “
408 714 554 738 ascensa
576 707 669 746 naui,
692 718 772 741 cum
795 707 831 740 in
854 707 1014 740 Africam
1038 707 1198 746 redisset,
1221 713 1300 750 post
1322 707 1456 750 aliquot
1479 707 1554 740 dies
1577 706 1812 750 strangulatus
1835 707 1978 739 interiit.
2024 707 2117 740 Sane
2140 707 2237 740 idem

228 772 247 786 c.
261 766 324 790 ¹¹5⁶
379 756 621 792 “Mascelzer·
643 770 760 793 rerum
783 760 1017 794 secularium²
1040 761 1225 793 insolentia
1248 766 1394 800 tumens,
1418 766 1498 803 post
1520 760 1675 793 habitum
1699 765 1896 792 sanctorum
1923 760 2146 800 consortium,
2176 760 2236 803 qui

378 811 394 828 ‘⁴
408 816 509 845 antea
532 813 609 846 Deo
625 814 775 847 militans
791 815 938 855 uicerat,
960 820 1084 856 postea
1107 815 1209 847 etiam
1227 814 1412 847 ecclesiam
1435 820 1606 848 temerare
1624 823 1726 846 ausus
1743 819 1804 853 est,
1822 819 1926 857 atque
1950 824 1994 846 ex
2009 824 2051 846 ea
2068 813 2236 858 quosdam

378 865 475 898 “nou
498 866 669 901 dubitauit
691 869 888 901 extrahere:
913 874 1032 901 secata
1056 874 1107 900 est
1131 877 1223 910 pena
1246 868 1466 911 sacrilegum,
1490 878 1570 900 nam
1592 873 1672 910 post
1693 867 1906 910 aliquantum
1931 866 2097 910 temporis
2112 873 2148 899 et
2162 866 2236 910 ipse
2263 867 2303 899 10

378 919 547 962 “punitus
570 926 621 953 est
633 920 656 954 ³.
705 922 842 954 Interea
873 928 908 954 et
931 922 1007 964 ipse
1038 922 1197 961 Rufinus,
1222 921 1279 954 cui
1310 921 1497 954 Orientalis
1520 920 1598 953 aule
1623 931 1644 953 a
1673 920 1875 953 Theodosio
1900 931 1980 953 cum
2011 920 2237 954 barbarorum

377 973 544 1006 “solaciis
566 985 713 1019 regnum
736 980 887 1008 tentaret
909 975 1090 1014 inuadere,
1115 980 1227 1008 morte
1245 974 1432 1008 iustissima
1454 984 1564 1017 penas
1586 973 1680 1007 luit⁴.
1728 974 1809 1013 Quo
1826 980 1984 1016 tempore
2008 974 2160 1007 omnium
2176 983 2238 1006 an-

376 1026 391 1044 “
405 1026 591 1069 tiquorum‚
615 1029 898 1072 presentiumque
921 1028 1071 1062 hostium
1095 1029 1199 1072 longe
1224 1028 1476 1061 inmanissimus
1491 1027 1711 1071 Radagaisus
1726 1037 1791 1060 rex
1808 1027 2002 1061 Gothorum
2019 1027 2147 1060 inuasit
2168 1027 2237 1060 Ita-

374 1079 389 1095 “
406 1079 485 1112 liam
499 1079 521 1113 ⁵.
567 1081 636 1114 Hic
659 1092 764 1124 supra
787 1082 1028 1116 incredibilem
1051 1081 1318 1121 multitudinem,
1335 1092 1437 1124 quam
1461 1091 1579 1113 secum
1597 1081 1752 1119 duxerat,
1770 1080 2043 1124 indomitamque
2059 1080 2237 1119 uirtutem,

377 1134 561 1177 “paganus
585 1141 670 1174 erat,
693 1141 727 1167 et
751 1135 895 1180 Scytha,
920 1136 979 1178 qui
1002 1141 1040 1168 ut
1070 1145 1146 1168 mos
1168 1146 1205 1167 es
1231 1134 1388 1168 barbaris
1411 1134 1610 1178 hujusmodi
1640 1134 1801 1179 gentibus
1833 1144 1970 1167 omnem
1997 1134 2149 1167 Romani
2175 1142 2238 1176 ge-
2263 1131 2302 1165 15

376 1187 495 1220 “neris
518 1188 721 1231 sanguinem
744 1188 820 1221 Diis
836 1189 906 1221 suis
927 1188 1129 1231 propinare,
1147 1189 1354 1226 deuouerat;
1380 1188 1438 1232 qui
1462 1198 1532 1220 non
1548 1193 1682 1220 tantum
1706 1187 1864 1231 gloriam,
1881 1193 1940 1220 aut
1954 1187 2110 1230 predam,
2127 1197 2237 1230 quan-

377 1241 392 1257 “
405 1246 476 1272 tum
498 1240 741 1274 inexaturabili
767 1241 976 1275 crudelitate
1002 1241 1113 1284 ipsam
1137 1241 1261 1274 cedem
1284 1247 1417 1274 amaret
1438 1241 1476 1273 in
1500 1240 1588 1273 cede
1601 1239 1622 1273 ⁶.
1669 1241 1748 1273 Hoc
1772 1240 1880 1284 igitur
1902 1240 2072 1274 Romanis
2099 1239 2238 1273 arcibus

378 1294 392 1310 ‘⁴
405 1293 622 1334 imminente,
645 1294 780 1328 inuadit
794 1294 890 1328 illico
914 1295 1066 1328 Romam
1082 1288 1194 1337 pauor
1215 1295 1387 1333 infinitum
1413 1295 1450 1326 fit
1467 1294 1617 1327 omnium
1642 1304 1858 1339 paganorum
1874 1294 1910 1326 in
1925 1294 2011 1327 urbe
2029 1303 2235 1331 concursus3

377 1347 392 1364 “
405 1347 618 1381 acclamatur
641 1359 662 1381 a
686 1348 823 1382 cunctis
845 1359 906 1381 seu
922 1349 1002 1381 ideo
1026 1348 1176 1390 perpeti,
1193 1348 1288 1391 quod
1311 1348 1475 1392 neglecta
1490 1348 1632 1380 fuerant
1655 1358 1754 1381 sacra
1771 1349 1915 1381 deorum
1929 1347 1953 1380 ⁷.
1998 1347 2137 1392 Magnis
2152 1356 2237 1391 que-

376 1401 485 1433 “relis
506 1401 636 1445 ubique
669 1402 792 1446 agitur,
817 1408 852 1434 et
884 1402 1049 1434 continuo
1081 1401 1126 1434 de
1151 1401 1353 1444 repetendis
1382 1401 1500 1440 sacris,
1532 1400 1824 1444 celebrandisque
1856 1406 2036 1434 tractatur.
2082 1399 2237 1434 Feruent
2258 1401 2302 1432 20
2354 1427 2358 1429 a
2396 1417 2397 1420 κ

377 1455 391 1470 “
404 1458 478 1486 tota
501 1453 588 1486 urbe
611 1454 839 1498 blasphemie,
863 1454 968 1499 uulgo
992 1464 1119 1487 nomen
1143 1454 1286 1494 Christi,
1308 1460 1472 1497 tanquam
1487 1454 1563 1487 lues
1579 1453 1693 1497 aliqua
1709 1454 1922 1496 presentium
1946 1460 2139 1496 temporum
2154 1463 2237 1496 pro-

226 1523 247 1537 ε.
261 1518 324 1538 un
380 1506 479 1540 “bris
503 1507 802 1552 in'grauabatur⁸;
827 1509 889 1541 sed
912 1519 982 1541 non
1006 1508 1080 1540 finit
1103 1508 1198 1540 Deus
1221 1518 1294 1540 rem
1318 1507 1473 1550 potentie
1498 1518 1569 1546 sue,
1597 1507 1726 1540 uirtute
1749 1507 1910 1546 hostium,
1938 1507 2086 1541 maxime
2113 1507 2236 1540 infide-

378 1562 392 1578 “
406 1560 500 1599 lium,
524 1562 692 1604 superari.
739 1561 995 1595 Conducuntur
1018 1562 1135 1605 itaque
1159 1572 1179 1594 a
1203 1561 1375 1594 Romanis
1398 1561 1544 1600 Huldin,
1569 1567 1604 1594 et
1635 1561 1741 1594 Sarus
1767 1561 1960 1602 Hunorum,
1983 1567 2018 1594 et
2041 1561 2236 1595 Gothorum

379 1615 394 1632 “
408 1614 532 1647 duces:
557 1615 607 1647 hii
623 1616 749 1649 adsunt
764 1616 800 1647 in
816 1615 970 1658 presidio
986 1615 1236 1648 Romanorum.
1283 1614 1502 1648 Conterritus
1517 1615 1650 1658 quippe
1667 1615 1832 1648 diuinitus
1847 1614 2078 1660 Radagaisus,
2093 1615 2238 1660 ejusque

378 1668 499 1700 “totus
521 1668 695 1701 exercitus
718 1668 754 1701 in
778 1678 902 1712 aspero
934 1668 1097 1701 Fesulaui
1120 1668 1246 1700 montis
1268 1668 1364 1712 jugo,
1395 1673 1544 1711 urgente
1568 1667 1725 1711 undique
1757 1667 1892 1707 timore,
1916 1668 2148 1707 concluditur,
2169 1666 2239 1711 ⁴qui
2261 1665 2304 1699 25
2353 1700 2355 1702 .
2389 1696 2392 1710 .·

379 1721 395 1738 “
407 1731 486 1754 cum
502 1721 608 1759 fame,
625 1731 668 1754 ac
684 1721 739 1754 siti
763 1727 867 1764 atque
883 1721 1051 1765 languore
1075 1721 1278 1761 deficerent,
1295 1731 1359 1753 rex
1383 1721 1604 1765 Radagaisus
1620 1721 1712 1754 solus
1736 1731 1834 1764 spem
1852 1722 1935 1766 fuge
1951 1731 2099 1760 sumens,
2116 1725 2239 1764 captus
2388 1711 2392 1723 ¹

377 1774 427 1806 “a
448 1773 619 1807 Romanis
640 1774 713 1806 uita
735 1775 903 1816 priuatur.
950 1774 1066 1806 Tanta
1089 1783 1175 1806 uero
1198 1773 1385 1807 multitudo
1409 1774 1630 1816 captiuorum
1648 1774 1840 1807 Gothorum
1864 1774 1972 1807 {uisse
1988 1774 2110 1814 fertur,
2125 1779 2164 1806 ut
2185 1773 2238 1806 ui-

379 1828 395 1844 ⁸
409 1827 613 1860 lissimorum
637 1827 814 1870 pecudum
838 1827 956 1866 modo,
980 1826 1126 1871 singulis
1154 1827 1267 1860 aureis
1289 1826 1419 1870 passim
1451 1837 1577 1871 greges
1599 1827 1777 1860 hominum
1807 1828 2055 1860 uenderentur.
2101 1827 2240 1860 Interea

382 1882 396 1897 '‘
410 1878 573 1913 Alaricus
596 1880 732 1913 Italiam
756 1890 834 1912 cum
860 1880 984 1913 Gothis
1007 1879 1182 1924 ingressus
1206 1886 1275 1917 est;
1301 1890 1342 1913 ac
1366 1890 1451 1913 uero
1475 1879 1599 1913 Stilico
1623 1880 1863 1913 Occidentalis
1886 1886 1982 1913 tutor
2002 1879 2150 1923 imperii,
2173 1879 2239 1912 im·
2343 1913 2346 1914 γ

380 1935 394 1951 “
409 1944 540 1967 memor
564 1933 771 1967 collatorum
793 1933 1056 1971 beneficiorum,
1079 1934 1261 1966 immemor
1283 1933 1388 1966 etiam
1412 1933 1598 1976 affinitatis,
1619 1944 1700 1966 nam
1723 1943 1826 1967 socer
1847 1933 1989 1967 extabat
2014 1933 2164 1966 Honorii
2185 1942 2239 1965 re—
2263 1933 2306 1966 30
2342 1945 2349 1973 j

378 1990 394 2005 ¹⁶
404 1998 511 2031 gnum
526 1987 704 2022 Eucherio
720 1987 791 2020 filio
814 1987 998 2027 affectans,
1022 1986 1178 2030 ingentia
1193 1986 1385 2030 reipublice
1408 1987 1523 2020 intulit
1539 1987 1646 2026 mala3
1670 1998 1750 2020 nam
1762 1987 1775 2005 ⁹
1797 1986 1988 2027 Alaricum,
2005 1993 2237 2030 cunctamque

379 2041 603 2074 “Gothorum
626 2046 767 2085 gentem
791 2051 854 2084 pro
877 2050 968 2083 pace
993 2041 1135 2083 optima,
1159 2046 1194 2073 et
1217 2040 1493 2084 quibuscumque
1516 2041 1669 2081 sedibus,
1686 2041 1892 2084 suppliciter
1915 2046 2084 2079 orantem,
2101 2039 2239 2074 occulto

465 2183 487 2200 1.
506 2175 626 2207 aliquod
649 2175 672 2199 C
690 2189 722 2193 —
741 2183 766 2207 4.
785 2175 934 2208 ymnisque
953 2174 995 2203 A:
1012 2175 1107 2207 ymnis
1130 2174 1153 2198 C
1170 2188 1180 2194 -
1200 2174 1329 2200 millibus
1347 2175 1408 2199 AB
1426 2188 1438 2194 -
1457 2174 1551 2199 millia
1569 2175 1629 2200 AB
1648 2189 1679 2192 -—
1700 2174 1724 2199 6.
1739 2174 1828 2199 Gilbo
1846 2175 1926 2203 AB,-
1943 2174 2075 2199 Primus:
2094 2173 2184 2199 Gildo
2204 2186 2237 2191 —

375 2217 399 2243 8.
419 2216 588 2250 insolentia]
608 2217 640 2242 at
655 2217 765 2242 ,reconda
783 2224 860 2241 mano
870 2215 912 2247 su
930 2217 960 2241 in
982 2216 1006 2241 C
1021 2219 1150 2242 carrena.-
1170 2217 1304 2242 sollercIa
1324 2230 1333 2234 -
1353 2219 1419 2250 post
1432 2217 1533 2242 habito
1552 2219 1716 2242 sanctorum
1735 2218 1886 2242 consortio
1904 2217 1931 2241 B
1943 2230 1976 2234 —
1992 2223 2032 2242 n.
2051 2216 2088 2241 Et
2106 2216 2168 2249 lpse
2187 2223 2239 2250 pu-

375 2262 454 2286 nitus
473 2262 524 2291 est,
544 2261 590 2285 cui
609 2260 719 2285 interea
738 2259 857 2284 Rufinus
869 2259 917 2284 cui
937 2267 952 2284 a
971 2259 1137 2284 Theodosio
1157 2260 1309 2285 orientalis
1328 2260 1393 2284 aule
1415 2260 1454 2288 C,-
1472 2260 1532 2284 AB
1548 2267 1660 2292 seguono
1678 2260 1702 2283 il
1718 2262 1783 2284 testo
1800 2259 1910 2284 Paola’no
1923 2273 1955 2277 —
1978 2265 2016 2283 12.
2031 2259 2144 2284 solatus
2163 2258 2239 2287 AB,-

374 2303 506 2328 PAULUs:
525 2303 642 2328 solaciis
662 2316 695 2321 —
717 2309 757 2335 13.
777 2302 1001 2326 immanissimus
1019 2302 1078 2326 AB
1096 2315 1107 2320 -
1131 2302 1330 2335 Rhadagaisus
1349 2302 1376 2326 B
1394 2316 1427 2320 ——
1450 2309 1488 2335 15.
1508 2301 1590 2327 Sitha
1608 2302 1652 2330 A:
1670 2301 1770 2327 Scitha
1790 2303 1814 2328 C
1836 2315 1869 2319 —-
1894 2307 1932 2334 17.
1952 2301 2158 2326 inexaturabili
2176 2308 2238 2326 cru-

332 2352 346 2378 5
375 2345 494 2370 delitate
512 2353 606 2369 manca
618 2346 649 2369 ιή
661 2345 706 2374 A,·
717 2345 790 2378 ipsu,
803 2352 855 2368 non
874 2344 966 2377 Ipsam
984 2344 1009 2368 A
1024 2343 1047 2367 C
1060 2357 1090 2362 —
1109 2343 1147 2369 18.
1162 2345 1322 2369 inminente
1339 2344 1364 2369 A
1381 2344 1403 2368 C
1420 2358 1429 2363 -
1443 2344 1514 2369 ilico
1531 2344 1554 2368 C
1565 2358 1598 2362 —
1613 2351 1653 2378 19.
1668 2344 1716 2369 sed
1730 2344 1781 2369 hec
1799 2344 1866 2369 ideo
1886 2344 1996 2377 perpeti
2013 2343 2080 2368 C—
2101 2350 2143 2376 ²3·
2161 2342 2238 2377 Hun-

375 2395 478 2412 norum
498 2388 523 2411 B
536 2387 574 2416 C,-
594 2387 726 2412 Pramus:
745 2387 903 2416 Hunorum,
921 2386 972 2411 cosi
991 2386 1122 2412 Onosrus
1142 2400 1174 2405 —
1196 2393 1237 2419 ²4·
1257 2386 1455 2419 Rhadagaisus
1474 2387 1501 2411 B
1519 2400 1552 2405 -
1572 2385 1613 2411 26.
1633 2387 1831 2420 Rhadagaisus
1850 2386 1876 2410 B
1889 2401 1920 2404 —
1941 2385 1983 2411 28.
2003 2386 2143 2419 pecodum
2162 2387 2187 2412 C
2204 2399 2237 2404 —

377 2436 467 2463 29-30.
487 2430 636 2455 immemor
654 2429 828 2454 collatorum
847 2428 1048 2453 beneficiorum
1067 2436 1161 2454 manca
1178 2430 1209 2453 {n
1232 2428 1256 2453 C
1271 2441 1305 2447 —
1325 2436 1366 2462 3²·
1387 2431 1416 2454 et
1434 2429 1604 2463 suppliciter
1627 2429 1650 2453 C

466 2523 474 2540 ¹
494 2525 581 2557 Dopo
594 2525 705 2555 accepit,
718 2523 835 2549 PAuuts
847 2524 900 2548 ha:
919 2531 971 2555 quo
988 2524 1042 2548 viro
1060 2523 1209 2548 auxilians
1224 2523 1282 2548 Gil-
1426 2522 1437 2539 ⁷
1457 2523 1595 2553 Onosms,
1608 2523 1624 2557 g
1637 2524 1698 2554 VII,
1712 2531 1754 2557 37,
1768 2523 1798 2549 6:
1818 2524 1874 2548 ὥς
1893 2524 1982 2556 igitur
2000 2523 2128 2548 Romania
2137 2523 2244 2548 artibus

377 2567 453 2592 donis
471 2568 583 2592 barbari
598 2567 660 2591 ilico
677 2569 755 2599 terga
773 2567 885 2594 dedere,-
905 2566 984 2590 Gildo
1002 2569 1028 2590 et
1045 2567 1100 2598 ipse
1112 2568 1158 2590 etc.
1337 2567 1492 2590 imminente
1499 2566 1538 2598 fit
1549 2567 1666 2591 omnium
1680 2568 1851 2598 paganorum
1863 2567 1893 2590 in
1911 2565 1981 2591 Urbs
1992 2571 2134 2590 concursus
2146 2564 2243 2590 'nomm

320 2617 352 2634 10
467 2608 478 2625 2
498 2610 629 2635 PAULus:
642 2609 829 2634 secundarum.
848 2607 894 2633 Cf.
908 2615 992 2641 pure:
1012 2607 1151 2638 Onosxus,
1165 2608 1226 2639 VII,
1240 2607 1283 2641 36,
1337 2615 1389 2631 esse
1406 2615 1467 2632 cum
1478 2609 1572 2639 utique
1590 2609 1664 2640 copia
1676 2609 1778 2632 nirdam
1794 2610 1853 2632 tum
1871 2608 1989 2632 maxima
1998 2607 2118 2639 pras-tato
2134 2606 2244 2631 deorum

381 2660 410 2677 11
432 2659 447 2676 e
468 2659 510 2677 12.
1334 2652 1526 2682 potentem...
1954 2644 1959 2650 “

467 2693 478 2709 3
498 2695 585 2727 Dopo
604 2697 719 2723 tumens,
733 2693 850 2719 PAtrLus
871 2693 979 2718 scrive:
997 2692 1132 2717 ecclesiam
1144 2693 1189 2716 dei
1205 2695 1284 2717 teme-
1428 2689 1439 2706 ⁸
1458 2691 1544 2724 Dopo
1565 2693 1663 2724 questa
1682 2692 1783 2726 paroia
1802 2698 1821 2716 R
1847 2692 1932 2716 sunta
1957 2690 2073 2721 Orosio,
2099 2697 2148 2724 per
2167 2690 2241 2715 rico·
2270 2696 2303 2723 25
2334 2723 2337 2726 Α

377 2743 441 2762 rare
453 2744 534 2761 ausus
546 2739 584 2761 est
595 2739 675 2768 atque
687 2744 720 2761 ex·
731 2744 761 2760 ea
774 2736 901 2767 quosdam
914 2742 966 2759 non
979 2735 1114 2759 dubitavit
1125 2735 1264 2759 extrahere
1273 2744 1284 2763 ,·
1338 2732 1477 2758 minciare
1497 2738 1551 2758 con
1570 2735 1757 2759 conducuntur
1776 2734 1812 2759 ad
1832 2734 1973 2767 attingere
1999 2741 2015 2758 a
2034 2733 2160 2763 PAULUS,
2180 2731 2242 2763 XII,

377 2780 465 2801 secuta
490 2785 550 2802 mox
566 2781 652 2810 poena
676 2777 848 2810 sacn’legium
872 2779 921 2805 est,
946 2784 1010 2800 nam
1031 2778 1090 2807 post
1113 2775 1284 2807 aliquantum
1339 2783 1354 2800 e
1374 2775 1512 2805 Onosms,
1532 2776 1593 2805 VH,
1614 2782 1656 2809 37,
1679 2783 1710 2801 12
1721 2784 1762 2810 sg.
2239 2783 2242 2786 ’

323 2826 352 2852 15
379 2820 504 2851 temporis
521 2821 577 2852 ipse
592 2820 709 2851 punitus
727 2821 773 2843 est.
1428 2816 1440 2833 ⁹
1458 2825 1477 2842 R
1497 2818 1547 2843 che
1567 2818 1602 2843 da
1622 2818 1727 2843 Interea
1739 2818 1865 2843 Alaricus
1883 2818 1980 2842 Italiae
1992 2818 2030 2842 fin
2050 2818 2100 2850 qui
2112 2818 2150 2843 ha
2162 2819 2243 2851 parte

469 2860 479 2876 ⁴
500 2861 627 2890 ΡΑυιυε,
647 2861 708 2891 ΧΗ,
727 2867 759 2887 xi
780 2860 819 2894 (p.
841 2859 911 2894 193).
929 2867 949 2885 R
968 2860 1074 2885 omette
1094 2860 1147 2884 due
1170 2861 1282 2893 periodi
1340 2860 1467 2892 copiato,
1487 2862 1567 2894 parte
1585 2862 1703 2885 suntato
1722 2860 1847 2890 Pilutus,
1860 2859 1920 2890 XII,
1934 2866 1992 2885 xm
2006 2859 2064 2893 (pp.
2079 2866 2128 2893 193
2142 2867 2158 2884 e
2173 2858 2242 2893 194),

381 2910 396 2928 e
415 2904 490 2928 salta
509 2904 537 2928 al
558 2903 573 2936 ξ
593 2903 655 2929 ΧΠ.
1338 2902 1481 2935 seguendo
1507 2903 1558 2935 poi
1583 2903 1665 2935 quasi
1691 2903 1749 2927 alia
1775 2903 1878 2927 lettera
1906 2902 1934 2926 la
1961 2901 2084 2926 fflstoria
2107 2900 2243 2930 Min-uua,
2270 2908 2306 2936 30

469 2944 480 2961 ⁵
498 2952 518 2970 ιι
537 2947 643 2971 omette
663 2953 701 2970 un
722 2945 851 2979 periodo.
1339 2945 1392 2969 lib.
1411 2944 1486 2976 xm,
1505 2945 1520 2978 5
1539 2950 1571 2977 25
1592 2945 1630 2979 (p.
1651 2943 1714 2978 310)
1734 2945 1792 2969 fmo
1811 2951 1828 2969 a
1847 2951 1922 2973 nm.
1940 2944 2080 2969 continua
2099 2943 2243 2976 copiando

470 2984 483 3002 ⁶
501 2994 520 3011 a
539 2987 683 3019 aggiunge
707 2993 724 3011 a
743 2985 882 3015 Gnosius,
907 2985 968 3015 VH,
988 2991 1030 3017 37,
1050 2993 1066 3018 4
1085 2993 1099 3010 e
1118 2992 1135 3010 a
1160 2985 1285 3017 Pnuzus,
1342 2986 1480 3017 Οκοειυε,
1500 2986 1542 3020 38,
1557 2993 1581 3012 2.

323 3034 356 3052 20
383 3028 439 3053 loc.
461 3029 510 3054 cit.
