2398 3470
174 228 248 261 utun..
265 239 370 261 mas-⁴4
412 222 462 260 40
993 218 1285 257 ROMUALDI
1318 213 1692 254 SALERNITANI
1766 219 2277 260 [AA.m.3905-(u.e.693-708)1

409 359 505 392 ducti
527 364 605 391 sunt
627 363 707 391 ante
732 367 869 389 currum
893 355 965 399 ejus
988 355 1049 388 filii
1071 353 1259 387 Mitridatis
1282 352 1388 395 regiS‚
1412 357 1448 384 et
1470 351 1708 385 Aristobolum
1732 361 1796 384 rex
1818 353 2024 396 Judeorum:
2057 353 2193 396 prelata
2223 361 2277 388 est

411 412 533 458 ingens
554 410 719 455 pecunia:
744 421 865 444 aurum
889 418 1028 452 quoque
1052 414 1086 440 et
1110 411 1289 450 argentum
1313 405 1487 437 infinitum
1500 404 1520 439 ¹.

261 481 283 495 u.
299 481 319 495 e.
335 476 373 500 ⁶2³³
497 463 601 496 Anno
624 463 669 496 ab
692 462 790 496 Urbe
814 462 955 495 condita
977 459 1159 494 DCXCIII
1183 459 1272 503 Gajo
1295 457 1386 501 Julio
1411 457 1543 499 Cesari,
1565 458 1625 502 qui
1649 464 1771 501 postea
1794 458 1887 492 solus
1911 459 2107 502 imperauit,
2124 470 2189 494 1111·
2199 467 2278 494 sunt

409 517 588 561 prouincie
612 528 690 550 cum
713 515 906 559 legionibus
929 525 980 546 ΧΗ
1005 512 1138 546 consuli
1161 512 1196 544 in
1219 510 1494 555 quinquennium
1519 511 1617 545 date:
1645 512 1761 545 Gallia
1784 512 2017 555 Transalpina
2042 520 2077 547 et
2099 514 2278 558 Cisalpina

410 577 445 604 et
467 571 628 610 Illiricus,
651 580 718 603 nec
741 580 812 602 non
835 575 869 602 et
892 568 1006 602 Gallia
1029 567 1184 605 Comata,
1209 565 1308 609 cujus
1331 564 1523 609 hystoriam
1548 565 1737 598 Suetonius
1752 565 1980 610 Tranquillus
1995 567 2198 610 plenissime
2214 580 2275 602 ex·
2324 569 2342 601 5
2387 603 2389 607 f

290 641 310 655 c.
325 634 373 655 60b
408 624 563 668 plicauit.
609 624 751 657 Orosius
774 631 911 667 quoque
935 621 1164 665 hystoriarum
1189 618 1351 662 egregius
1375 618 1523 661 scriptor
1546 618 1769 664 sagacissimo
1798 620 1922 652 ordine
1955 621 2169 664 composuitf
2195 633 2278 666 qua-
2391 615 2392 619 ¹

408 678 487 711 liter
509 678 617 712 Cesar
640 677 766 717 multis,
792 682 825 708 et
847 674 1057 719 grauissimis
1080 672 1198 715 preliis
1223 672 1429 711 Germanos,
1455 677 1490 705 et
1514 672 1635 705 Gallos
1658 672 1763 716 cepit,
1781 673 1968 706 Britannus
1984 684 2136 718 quoque,
2153 675 2279 719 quibus

409 737 487 765 ante
512 742 590 763 eum
613 740 680 763 nec
703 739 831 763 nomen
855 728 994 772 quidem
1018 727 1257 759 Romanorum
1282 724 1462 768 cognitum
1485 725 1601 759 fuerat
1631 725 1809 759 obsidibus
1841 727 2010 770 acceptis,
2034 728 2281 772 stipendiarios

407 785 505 824 fecit,
529 790 565 817 et
588 784 735 828 qualiter
757 789 878 826 postea
901 781 995 824 apud
1018 780 1207 813 Duracium
1232 789 1311 811 cum
1334 778 1494 822 Pompeo
1518 779 1707 820 dimicauit,
1731 791 1751 813 a
1774 790 1843 824 quo
1860 780 1975 814 uictus
1991 781 2101 815 Cesar
2114 781 2152 815 in
2167 782 2282 816 Thes-

409 838 494 872 salia
516 838 642 871 iterum
664 837 867 882 grauissimo
891 841 925 868 et
949 834 1187 867 cruentissimo
1211 832 1306 866 bello
1331 842 1410 865 cum
1435 843 1478 866 eo
1502 832 1693 873 dimicauit,
1717 834 1753 866 in
1788 844 1859 878 quo
1882 834 2072 880 Pompejus
2095 835 2210 870 uictus
2239 837 2277 870 in
2303 838 2344 870 10

408 891 659 927 Alexandriam
682 891 785 935 fugiit
797 891 820 923 ².

262 962 283 977 u.
299 963 318 977 c.
334 958 372 981 637
497 945 601 979 Anno
626 945 669 979 ab
692 944 789 978 Urbe
814 943 954 978 condita
977 942 1177 976 DCXCVII
1201 941 1346 975 Crassus
1371 942 1493 975 consul
1516 942 1666 976 effectus
1688 948 1750 983 est,
1774 943 1880 976 homo
1904 943 2159 987 inexplicabilis
2183 945 2281 989 cupi-³

412 1000 538 1039 ditatis,
562 999 622 1043 qui
648 998 798 1042 'propter
832 997 981 1041 pecunie
1015 995 1207 1034 auaritiam,
1233 1006 1338 1038 quam
1361 995 1607 1039 undecumque
1630 1002 1770 1039 poterat
1791 997 1941 1030 maxime
1967 1008 1987 1030 a
2011 998 2080 1031 suis
2107 998 2281 1043 exigebat,

412 1053 506 1097 apud
529 1052 679 1086 Chai-ras
701 1052 738 1085 in
759 1051 905 1084 Parthia
925 1049 1059 1082 insidiis
1082 1049 1340 1082 circumuentus
1364 1054 1427 1089 est,
1451 1055 1487 1082 et
1510 1050 1647 1083 occisus
1659 1048 1682 1083 ⁸.
1729 1050 1799 1083 Iste
1822 1060 1961 1094 quoque
1978 1052 2099 1085 audita
2114 1052 2282 1086 Hier-uso·
2356 1083 2358 1085 .
2377 1091 2378 1094 Ἴ

411 1106 511 1151 lymis
533 1106 653 1148 templi
676 1105 864 1148 opulentia,
880 1114 982 1148 quam
997 1103 1186 1146 Pompejus
1203 1102 1285 1135 olim
1301 1102 1470 1136 intactam
1486 1102 1685 1146 reliquerat,
1701 1103 1982 1149 Hierusolymam
1998 1105 2093 1146 adiit,
2110 1106 2281 1150 templum
2307 1105 2346 1140 15
2379 1141 2383 1147 ‚

409 1159 571 1203 per-uadit
594 1158 718 1202 opibus
740 1158 867 1201 spoliat
874 1170 883 1196 ;
907 1157 1005 1189 illum
1029 1156 1196 1189 uidelicet
1219 1156 1399 1199 templum,
1434 1156 1529 1199 quod
1559 1155 1759 1190 Zorobabel
1788 1157 1880 1191 filius
1912 1158 2083 1192 Satathiel
2113 1159 2158 1192 de
2189 1159 2281 1193 tribu
2376 1155 2378 1158 ’

408 1213 511 1257 Juda,
533 1218 717 1256 postquam
740 1211 785 1244 de
808 1210 1007 1256 captiuitate
1035 1209 1213 1243 Babilonis
1243 1219 1404 1243 reuersus
1436 1215 1500 1250 est,
1531 1209 1744 1244 hedificauit.
1790 1211 1902 1244 Porro
1934 1211 2133 1246 Zorobabel
2162 1213 2283 1257 genuit

408 1266 565 1306 Abiudh‚
588 1264 721 1299 Abiuth
744 1265 865 1309 genuit
886 1264 1071 1303 Eliachim,
1095 1263 1268 1298 Eliachim
1299 1263 1420 1307 genuit
1451 1262 1557 1304 Azor,
1584 1269 1618 1296 et
1648 1264 1699 1297 sic
1731 1264 1895 1298 deorsum
1925 1265 2090 1309 perducit
2118 1266 2283 1300 Matheus

409 1319 578 1353 flexibiles
601 1319 741 1352 easdem
764 1317 1016 1362 generationes,
1039 1327 1148 1360 usque
1171 1327 1240 1360 quo
1262 1316 1380 1350 ueniat
1403 1316 1448 1350 ad
1471 1316 1584 1361 Jacob
1608 1322 1644 1350 et
1666 1317 1801 1361 Joseph
1823 1324 1944 1351 sancte
1961 1324 1996 1352 et
2011 1319 2112 1353 beate
2128 1319 2284 1365 Uirginis

409 1373 522 1407 Marie
544 1373 667 1412 uirum,
691 1383 759 1416 que
783 1371 827 1405 de
851 1371 983 1415 Spiritu
1007 1370 1139 1404 Sancto
1164 1370 1341 1413 concepit,
1359 1380 1401 1403 ac
1418 1370 1539 1414 genuit
1554 1371 1743 1404 Dominum
1759 1372 1796 1404 in
1812 1381 1962 1415 corpore
1986 1373 2194 1407 uenientem.
2241 1374 2283 1408 In
2305 1375 2349 1409 20
2368 1375 2372 1379 ⁴

292 1442 311 1458 c.
327 1440 374 1458 6111
410 1438 555 1471 quarum
577 1426 841 1470 generationum
871 1425 993 1459 ordine
1016 1430 1096 1467 post
1125 1423 1324 1457 Zorobabel
1354 1423 1484 1468 usque'
1516 1425 1562 1458 ad
1593 1424 1779 1459 Dominice
1809 1425 2063 1460 Incarnationis
2094 1427 2284 1461 aduentum

411 1480 542 1513 nullum
565 1486 634 1513 tam
657 1479 854 1523 preclarum
877 1484 1018 1522 tamque
1042 1478 1251 1511 eminentem
1275 1478 1434 1522 legimus,
1457 1479 1549 1511 sicut
1571 1478 1816 1520 Mathathiam‚
1840 1485 1876 1512 et
1898 1479 1987 1514 filios
2009 1480 2101 1525 ejus:
2126 1480 2189 1515 sed
2218 1492 2284 1525 po·

408 1534 509 1577 pulus
530 1534 594 1567 sub
617 1544 711 1573 cura,
735 1538 771 1566 et
794 1532 915 1566 ordine
939 1532 1162 1565 sacerdotum
1186 1532 1264 1565 fuit.
1311 1532 1391 1575 Ipse
1417 1537 1533 1565 autem
1556 1532 1770 1566 Mathathias
1795 1539 1830 1566 et
1851 1534 1976 1578 regali,
2004 1540 2041 1568 et
2070 1535 2282 1569 sacerdotali

410 1597 540 1632 genere
562 1586 735 1627 ueniebat,
758 1586 818 1630 qui
840 1586 965 1619 multas
988 1585 1232 1619 tribulationes
1256 1591 1292 1619 et
1314 1586 1542 1619 contumelias
1572 1596 1637 1629 pro
1670 1586 1747 1631 lege
1777 1586 1844 1620 Dei
1875 1587 2063 1622 substinuit
2093 1594 2129 1622 et
2157 1588 2283 1623 multas
2371 1625 2374 1628 ,

223 1652 297 1676 Mum,
315 1659 333 1673 c.
348 1658 384 1678 44,
410 1652 544 1686 pugnas
569 1647 603 1678 et
626 1641 815 1674 certamina
837 1639 959 1673 habuit
980 1640 1067 1683 ipse,
1092 1650 1133 1672 ac
1157 1639 1219 1672 filii
1244 1639 1318 1683 ejus
1340 1639 1419 1683 pro'
1445 1640 1609 1685 legitimis
1632 1640 1689 1673 uel
1712 1641 1843 1674 sanctis
1871 1641 2012 1675 Domini
2043 1642 2217 1677 mandatis
2246 1648 2284 1677 et
2305 1642 2347 1677 25
2366 1668 2370 1685 :

406 1695 675 1729 institutionibus
699 1694 845 1733 diuinis;
870 1700 906 1727 et
928 1693 1052 1727 iterum
1075 1693 1138 1726 filii
1162 1703 1207 1726 ex
1228 1694 1313 1737 ipsis
1337 1694 1535 1727 sacerdotes
1557 1699 1638 1737 post
1660 1700 1822 1737 parentes
1845 1706 1926 1728 suos
1941 1706 2007 1739 pro
2023 1695 2149 1730 timore
2165 1696 2231 1733 Dei
2247 1702 2284 1731 et
2360 1697 2364 1706 '

409 1748 573 1794 legitimis
595 1749 669 1794 ejus
692 1748 870 1792 principes
892 1747 1014 1791 populi
1037 1747 1170 1787 effecti,
1194 1753 1230 1780 et
1252 1748 1376 1780 summi
1399 1747 1592 1781 sacerdotis
1615 1748 1748 1781 honore
1771 1749 1951 1791 perfuncti
1974 1754 2070 1783 sunt:
2094 1748 2209 1784 nullus
2230 1755 2283 1784 ta-

408 1812 488 1835 men
512 1812 632 1835 eorum
655 1802 788 1846 regiam
813 1801 962 1844 optinuit
986 1801 1191 1845 dignitatem
1214 1811 1324 1845 usque
1351 1801 1398 1834 ad
1429 1802 1618 1835 aduentum
1649 1801 1728 1835 ueri
1759 1802 1852 1846 regis
1883 1807 1918 1835 et
1949 1801 2146 1837 Saluatoris
2175 1803 2283 1838 nostri

407 1857 486 1890 Iesu
508 1855 649 1895 Christi,
674 1855 719 1889 de
744 1865 813 1899 quo
836 1855 1008 1899 prophete
1033 1865 1152 1888 omnes
1175 1855 1307 1888 dudum
1328 1855 1400 1900 jam
1422 1855 1730 1898 prophetauerant.
1776 1855 1912 1889 Erodes
1942 1861 2059 1890 autem
2085 1867 2148 1890 rex
2173 1857 2283 1902 ipsius
2367 1894 2370 1895 ⁷

407 1920 451 1943 ex
466 1909 675 1954 'alienigenis
697 1909 868 1953 originem
890 1907 1021 1942 ducens
1044 1908 1188 1953 indigne
1211 1914 1248 1942 et
1271 1908 1392 1943 dolose
1416 1908 1484 1942 sibi
1500 1918 1646 1954 regnum
1669 1909 1861 1953 usurpauit.
1907 1909 1985 1943 Hec
2001 1910 2119 1955 itaque
2134 1910 2215 1945 ideo
2230 1911 2284 1946 di·
2306 1912 2367 1946 30
2392 1943 2393 1946 ,

411 1964 534 2002 ximus,
557 1963 639 2007 quia
662 1963 757 1996 omni
778 1963 832 1996 rei
855 1968 1004 2006 tempus,
1029 1968 1064 1996 et
1080 1968 1240 2006 tempora
1254 1962 1319 1996 sub
1334 1963 1424 1996 celo.
1469 1962 1628 2006 Tempus
1645 1962 1920 1997 circumcisionis
1935 1969 2073 2007 patrum
2089 1964 2152 1998 sub
2168 1964 2283 1999 Abra·
2333 2011 2336 2012 ⁷
2362 1987 2363 1991 =
2397 1983 2398 1986 ¹

409 2018 501 2057 ham,
525 2022 661 2060 tempus
683 2016 771 2061 legis
793 2016 1024 2050 ordinationis
1047 2017 1110 2050 sub
1133 2016 1293 2061 Moysen,
1316 2022 1457 2060 tempus
1479 2026 1598 2060 pugne
1622 2015 1686 2050 sub
1709 2016 1789 2050 Iesu
1813 2016 1926 2057 Naue,
1954 2022 2092 2061 tempus
2119 2017 2282 2062 Judicum

407 2080 518 2114 nsque
541 2070 586 2103 ad
610 2070 831 2104 Samuhelem
854 2071 1029 2103 hominem
1053 2071 1131 2111 Dei,
1154 2076 1293 2113 tempus
1314 2080 1438 2114 regum
1460 2080 1481 2102 a
1496 2068 1615 2103 Dauid
1630 2080 1739 2114 usque
1755 2070 1802 2104 ad
1818 2070 2058 2113 captiuitatem
2072 2070 2280 2117 Babylonis;

407 2124 582 2167 completo
605 2129 763 2166 tempore
786 2124 896 2168 regali
919 2133 1038 2168 regem
1062 2123 1292 2157 certissimum
1317 2123 1465 2167 amplius
1486 2123 1593 2167 Judei
1618 2134 1688 2157 non
1711 2122 1919 2164 habuerunt,
1943 2123 2007 2158 sed
2029 2124 2094 2158 sub
2117 2125 2282 2160 sacerdo-

291 2193 311 2208 ι.
325 2187 374 2208 ⁶1⁶
410 2183 481 2210 tum
505 2186 599 2217 cura,
622 2183 661 2210 ut
683 2176 814 2210 dictum
839 2176 910 2217 est‚'
934 2177 1094 2217 consilio,
1119 2184 1155 2211 et
1177 2177 1397 2211 ordinatione
1421 2176 1596 2217 uixerunt,
1619 2187 1730 2221 usque
1747 2177 1830 2210 dum
1847 2177 1987 2211 celestis
2002 2189 2065 2212 rex
2080 2177 2282 2223 unigenitus
2305 2177 2347 2213 35
2387 2175 2389 2179 ’

407 2231 475 2264 Dei
497 2231 592 2264 Deus
615 2230 765 2271 aduenit,
789 2232 848 2275 qui
864 2242 990 2264 nouam
1005 2231 1321 2276 regenerationem,
1339 2237 1374 2264 et
1388 2231 1580 2282 potgntiam
1596 2230 1717 2271 uerbo,
1735 2237 1769 2265 et
1785 2231 1947 2275 exemplo
1965 2231 2096 2271 docuit,
2114 2237 2150 2266 et
2165 2238 2282 2267 osten·
2363 2230 2365 2235 ⁴
2386 2234 2388 2236 ’

241 2298 262 2314 ι-
277 2299 307 2314 m·
322 2299 373 2319 ³90⁵
410 2283 472 2324 dit,
495 2282 587 2327 quod
611 2289 663 2316 est
685 2283 851 2316 nouitatis
873 2284 946 2317 uite
970 2289 1117 2327 tempus,
1143 2290 1179 2317 et
1200 2284 1370 2327 patientie
1384 2283 1405 2316 ⁴.
1430 2282 1687 2317 IIIDCCCCV.

503 2339 517 2354 “
530 2337 719 2380 Cleopatra
740 2347 838 2370 soror
860 2337 1033 2370 Ptolomei
1057 2338 1155 2372 annis
1179 2348 1218 2371 11.
1264 2338 1352 2371 Orto
1375 2337 1550 2381 siquidam
1573 2337 1667 2370 bello
1692 2337 1787 2371 ciuili
1811 2338 1902 2372 inter
1924 2338 2102 2380 Cesarem,
2119 2345 2156 2373 et
2178 2339 2282 2374 Pom-

417 2390 572 2434 “pejum,
595 2394 772 2434 postquam
796 2402 913 2424 nouem
937 2393 1034 2424 anm's
1060 2391 1167 2424 Cesar
1189 2402 1318 2425 omnem
1343 2391 1495 2425 Galliam
1518 2391 1650 2424 domuit
1671 2396 1774 2436 atque
1795 2392 2029 2436 Britanniam,
2054 2393 2246 2438 Pompejus
2261 2405 2283 2427 a
2361 2427 2368 2434 „

412 2445 426 2461 ‘⁴
445 2444 568 2478 Cesare
591 2445 627 2477 in
654 2444 810 2477 Tessalia
832 2445 947 2478 uictus
969 2444 1220 2479 Alexandriam
1243 2445 1356 2490 petiit,
1379 2444 1499 2489 ibique
1523 2444 1567 2479 ab
1590 2445 1679 2488 ipso,
1697 2456 1717 2479 a
1733 2456 1802 2489 quo
1825 2446 1990 2490 sperabat
2007 2446 2149 2488 auxilia,
2160 2447 2281 2482 Ptolo·
2305 2448 2348 2482 40
2384 2479 2385 2482 ,

416 2499 430 2515 “
443 2508 520 2531 meo
542 2509 726 2541 percussus
747 2498 890 2532 interiit.
936 2498 1024 2532 Mox
1047 2499 1156 2532 Cesar
1178 2498 1430 2533 Alexandriam
1452 2499 1560 2532 uenit.
1602 2499 1683 2542 Ipse
1699 2509 1839 2543 quoque
1862 2499 2065 2534 Ptolomeus
2087 2500 2235 2535 insidias
2249 2500 2284 2534 ei

500 2626 524 2653 5.
543 2621 670 2647 Sitonius
692 2621 715 2646 C
726 2635 759 2640 —
773 2627 799 2654 7.
818 2622 954 2647 Britanos
977 2622 1000 2646 C
1011 2635 1043 2639 —
1058 2630 1083 2655 9.
1104 2623 1172 2656 aput
1191 2623 1354 2648 Diri-scium
1371 2630 1435 2648 cum
1453 2622 1591 2655 Pompeio
1610 2622 1637 2646 B
1649 2622 1672 2647 C
1683 2636 1717 2642 -
1739 2630 1780 2656 13.
1799 2623 1956 2649 suadelam
1979 2623 2002 2648 C
2013 2636 2047 2642 —
2061 2630 2122 2656 14·1
2128 2628 2152 2656 5.
2170 2623 2282 2650 Iex-uuo-

410 2663 495 2694 limis,
513 2663 708 2689 Ierusollmam
726 2664 753 2688 B
766 2663 790 2688 C
800 2677 833 2682 —
851 2664 889 2690 18.
910 2664 1022 2689 Abluth
1040 2664 1067 2688 B
1079 2664 1103 2688 C
1113 2678 1124 2683 -
1137 2664 1267 2699 pei-duell:
1285 2665 1418 2690 Matheus
1437 2672 1486 2690 om.
1500 2664 1525 2689 A
1539 2678 1573 2683 —
1589 2671 1629 2698 19.
1649 2672 1682 2690 ac
1705 2665 1729 2689 C
1745 2679 1779 2684 —
1799 2672 1842 2691 21.
1855 2665 1986 2692 ordlnem
2003 2666 2027 2691 C
2043 2679 2077 2684 —
2098 2672 2141 2699 ²4·
2159 2666 2190 2691 tn
2212 2665 2235 2691 C
2250 2667 2283 2692 di

407 2706 498 2737 prima
517 2714 608 2731 mano.-
627 2706 717 2739 legem
736 2720 748 2726 -
767 2707 906 2733 sustinuit
924 2707 949 2731 Α
963 2720 997 2725 -
1012 2706 1054 2733 26.
1068 2706 1304 2733 lnstltucionlbus
1322 2708 1349 2732 B
1363 2707 1386 2732 C
1397 2721 1410 2727 -
1423 2707 1572 2741 prefunctl
1594 2707 1618 2732 C
1627 2721 1661 2727 —
1676 2715 1720 2741 29·
1740 2707 1861 2742 impsIus
1877 2708 1901 2733 C
1911 2721 1946 2727 —-
1959 2713 2002 2741 35.
2015 2708 2127 2735 celestis
2139 2716 2187 2734 om.
2200 2709 2226 2734 A
2246 2723 2280 2729 -

411 2747 453 2779 36.
472 2749 602 2782 potencia
619 2748 642 2772 C
653 2762 686 2766 —
699 2754 742 2781 37.
762 2749 905 2783 paciencie
923 2749 950 2773 B
963 2749 986 2773 C
997 2762 1030 2767 —
1045 2750 1086 2781 ³8·
1102 2749 1255 2784 Cleopatr-e
1267 2757 1350 2776 soror
1362 2748 1506 2776 Ptolomei
1529 2749 1553 2774 C
1570 2763 1603 2769 —
1623 2756 1666 2783 40.
1679 2751 1768 2785 peciit
1790 2750 1814 2775 C
1824 2764 1857 2769 -
1870 2757 1964 2784 40-41.
1984 2751 2125 2777 Ptolomei
2143 2751 2168 2776 Α
2182 2765 2216 2770 -
2235 2758 2279 2785 4¹·

370 2794 383 2820 5
412 2790 552 2816 Ptolomei
569 2790 595 2815 A

499 2874 508 2891 ¹
528 2875 666 2908 ansms,
686 2877 733 2908 VI,
754 2885 779 2910 4,
800 2884 814 2902 2
834 2884 890 2911 agn,
911 2878 958 2909 VI,
979 2885 1002 2910 5,
1017 2878 1044 2905 6.
1457 2878 1469 2897 ³
1486 2878 1583 2912 Iussa,
1602 2880 1650 2913 VI,
1672 2887 1713 2914 13,
1736 2884 1791 2913 1-5,
1809 2881 1861 2907 che
1878 2887 1898 2906 a
1917 2880 2073 2914 pax-arrasa.
2311 2887 2353 2908 ιιι
2373 2901 2377 2907 ,

499 2915 511 2933 ²
529 2917 622 2949 Inam„
642 2919 691 2949 VI,
711 2924 735 2951 7,
758 2925 829 2944 1-12.
868 2919 912 2945 La
930 2927 1105 2946 conoscenza
1124 2920 1154 2947 dl
1173 2921 1314 2948 Svetonio
1460 2921 1472 2938 ⁴
1491 2929 1510 2947 R
1528 2923 1579 2956 qul
1597 2923 1704 2949 rlcorre
1723 2923 1775 2949 alle
1793 2923 1878 2949 solite
1896 2922 1980 2955 fonti,
2004 2922 2220 2958 parafrasando.
2245 2924 2280 2950 In
2374 2930 2377 2931 ’

412 2966 431 2984 R
448 2959 474 2984 la
492 2960 551 2984 trae
570 2959 606 2985 da
626 2960 746 2992 ansro,
766 2961 814 2992 VI,
833 2960 859 2991 6,
881 2968 912 2993 23
931 2962 975 2986 del
993 2962 1073 2995 quale
1085 2960 1119 2988 da
1133 2971 1171 2988 un
1190 2964 1315 2997 gludizio
1371 2964 1447 2990 Beda
1467 2972 1568 2990 manca
1586 2965 1664 2990 tutto
1683 2966 1783 2997 questo
1803 2966 1902 2991 tratto.

412 2999 506 3026 ch'era
524 3001 612 3027 molto
630 3009 750 3027 comune
769 3003 812 3028 nel
833 3002 996 3029 Medioevo.
