2398 3470
224 271 298 295 Μυκ..
314 276 348 292 ce.
364 260 536 296 „0411260
1224 255 1536 292 CHRONICON
1946 261 2030 297 [ΛΑ.
2050 261 2084 290 c.
2106 262 2298 295 nivo-11⁷³]

459 381 686 415 reuerentiam
710 380 793 412 satis
816 378 967 411 officiose
990 378 1134 420 recepit,
1158 382 1193 409 et
1216 387 1279 419 per
1302 377 1438 421 aliquos
1461 386 1568 410 annos
1591 377 1627 409 in
1650 383 1742 410 terra
1757 387 1818 410 sua
1833 376 1985 412 'honeste
2002 380 2163 417 detinuit,
2179 385 2214 412 et
2229 389 2297 422 que

311 451 361 470 1170
463 439 557 467 erant
579 433 629 465 illi
645 432 850 470 necessaria,
875 431 1083 463 liberalitate
1113 430 1210 474 regia
1239 429 1445 462 ministrauit
1457 429 1477 463 ¹.
1523 429 1682 463 Tandem
1713 429 1907 464 Alexandri
1937 442 2028 475 pape
2058 432 2231 475 precibus,
2262 437 2298 464 et

307 499 356 520 aec.
457 486 607 520 eiusdem
632 486 723 529 regis
745 484 996 517 interueniente
1018 483 1129 527 gratia
1142 482 1165 522 ²,
1190 483 1235 516 ad
1258 492 1381 525 pacem
1415 483 1508 526 regis
1530 482 1658 526 Anglie
1679 482 1833 516 Thomas
1855 483 2110 518 Cantuariensis
2125 485 2298 528 archiepi-

457 550 581 582 scopus
603 538 717 576 rediit,
741 545 775 570 et
798 538 844 571 ad
867 537 1049 570 ecclesiam
1074 547 1169 569 suam
1192 546 1233 569 eo
1257 541 1309 569 est
1332 536 1532 578 permittent
1554 546 1723 569 reuersus.
1770 537 1964 571 Transacto
1986 543 2100 572 autem
2123 538 2298 582 aliquanto

454 600 618 635 tempore,
642 602 704 624 rex
729 590 853 634 Anglie
875 590 1099 634 suggestione
1124 599 1308 632 prauorum
1325 589 1500 622 hominum
1525 589 1621 632 cepit
1643 599 1809 632 personas
1833 590 2089 625 ecclesiasticas
2112 592 2296 625 molestare

454 651 489 678 et
511 644 664 678 ecclesiis
686 655 747 676 sua
770 644 846 677 iura
868 643 1081 676 subtrahere.
1128 641 1235 681 Quod
1257 642 1316 674 ubi
1339 641 1622 685 archiepiscopus
1645 643 1824 685 comperit,
1840 642 1885 676 ab
1899 644 2058 687 equitatis
2072 645 2211 678 tramite
2227 654 2297 677 non

455 698 644 736 declinans,
669 697 762 730 omni
784 697 908 730 timore
931 696 1135 739 postposito,
1159 696 1254 738 cepit
1277 705 1313 728 se
1336 695 1369 728 ei
1391 705 1456 738 pro
1485 696 1623 729 iusticia
1652 701 1748 729 recta
1777 696 1894 730 fronte
1925 707 2115 740 opponere,
2146 705 2181 732 et
2210 704 2297 731 tam-

457 763 559 795 quam
582 751 692 784 bonus
714 757 834 794 pastor
857 761 919 793 pro
943 749 1124 783 liberando
1140 759 1247 793 grege
1264 748 1447 792 regiuerbo
1464 754 1499 781 et
1514 758 1620 791 opere
1636 749 1822 782 contraire.
1870 748 2026 794 Cumque
2041 751 2108 784 hec
2123 752 2298 785 discordia

457 805 500 838 de
524 805 581 837 die
604 805 640 837 in
663 805 755 837 diem
779 809 964 841 cresceret,
988 809 1023 836 et
1047 801 1305 835 cantuariensis
1327 801 1583 845 archiepiscopi
1607 802 1704 836 dicta
1725 802 1826 835 simul
1848 809 1884 836 et
1914 803 2010 837 facta
2039 815 2156 849 regem
2187 805 2297 848 pluri-

454 870 547 891 mum
569 864 827 902 pregrauarent‚
851 857 991 900 quidam
1015 855 1138 888 milites
1161 855 1301 899 Anglie,
1322 855 1491 888 uidelicet
1513 855 1617 899 Hugo
1640 856 1685 888 de
1707 855 1882 895 Moruille,
1907 856 2126 900 W[illelmus]
2148 857 2192 892 de
2209 858 2297 891 Tra-

453 912 521 952 chi,
544 911 724 945 Renaldus
748 910 837 943 filius
860 909 952 949 Ursi,
976 909 1172 943 Riccardus
1194 907 1319 947 Britto,
1342 907 1545 942 Robbertus
1567 908 1612 941 de
1635 909 1792 942 Borroch
1813 909 1888 954 regi
1912 910 1948 942 in
1971 910 2040 944 hoc
2064 911 2204 953 placere
2220 921 2296 944 cre-

455 966 587 1002 dentes,
610 964 835 998 sacerdotalis
857 963 1052 997 reuerentie
1076 967 1112 995 et
1135 961 1244 995 diuini
1268 961 1398 994 timoris
1421 961 1533 1001 obliti,
1565 962 1674 995 altera
1706 962 1763 995 die
1793 968 1873 1005 post
1902 963 2029 996 festum
2058 963 2298 998 Innocentium

453 1018 625 1051 Thomam
640 1017 923 1050 Cantuariensem
947 1015 1248 1058 archiepiscopum
1271 1021 1351 1048 ante
1374 1015 1481 1048 altare
1505 1015 1643 1048 maioris
1666 1015 1818 1049 ecclesie
1834 1021 1982 1049 stantem
1997 1017 2129 1059 pariter
2143 1022 2179 1051 et
2193 1027 2295 1051 oran-

454 1078 536 1109 tem,
559 1071 697 1104 ensibus
718 1070 953 1114 percutientes
977 1070 1011 1101 in
1035 1069 1161 1111 capite,
1184 1069 1401 1102 occiderunt.
1447 1068 1601 1112 Moxque
1624 1069 1761 1102 nemine
1783 1076 2024 1114 persequente,
2047 1070 2111 1104 sed
2132 1070 2206 1104 sola
2221 1070 2298 1105 illos

452 1125 624 1158 commissi
647 1124 824 1157 homicidii
849 1123 1048 1156 conscentia
1070 1122 1302 1161 remordente,
1319 1127 1399 1155 sunt
1414 1122 1449 1154 in
1465 1122 1584 1166 fugam
1601 1123 1774 1156 conuersi.
1819 1122 1907 1156 Cum
1923 1128 2038 1156 autem
2054 1123 2297 1157 monasterium

454 1184 489 1212 et
512 1178 688 1211 ciuitatem
712 1178 797 1210 tanti
822 1177 962 1210 sceleris
984 1175 1085 1209 fama'
1108 1176 1287 1219 replesset,
1312 1175 1514 1209 cateruatim
1536 1176 1699 1209 monachi
1723 1175 1845 1209 clerici
1869 1183 1904 1209 et
1930 1177 2023 1221 layci
2055 1177 2101 1210 ad
2129 1177 2296 1210 maiorem

452 1231 637 1265 ecclesiam
661 1236 919 1269 concurrentes,
943 1230 1037 1273 quod
1061 1229 1154 1262 dictu
1180 1229 1281 1261 nefas
1303 1235 1364 1267 est,
1387 1235 1562 1273 pastorem
1584 1239 1682 1262 suum
1698 1229 1796 1262 iuxta
1811 1229 1919 1263 altare
1936 1230 2091 1263 occisum
2107 1230 2297 1264 crudeliter

453 1291 665 1328 repererunt.
712 1284 872 1317 Tandem
884 1283 1045 1327 copiosas
1062 1283 1222 1315 lacrimas
1237 1282 1504 1326 profundentes,
1521 1283 1644 1316 dantes
1659 1293 1703 1316 ex
1719 1283 1788 1316 alto
1805 1283 1912 1316 corde
1927 1283 2076 1328 gemitus
2089 1289 2126 1316 et
2140 1283 2298 1327 suspiria,

453 1338 582 1372 Christi
603 1337 803 1381 pontificem
826 1337 862 1369 in
887 1337 1010 1369 eadem
1033 1335 1184 1369 ecclesia
1215 1346 1293 1368 cum
1324 1336 1438 1379 ymnis
1459 1341 1494 1368 et
1524 1335 1685 1369 laudibus
1715 1335 1889 1379 sepulture
1919 1336 2111 1370 honorifice
2140 1336 2297 1371 tradide-

451 1397 533 1425 runt
544 1391 567 1424 ³.
613 1391 724 1423 Iustus
746 1397 858 1423 autem
883 1396 917 1422 et
941 1389 1122 1422 miseratur
1143 1389 1323 1429 Dominus,
1346 1389 1406 1433 qui
1431 1395 1571 1422 sanctos
1594 1399 1673 1422 suos
1696 1399 1766 1422 non
1788 1390 1900 1422 solum
1922 1390 1959 1422 in
1982 1390 2100 1423 futuro
2114 1390 2178 1423 sed
2193 1390 2297 1423 etiam

452 1447 485 1478 in
508 1446 574 1479 hoc
598 1445 715 1478 seculo
738 1455 821 1487 sepe
844 1453 1068 1477 remunerare
1093 1443 1284 1483 consuevit,
1307 1443 1479 1477 Thomam
1503 1444 1814 1487 archiepiscopum,
1839 1444 1899 1488 qui
1921 1454 1986 1486 pro
2008 1443 2205 1478 testimonio
2235 1455 2295 1477 ue-

452 1499 561 1532 ritatis
585 1499 721 1531 occisus
743 1498 868 1536 fuerat,
893 1503 928 1530 et
950 1507 1052 1541 quem
1078 1507 1169 1540 pena
1192 1497 1293 1530 simul
1309 1503 1344 1529 et
1359 1506 1463 1529 causa
1478 1497 1652 1529 martirem
1669 1497 1816 1536 fecerat,
1832 1497 1949 1531 multis
1964 1497 2139 1541 signorum
2156 1497 2297 1530 indiciis

453 1559 488 1585 et
500 1552 597 1586 nouis
612 1551 855 1584 miraculorum
871 1550 1083 1596 argumentis
1097 1550 1162 1583 toti
1178 1550 1306 1583 mundo
1324 1550 1498 1583 celebrem
1514 1550 1671 1584 reddidit
1687 1557 1723 1583 et
1737 1551 1918 1584 famosum.
1963 1550 2120 1595 Cumque
2136 1551 2182 1584 ad
2197 1561 2297 1584 aures

452 1618 542 1650 pape
566 1605 758 1639 Alexandri
780 1605 1024 1638 miraculorum
1048 1605 1120 1637 eius
1144 1610 1240 1637 certa
1263 1604 1359 1637 fama
1382 1610 1417 1636 et
1439 1604 1597 1638 ueridica
1620 1604 1837 1647 peruenisset
1868 1604 2120 1638 communicato
2151 1604 2297 1638 fratrum

451 1671 590 1694 suorum
611 1659 766 1697 consilio,
790 1658 1066 1702 prenominatum
1083 1658 1381 1701 archiepiscopum
1398 1658 1601 1691 auctoritate
1618 1657 1810 1700 apostolica
1825 1658 2045 1692 canonizauit
2058 1658 2095 1690 in
2110 1658 2298 1698 martirem,

452 1720 486 1747 et
506 1714 618 1757 ipsum
640 1713 677 1745 in
700 1712 858 1757 catalogo
881 1712 1057 1744 martirum
1080 1711 1186 1745 scribi
1210 1717 1246 1744 et
1269 1711 1342 1744 eius
1369 1711 1556 1744 martirium
1586 1711 1623 1743 in
1654 1710 1712 1744 die
1743 1712 1794 1744 sui
1825 1710 2054 1744 anniuersarii
2084 1722 2147 1755 per
2177 1721 2297 1745 omnes

451 1767 615 1801 ecclesias
638 1766 798 1810 precepit
820 1766 918 1799 annis
940 1765 1085 1810 singulis
1107 1765 1346 1808 sollempniter
1370 1764 1540 1798 celebrari
1552 1764 1575 1798 ⁴.
1622 1765 1701 1798 Rex
1724 1771 1839 1798 autem
1863 1764 1991 1809 Anglie
2015 1764 2170 1803 audiens,
2200 1766 2296 1808 quod

281 399 302 412 c.
315 393 375 416 nob

275 1197 294 1210 c.
310 1196 349 1215 ²⁴7
357 1196 370 1210 a

246 1625 296 1643 ¹¹73
311 1621 374 1638 mark
393 1624 416 1642 13

542 1889 564 1906 1.
584 1881 773 1906 reverenciam
794 1881 819 1906 C
835 1888 849 1904 e
866 1879 958 1906 Arndt
975 1893 984 1898 -
1003 1880 1122 1904 honeste
1140 1887 1234 1904 manca
1252 1880 1276 1904 A
1296 1893 1328 1898 —
1350 1886 1374 1912 7.
1393 1881 1470 1904 recto
1491 1879 1514 1904 C
1531 1887 1546 1902 e
1563 1878 1668 1909 Arndtg
1688 1879 1746 1904 leto
1772 1879 1797 1903 A
1825 1879 1926 1904 Carasa
1951 1891 1983 1896 —
2009 1878 2033 1904 8.
2057 1878 2222 1904 contrahire
2241 1878 2266 1904 C
2281 1886 2296 1902 t

451 1923 540 1949 Arndt
560 1937 590 1941 ο-
614 1929 654 1948 10.
673 1922 845 1948 Guillelmus
865 1923 892 1947 Β
909 1931 923 1946 ι
941 1922 1022 1947 Sasso
1040 1931 1054 1945 e
1072 1922 1175 1950 Anah
1197 1921 1351 1946 Guillelmo
1372 1922 1396 1946 C
1413 1936 1445 1939 —
1468 1928 1554 1946 10-11.
1572 1921 1658 1946 Traci
1677 1921 1711 1951 Α,
1731 1921 1790 1952 Αι,
1807 1921 1867 1952 Aa,
1883 1921 1934 1952 Δ3
1953 1934 1986 1938 -
2008 1928 2048 1946 u.
2066 1921 2160 1946 Broch
2178 1921 2216 1949 A,
2233 1920 2294 1949 Αι,

451 1966 515 1994 As,
533 1966 584 1997 A3
604 1980 636 1984 —-
659 1972 698 1998 14.
717 1964 910 1998 percucIentes
931 1965 956 1990 C
970 1972 984 1988 e
1002 1963 1094 1989 Arndt
1112 1977 1123 1982 -
1143 1965 1185 1988 set
1206 1965 1230 1989 C
1246 1972 1260 1988 e
1278 1964 1369 1989 Arndt
1386 1977 1419 1982 -
1441 1970 1482 1995 15.
1500 1971 1594 1988 manca
1608 1964 1632 1988 A
1646 1976 1679 1982 -
1695 1962 1734 1988 1⁶.
1747 1963 1816 1988 laici
1837 1964 1862 1989 C
1877 1971 1891 1987 e
1909 1963 2003 1988 Arndt
2019 1975 2032 1982 -
2050 1970 2095 1988 ma
2113 1962 2251 1988 malorem
2269 1963 2294 1987 Α

452 2022 484 2025 -
507 2013 545 2040 17.
566 2007 718 2032 nefandum
739 2008 795 2032 B·
815 2014 867 2032 suu
888 2007 911 2032 C
929 2020 961 2024 -
980 2006 1022 2032 18.
1035 2007 1211 2039 reperierunt
1223 2007 1251 2030 B
1261 2015 1274 2030 e
1287 2006 1385 2035 Sar-sm
1399 2007 1583 2040 reppererunt
1594 2005 1644 2029 A·
1658 2006 1757 2030 dantes
1769 2013 1804 2030 ex
1817 2006 1878 2030 alto
1891 2005 2016 2039 suspiria
2027 2005 2113 2030 corde
2124 2006 2153 2029 et
2165 2005 2295 2037 gemitus,

410 2057 423 2083 5
452 2049 562 2075 Christi
582 2050 606 2074 Α
626 2063 658 2069 -
681 2056 720 2082 19.
739 2049 855 2083 hymnis
871 2049 896 2074 A
917 2063 948 2068 -—
969 2055 1011 2074 20.
1031 2049 1191 2074 mIsericors
1214 2049 1237 2073 C
1258 2057 1271 2072 e
1296 2048 1385 2074 Arndt
1410 2062 1442 2066 -
1468 2054 1509 2080 23
1535 2047 1630 2073 reddIt
1657 2049 1681 2074 C
1702 2056 1717 2073 e
1734 2047 1826 2073 Arndt
1848 2061 1880 2066 —
1907 2054 1949 2079 24.
1967 2046 2127 2072 Alexandri
2146 2053 2218 2080 pape
2236 2048 2264 2072 B
2282 2054 2296 2071 e

451 2093 546 2121 Sasso;
566 2099 641 2125 papo
661 2092 743 2117 Alex
766 2091 790 2116 C
807 2104 839 2109 -—
860 2090 901 2116 26
922 2091 1075 2122 cathalogo
1099 2091 1121 2114 C
1137 2099 1151 2114 e
1171 2091 1261 2116 Arndt

394 2321 426 2339 10

394 2534 423 2561 15

394 2742 427 2759 20

394 2955 425 2981 ²5

540 2188 547 2204 ¹
568 2191 683 2222 Nacque
701 2198 718 2214 a
732 2189 848 2215 Londra
862 2190 883 2214 il
898 2196 929 2214 21
945 2190 1089 2215 decembre
1112 2196 1187 2222 1117,
1202 2191 1232 2214 fu
1246 2192 1342 2214 creato

451 2235 591 2258 canonico
611 2233 746 2266 regolare,
765 2233 899 2266 prevosto
919 2233 949 2257 dl
967 2233 1103 2266 Berveley
1123 2240 1137 2256 e
1159 2232 1343 2257 arcidiacono

452 2276 482 2300 dl
505 2275 682 2307 Canterbury
709 2275 754 2300 nel
777 2282 858 2308 1154;
884 2275 982 2299 Panno
1008 2274 1093 2308 dopo,
1121 2279 1197 2307 1155,
1224 2275 1254 2299 fu
1281 2282 1344 2300 can-

453 2318 566 2343 celliere
585 2318 614 2343 di
641 2317 822 2350 Inghilterra,
844 2317 864 2341 il
886 2324 901 2349 3
925 2318 1034 2350 giugno
1055 2316 1122 2342 1162
1149 2317 1179 2341 fu
1198 2317 1312 2342 elevato
1331 2324 1346 2342 e

453 2362 619 2385 consacrato
644 2361 829 2385 arclvescovo
855 2359 884 2384 di
911 2359 1098 2391 Canterbury,
1126 2366 1170 2383 ma
1194 2360 1217 2383 il
1243 2365 1258 2383 2
1278 2367 1344 2384 nov.

454 2402 522 2435 1164
541 2403 571 2427 su
591 2403 726 2427 mandato
746 2403 777 2427 in
796 2402 882 2426 esino
901 2409 915 2425 e
935 2403 1009 2426 visse
1028 2401 1086 2426 alla
1106 2403 1182 2426 corte
1201 2402 1231 2426 di
1252 2409 1279 2426 re
1293 2401 1346 2426 Lu-

452 2444 557 2469 dovico
577 2445 605 2468 di
625 2445 755 2468 Francia.

541 2487 656 2512 Recueil
672 2488 718 2511 des
741 2487 900 2518 Historiens,
922 2486 979 2511 vol.
999 2485 1072 2515 XVI,
1092 2493 1119 2518 p.
1138 2491 1190 2518 407
1210 2485 1346 2517 (raccolta

453 2528 526 2553 delle
545 2530 666 2563 epistole
686 2529 715 2554 di
735 2529 762 2554 S.
784 2528 921 2562 Vittore),
949 2527 1016 2560 1164
1040 2528 1268 2560 Northampton:
1295 2529 1346 2553 let-

453 2572 512 2595 tera
532 2571 561 2596 di
580 2571 685 2596 Enrico
705 2579 733 2596 re
753 2571 781 2596 al
800 2577 830 2595 re
842 2570 928 2604 Luigi
944 2569 1046 2604 perche
1066 2577 1125 2594 non
1145 2570 1239 2594 riceva
1253 2570 1345 2595 l’arci-

453 2619 574 2637 vescovo
588 2613 617 2637 di
632 2612 811 2645 Canterbury
828 2613 875 2636 nei
895 2612 958 2637 suoi
973 2612 1049 2636 stati.
1070 2611 1185 2636 Reoueil
1201 2612 1247 2636 des
1262 2612 1344 2642 Hist„

452 2654 528 2684 XVI,
551 2654 602 2686 256
621 2654 684 2686 (Ms.
704 2655 766 2679 Lat.
786 2659 865 2687 5372,
890 2654 950 2678 Bib.
977 2653 1046 2678 Naz.
1066 2653 1095 2677 di
1122 2653 1240 2685 Pan-igi).
1264 2652 1343 2678 1166:

453 2695 553 2720 lettera
572 2696 603 2720 di
622 2695 797 2721 Alessandro
820 2695 861 2720 111
882 2703 933 2728 per
957 2695 1130 2728 ringraziare
1155 2695 1177 2719 11
1204 2703 1232 2719 re
1258 2694 1344 2727 Luigi

453 2736 664 2770 dell'appogglo
684 2738 751 2762 dato
769 2745 786 2763 a
804 2737 958 2762 Tommaso
978 2737 1007 2761 dl
1027 2736 1214 2770 Canterbury.

541 2778 724 2804 Richiamato
743 2780 774 2804 in
794 2781 888 2812 patria
915 2780 944 2804 fu
964 2779 1137 2804 assassinato
1164 2779 1238 2803 nella
1257 2780 1345 2804 catte—

454 2820 533 2845 drale
553 2821 583 2846 dl
608 2821 785 2855 Canterbury
804 2822 826 2847 il
846 2828 880 2854 ²9
899 2821 1042 2846 decembre
1064 2825 1140 2852 1170.
1178 2820 1223 2846 Cr.
1244 2821 1272 2845 la
1291 2822 1345 2846 ric-

454 2862 588 2887 chissima
607 2863 794 2896 bibliografia,
813 2865 900 2889 citata
919 2865 955 2889 da
973 2863 1086 2888 ULYsss:
1111 2862 1294 2892 Cnavanaa,
1315 2865 1345 2887 in

455 2906 616 2937 Rapertoire
636 2907 682 2931 des
702 2907 814 2931 Sources
832 2906 990 2938 historiques
1009 2907 1044 2930 du
1062 2907 1158 2938 Moyen
1171 2906 1243 2938 Age,
1256 2906 1345 2935 Paris,

458 2953 533 2979 1907,
551 2947 586 2977 11,
599 2948 626 2973 al
647 2955 743 2978 nome;
763 2948 846 2974 O‘rro
859 2948 1015 2978 Gfiu‘rnaa,
1029 2948 1106 2973 Zwei
1118 2949 1346 2973 mittelalterliclze

455 2991 674 3015 Declamationen
693 2991 757 3015 ilber
788 2992 898 3016 Thomas
924 2992 1030 3021 Becket,
1056 2992 1086 3015 in
1111 2990 1236 3015 Nachr.
1264 2990 1345 3015 Ges.

456 3032 681 3061 Wissensch„
700 3031 870 3066 Gottingen,
891 3032 968 3065 1893,
987 3040 1033 3066 pp.
1047 3038 1178 3065 231-243;
1192 3032 1297 3057 Enwm
1311 3033 1344 3056 A.

1398 2190 1528 2220 Annon,
1549 2189 1588 2214 St.
1615 2189 1726 2214 Thomas
1744 2189 1780 2222 ⁰f
1797 2189 1970 2221 Canterbury,
1989 2189 2029 2214 his
2048 2189 2128 2214 death
2144 2189 2200 2213 and
2211 2188 2294 2213 mira-

1398 2233 1460 2263 cles,
1480 2232 1614 2262 Loudon,
1639 2231 1715 2264 1899,
1741 2231 1809 2255 voll.
1830 2231 1899 2263 dueg
1928 2231 2041 2256 Recueil
2064 2232 2110 2256 des
2132 2230 2294 2261 Historias,

1400 2274 1457 2298 vol,
1477 2274 1553 2306 XVI,
1573 2279 1634 2306 372,
1653 2280 1714 2306 411,
1735 2278 1794 2306 459,
1808 2272 1870 2306 487,
1890 2273 1986 2306 per>la
2005 2273 2131 2298 raccolta
2149 2273 2224 2298 delle
2242 2272 2293 2297 let-

1400 2318 1458 2340 tere
1477 2316 1507 2340 di
1526 2315 1679 2340 Tommaso
1699 2315 1728 2340 di
1748 2315 1927 2347 Canterbury
1945 2322 1960 2339 e
1979 2315 2007 2340 di
2028 2314 2177 2340 Glovanni
2198 2315 2226 2340 di
2246 2313 2294 2339 Sn-

1400 2359 1517 2390 lisbury.

1489 2399 1500 2416 ²
1518 2399 1553 2424 G.
1574 2400 1597 2432 J.
1618 2400 1652 2424 A.
1673 2399 1789 2431 Gutus,
1819 2400 1879 2424 Vita
1900 2401 1926 2425 S.
1953 2400 2066 2425 Tkomae
2094 2399 2296 2424 Cantauriensis

1399 2443 1593 2474 archiepiscopi
1610 2446 1637 2467 et
1649 2442 1777 2474 martyris
1791 2443 1824 2466 ab
1843 2442 1994 2467 auctoribus
2007 2441 2240 2472 contemporaneis.
2253 2460 2258 2465 .
2269 2457 2277 2466 .
2289 2460 2294 2465 .

1399 2485 1581 2516 nuptast...
1602 2484 1741 2516 Oxoniae,
1765 2484 1841 2518 1845,
1860 2485 1917 2509 vol.
1937 2485 1958 2513 Ι,
1977 2492 2004 2517 p.
2025 2490 2085 2517 272·

1487 2525 1499 2542 ³
1519 2527 1602 2558 Boso,
1623 2527 1706 2551 Liber
1731 2527 1844 2559 Pontifi,
1863 2526 1897 2556 11,
1917 2534 1943 2560 p.
1969 2531 2020 2559 425
2040 2533 2055 2551 e
2075 2533 2125 2559 ag„
2146 2527 2254 2560 rIporta
2268 2525 2297 2550 la

1400 2570 1501 2594 lettera
1521 2569 1598 2594 colla
1616 2569 1699 2601 quale
1717 2568 1824 2593 Enrlco
1837 2568 1863 2593 H
1876 2568 2085 2602 d'Inghilterra,
2098 2569 2120 2593 il
2134 2574 2168 2594 22
2181 2569 2296 2601 maggio

1402 2618 1476 2644 1172,
1499 2611 1513 2625 “
1525 2619 1619 2636 coram
1638 2611 1745 2636 eisdem
1763 2611 1866 2644 legatis
1884 2610 2054 2643 (Alexandri
2077 2609 2138 2644 111),
2163 2610 2296 2635 adstante

1401 2653 1414 2666 “
1426 2655 1623 2686 episcoporum
1645 2662 1676 2678 ac
1701 2654 1839 2679 baronum
1858 2655 1887 2678 et
1905 2653 2028 2678 allorum
2047 2655 2107 2678 tam
2128 2653 2294 2678 clericorum

1402 2694 1415 2708 “
1425 2703 1508 2728 quam
1528 2697 1674 2730 laycorum
1688 2692 1882 2724 multitudine,
1896 2703 1924 2720 se
1937 2696 1967 2720 in
1981 2697 2098 2728 propria
2112 2701 2258 2728 persona..
2271 2712 2277 2719 .
2289 2713 2294 2719 .

1402 2738 1415 2752 ‘¹
1426 2740 1568 2772 purgavit.
1582 2758 1587 2763 .
1599 2758 1604 2763 .
1616 2758 1620 2763 .
1633 2758 1656 2772 η.

1487 2780 1532 2806 Cf.
1553 2790 1636 2814 pure:
1657 2782 1773 2807 Recueil
1794 2782 1841 2806 des
1869 2781 2029 2810 Historias,
2056 2781 2113 2805 vol.
2138 2779 2213 2810 XVI,
2237 2779 2295 2809 cit„

1399 2830 1424 2856 p.
1445 2823 1510 2856 481;
1530 2824 1636 2848 Rocaa
1654 2829 1692 2848 m:
1717 2823 1873 2853 nonnas,
1901 2822 2029 2848 Chronica
2055 2823 2113 2851 clt.,
2137 2821 2173 2853 H,
2192 2829 2241 2855 35²
2261 2827 2294 2854 27

1400 2867 1462 2890 sett.
1479 2873 1488 2890 1
1497 2872 1554 2899 172,
1568 2873 1700 2899 processo
1714 2866 1826 2890 verbale
1839 2865 2055 2890 dell’ammenda
2070 2864 2225 2890 onorevole
2238 2863 2295 2888 alla

1400 2907 1482 2939 quale
1503 2908 1524 2932 il
1544 2916 1573 2933 re
1592 2908 1617 2933 si
1636 2908 1794 2932 sottomise.

1487 2948 1498 2966 ⁴
1516 2950 1603 2980 Boso,
1623 2951 1707 2975 Liber
1726 2950 1840 2983 Pontif,
1859 2950 1893 2979 11,
1919 2957 1945 2982 p.
1965 2949 2032 2980 4²6:
2053 2948 2084 2974 ⁰.
2097 2947 2294 2974 ...Romanus

1399 2991 1413 3004 “
1426 2991 1560 3023 pontifex
1579 2991 1614 3016 ad
1634 2991 1782 3017 istantiam
1802 2992 1871 3016 cleri
1890 2993 1918 3016 et
1936 2991 2038 3024 populi
2057 2989 2198 3015 Gallicani
2218 2996 2293 3013 eum-

1402 3033 1415 3046 “
1426 3033 1487 3057 dem
1514 3035 1664 3066 martyrem
1691 3035 1877 3059 canonizavit
1895 3033 2067 3058 auctoritate
2086 3031 2247 3064 apostolica
2265 3034 2294 3056 et

2324 858 2363 890 10

2325 1124 2362 1156 15

2321 1393 2362 1423 20

2319 1657 2362 1691 25

2324 2279 2359 2305 30

2323 2495 2355 2522 35

2322 2916 2354 2941 45
