2398 3470
156 250 230 271 Μυκ..
247 256 279 270 c..
297 251 376 274 148-149
397 239 467 274 150
1160 239 1474 275 CHRONICON
1968 245 2020 281 [Α.
2040 246 2073 274 c.
2093 246 2245 281 ’νη-795]

402 309 2241 320 ιιιιιιιιιιιιιιιιιιιιιιιιιιιιιιιιιιιιιιιιιιιιιιιιιιιιιιιιιιιιιιιιιιιιιιιιιιιιιιιιιιιιιιιιιιιιιιιιιιιιιιιιιιιιιιιιιιιιιιιιιιιιιιιιιιιιιιιιιιιιιιιιιιιιιιιιιιιιιιιιιιιιιιιιιιιιιιιιιιιιιιιιιιιιιιιιι

395 359 409 375 “
423 356 495 396 Qui
520 358 565 390 ad
588 357 813 399 apostolicam
837 356 952 389 sedem
978 367 1168 399 properans
1192 367 1269 388 cum
1294 355 1532 389 sacerdotibus
1555 362 1591 390 et
1614 357 1709 389 clero
1732 356 1839 399 ipsius
1865 357 2082 391 Rauennatis
2098 357 2245 391 ecclesie

394 412 409 428 ‘⁴
423 417 458 443 et
479 409 651 443 iudicibus
673 420 716 442 ac
739 410 842 452 plebe
868 410 1020 443 eiusdem
1044 410 1148 447 urbis,
1178 410 1210 441 in
1238 409 1557 452 archiepiscopatus
1579 409 1745 443 honorem
1761 409 1806 443 ab
1821 411 1943 444 eodem
1961 411 2140 455 Stephano
2154 422 2246 454 papa

395 466 409 481 “
423 463 602 497 ordinatus
625 468 659 494 et
682 467 906 495 consecratus
930 468 982 495 est
996 464 1016 495 ¹.
1041 462 1126 495 Erat
1150 462 1241 494 enim
1264 460 1373 494 isdem
1396 461 1517 495 beatus
1540 473 1632 505 papa
1656 462 1853 506 Stephanus
1875 463 2023 497 ecclesie
2052 456 2247 497 traditionis

395 518 409 534 “
422 517 624 550 obseruator
638 540 668 555 „‚
691 525 864 548 renonans
886 516 1066 558 pristinum
1092 515 1238 548 ecclesie
1262 515 1366 547 ritum
1388 515 1423 547 in
1447 515 1594 548 diuersis
1609 515 1795 548 clericatus
1810 516 2010 550 honoribus.
2061 519 2076 535 “
2089 517 2158 550 Hic
2180 523 2249 551 sta-

396 570 487 602 “tuit
510 575 546 601 ut
569 569 663 601 omni
686 568 862 601 dominico
886 568 943 601 die
969 579 988 600 a
1023 574 1154 611 septem
1179 567 1353 610 episcopis
1377 567 1612 601 cardinalibus
1641 568 1909 609 ebdomadariis,
1940 570 1999 613 qui
2030 570 2067 602 in
2098 569 2248 603 ecclesia
2295 572 2311 601 5

394 624 408 640 “
423 621 610 655 Saluatoris
633 621 829 660 obseruant,
853 622 1029 654 missarum
1053 620 1220 653 solemnia
1241 630 1347 662 super
1369 621 1478 653 altare
1500 621 1594 654 beati
1618 621 1713 654 Petri
1739 622 1860 654 Gloria
1882 622 1919 655 in
1940 623 2077 655 excelsis
2097 622 2172 656 Deo
2194 623 2248 656 di-

393 678 407 693 “
421 673 577 707 caretur‘
592 698 622 713 ,μ
669 674 759 707 Nam
783 674 902 706 sedule
924 674 1034 706 isdem
1058 673 1276 706 beatissimus
1299 673 1458 716 pontifex
1480 683 1560 707 suos
1576 675 1699 707 missos
1713 681 1816 717 atque
1839 674 1971 709 litteras
1993 675 2250 709 ammonitorias

390 728 539 771 dirigere
562 727 725 760 studebat
747 727 875 759 Carolo
898 727 973 770 regi
1009 728 1221 760 Francorum
1246 732 1280 759 et
1304 726 1379 759 eius
1401 737 1568 771 germano
1591 727 1825 761 Carlomanno
1837 727 1860 767 ³,
1892 738 1955 771 pro
1986 728 2168 773 exigendis
2196 729 2248 762 iu·
2386 723 2395 766 ,ἒ

389 781 493 814 stitiis
515 780 610 813 beati
634 779 731 812 Petri
754 790 774 811 a
797 779 983 812 Desiderio
1007 789 1090 823 rege
1114 778 1438 822 Langobardorum,
1462 790 1548 823 quas
1571 780 1742 813 obdurato
1774 781 1881 814 corde
1913 781 2062 814 reddere
2089 781 2250 816 Romane
2385 768 2395 825 ἶ

389 834 538 867 ecclesie
562 833 712 866 nolebat.
2275 836 2313 868 10
2382 834 2395 844 “⁴

154 887 255 937 5221ss
268 887 371 938 x¹ff⁴23¹7⁶4
483 886 622 919 Interea
644 886 896 919 Carlomannus
919 886 1029 918 frater
1054 884 1180 918 Caroli'
1203 885 1306 929 regis,
1329 891 1408 928 post
1423 886 1670 919 ammistratum
1687 887 1916 920 communiter
1931 886 2071 920 biennio
2086 898 2244 932 regnum,

203 957 222 971 c.
243 952 282 970 ιε,
300 950 313 970 ⁶
391 939 511 972 morbo
535 939 693 972 decessit.
740 939 887 972 Carolus
909 939 1026 981 itaque
1050 938 1153 971 totius
1169 938 1476 972 amministratione
1499 939 1600 982 regni
1615 946 1764 982 accepta
1790 940 2004 973 Francorum
2021 940 2171 973 omnium
2187 952 2250 974 rex
2384 933 2395 965 i

389 992 583 1025 constititur
595 991 617 1025 ‘.
664 993 733 1025 Iste
756 1003 840 1025 uero
863 991 971 1024 multa
986 991 1080 1024 bella
1102 992 1226 1035 gessit:
1242 990 1389 1034 primum
1407 991 1547 1035 quidem
1574 991 1610 1024 in
1625 991 1825 1036 Aquitania,
1841 993 1937 1036 quod
1958 998 1973 1011 ⁸⁶
1986 1004 2006 1026 a
2022 999 2122 1037 patre
2136 993 2249 1027 fuerat
2380 986 2395 1013 Α

392 1046 620 1079 “inchoatum
666 1046 728 1078 sed
763 1045 915 1078 nondum
947 1044 1080 1077 finitum
1094 1068 1124 1085 „.
1172 1044 1244 1078 Sed
1275 1044 1420 1078 subacta
1455 1045 1655 1079 Guasconia
1686 1051 1722 1079 et
1756 1046 1958 1089 compositis
1992 1047 2028 1079 in
2061 1045 2250 1091 Aquitania
2384 1039 2396 1110 ἒ

388 1099 503 1139 rebus,
527 1099 655 1131 deinde
679 1104 842 1142 superato
876 1098 1027 1142 Pyrenei
1061 1098 1189 1130 montis
1218 1098 1300 1143 iugo
1334 1097 1370 1130 in
1402 1098 1604 1140 Hispaniam
1634 1099 1771 1132 transiit
1803 1105 1837 1132 et
1870 1110 1979 1144 usque
2009 1100 2055 1133 ad
2089 1099 2248 1134 Hiberim
2275 1102 2313 1133 15
2385 1113 2397 1159 ξ

388 1162 534 1190 amnem,
558 1152 618 1195 qui
642 1158 694 1184 est
718 1152 811 1194 apud
835 1152 1021 1189 Navarros‚
1037 1157 1072 1184 et
1095 1161 1204 1194 usque
1228 1151 1410 1184 Dertosam
1423 1150 1434 1168 ⁵
1450 1152 1629 1194 processit,
1653 1152 1782 1195 fugatis
1798 1159 1902 1196 atque
1917 1153 2020 1187 uictis
2036 1153 2249 1193 Sarracenis,
2382 1162 2397 1216 Ξῖ

391 1205 449 1248 qui
472 1206 582 1248 ipsam
604 1211 736 1238 terram
761 1210 1028 1247 occupauerant.
1074 1204 1214 1237 Interea
1237 1204 1383 1238 Carolus
1406 1215 1467 1237 rex
1498 1211 1643 1237 matrem
1674 1215 1769 1238 suam
1799 1206 2006 1239 Bertradam
2041 1206 2078 1238 in
2109 1206 2246 1240 Italiam
2387 1221 2395 1236 ι

388 1258 481 1291 misit
505 1257 549 1290 ad
573 1258 795 1291 Desiderium
821 1257 1129 1302 Langobardorum
1154 1268 1284 1302 regem,
1307 1263 1343 1290 et
1366 1258 1440 1290 eius
1463 1258 1575 1290 filiam
1597 1259 1634 1291 in
1657 1259 1878 1293 matrimonio
1900 1260 2049 1303 aceepit.
2382 1238 2397 1283 ἔ

150 1311 206 1360 ξ’ζᾷ
214 1311 322 1361 ῥ’ᾔξῃῑ-ῑῑ
344 1317 363 1335 1²·
478 1313 592 1344 Rome
616 1321 701 1344 uero
724 1317 803 1354 post
826 1311 895 1344 hec
911 1311 1093 1354 Stephano
1116 1322 1209 1353 papa
1233 1311 1402 1344 defuncto
1417 1317 1452 1343 et
1476 1311 1522 1343 ad
1537 1317 1695 1344 sanctum
1712 1311 1854 1345 Petrum
1877 1313 2025 1356 sepulto,
2049 1313 2248 1347 Hadrianus
2267 1326 2269 1328 ¹
2380 1284 2397 1399 ἢ

150 1364 290 1415 &¹533ssssss
305 1370 327 1388 Ρ·
344 1370 364 1383 δ’
391 1364 423 1396 ei
446 1364 481 1396 in
505 1365 715 1408 pontificatu
737 1364 919 1404 successit,
942 1364 1099 1407 seditque
1112 1365 1223 1397 ¹annis
1245 1363 1368 1396 XXIII
1382 1363 1403 1396 ⁶.
2276 1367 2314 1399 15
2378 1381 2396 1414 g,

478 1417 584 1461 Apud
607 1417 943 1460 Constantinopolim
967 1423 1092 1455 autem,
1116 1423 1254 1450 mortuo
1277 1417 1508 1450 Constantino
1531 1423 1767 1460 persecutore,
1791 1420 1960 1452 successit
1976 1420 2008 1452 ei
2030 1420 2106 1453 Leo
2130 1420 2190 1464 qui
2212 1426 2248 1454 et
2380 1413 2396 1507 ἒ

389 1471 542 1510 Cazaris‚
566 1471 625 1514 qui
647 1471 832 1513 imperauit
855 1471 954 1503 annis
980 1470 1049 1503 V⁷.
1097 1469 1179 1509 Quo
1203 1470 1370 1503 defuncto
1394 1470 1581 1513 imperauit
1604 1471 1704 1504 Irene
1729 1482 1806 1504 cum
1823 1472 1892 1505 filio
1907 1473 2123 1518 Costantino.

151 1524 269 1570 'garam
279 1524 362 1543 F''‘¹'¹⁶·
477 1524 623 1557 Carolus
639 1530 752 1556 autem
771 1526 983 1557 Francorum
1000 1533 1064 1556 rex
1081 1524 1268 1557 Saxoniam
1286 1523 1431 1567 aggredi
1447 1524 1540 1557 bello
1557 1524 1690 1563 statuit3
1705 1534 1851 1569 eamque
1868 1525 1940 1558 sine
1953 1536 2051 1559 mora
2061 1526 2248 1571 ingressus,

388 1578 483 1610 ferro
507 1583 542 1610 et
571 1578 654 1622 igne
689 1583 814 1610 cuncta
848 1576 1080 1619 depopulatus
1114 1576 1346 1621 Eresburgum
1383 1576 1558 1610 ciuitatem
1593 1577 1688 1621 cepit
1722 1584 1757 1611 et
1787 1578 1918 1611 idolum
1950 1579 2045 1622 quod
2075 1579 2248 1618 colebant,
2376 1568 2395 1695 ξ

389 1631 487 1663 cuius
509 1641 614 1663 causa
636 1630 806 1673 precipue
830 1637 985 1670 uenerat,
1009 1630 1145 1667 euertit,
1170 1629 1419 1674 obsidibusque
1442 1630 1600 1673 accepits
1623 1630 1659 1662 in
1683 1630 1833 1664 Galliam
1857 1642 2017 1664 reuersus
2039 1638 2092 1665 est
2103 1631 2127 1673 ⁸,
2149 1633 2248 1666 inue-
2271 1634 2314 1665 20

387 1684 507 1727 nitque
532 1684 666 1727 legatos
688 1684 860 1716 Hadriani
885 1694 976 1726 pape
1000 1684 1228 1725 postulantes,
1256 1689 1295 1716 ut
1317 1683 1383 1716 sibi
1408 1689 1444 1717 et
1465 1683 1626 1716 Romane
1659 1684 1807 1717 ecclesie
1838 1684 2053 1725 subueniret,
2083 1686 2248 1729 quoniam

204 1752 224 1766 c.
240 1748 278 1766 ιε]
293 1753 314 1767 a.
393 1737 612 1770 insolentiam
636 1737 808 1769 Desiderii
831 1737 924 1781 regis
947 1743 982 1769 et
1005 1736 1317 1780 Langobardorum
1340 1737 1434 1769 ferre
1456 1746 1527 1770 non
1549 1743 1711 1780 poterant
1724 1735 1746 1769 ⁹.
1792 1737 1870 1771 Rex
1892 1738 2011 1782 itaque
2027 1738 2173 1773 Carolus
2195 1749 2250 1772 res

388 1800 454 1832 que
477 1791 569 1823 inter
591 1791 771 1823 Romanos
795 1796 830 1822 et
852 1790 1103 1834 Langobardos
1125 1796 1226 1822 erant
1249 1790 1407 1833 diligenti
1423 1799 1508 1822 cura
1522 1795 1750 1833 pertractans,
1772 1801 1838 1834 pro
1862 1791 2066 1825 defensione
2089 1792 2248 1826 Romane

390 1843 539 1876 ecclesie
555 1850 728 1877 commota
751 1843 926 1876 exercitus
941 1843 1159 1877 multitudine
1182 1845 1399 1876 Francorum
1423 1849 1460 1876 et
1482 1843 1779 1887 Burgundionum,
1803 1844 2075 1878 Alamannorum
2099 1856 2250 1890 quoque,

389 1907 456 1929 nec
479 1907 550 1930 non
574 1903 610 1930 et
633 1896 826 1929 Sueuorum
850 1903 952 1940 atque
975 1896 1161 1936 Saxonum,
1185 1907 1226 1929 ac
1243 1896 1409 1940 bipertito
1426 1897 1591 1936 exercitu,
1608 1897 1734 1940 partim
1751 1908 1816 1940 per
1832 1904 1984 1931 montem
2000 1898 2104 1938 Iouis,
2119 1898 2248 1942 partim
2271 1899 2312 1932 25

387 1960 451 1992 per
488 1956 638 1983 montem
670 1950 849 1988 Cinisium‚
884 1950 1018 1982 Italiam
1049 1950 1179 1982 intrare
1215 1950 1408 1984 contendit.
1455 1950 1699 1994 Superatoque
1730 1951 1872 1994 Alpium
1904 1951 1997 1997 iugo,
2028 1951 2249 1985 Desiderium

389 2013 508 2046 regem
532 2003 660 2035 frustra
683 2002 750 2035 sibi
773 2003 933 2035 resistere
951 1998 1145 2042 conantem,
1162 2004 1343 2036 commisso
1360 2003 1463 2042 bello,
1480 2004 1565 2036 uicit
1581 2009 1684 2047 atque
1700 2004 1847 2049 fugauit,
1864 2005 2063 2050 Ticinoque
2077 2005 2248 2039 inclusum

390 2056 530 2089 obsedit
552 2061 587 2088 et
609 2057 645 2088 in
669 2056 932 2099 oppugnatione
956 2057 1120 2096 ciuitatis,
1145 2057 1225 2100 quia
1250 2057 1398 2089 difficilis
1422 2062 1506 2095 erat,
1529 2057 1674 2090 multum
1697 2058 1865 2100 temporis
1889 2058 2036 2101 spatium
2051 2058 2152 2102 plura
2175 2069 2249 2092 mo·-

394 2109 510 2142 liendo
533 2109 755 2152 consumpsit.
781 2110 917 2142 Interea
939 2109 1085 2142 Carolus
1109 2110 1250 2142 dimisso
1285 2111 1331 2143 ad
1354 2110 1627 2154 oppugnandum
1659 2111 1834 2144 ciuitatem
1867 2111 2033 2151 exercitu,
2064 2113 2140 2155 ipse
2171 2122 2249 2145 cnm

390 2163 512 2205 paucis
535 2162 684 2195 Romam
707 2163 780 2195 uoti
805 2163 918 2205 gratia
940 2163 1187 2205 proficiscitur.
1234 2163 1390 2196 Ueniens
1413 2165 1528 2208 itaque
1552 2173 1573 2195 a
1596 2171 1724 2205 monte,
1749 2165 1808 2208 qui
1831 2165 1960 2198 dicitur
1976 2165 2114 2205 Gaudii‚
2137 2175 2247 2210 usque
2270 2167 2313 2198 30

2374 1941 2393 2035 ’.ι’ᾑθηκ

479 2349 503 2374 3.
523 2342 714 2367 ecclesiastice
736 2344 761 2367 B
780 2352 793 2366 e
815 2344 894 2368 Sasso
915 2356 946 2360 —
966 2343 992 2368 6.
1012 2344 1171 2377 solempnia
1194 2346 1216 2370 C
1236 2359 1266 2363 —
1289 2351 1311 2377 7.
1333 2346 1432 2371 literas
1452 2346 1660 2371 admonitorias
1688 2347 1714 2371 B
1741 2355 1754 2371 e
1776 2347 1856 2372 Sasso
1884 2360 1917 2364 —
1948 2353 1988 2371 10.
2008 2346 2093 2372 corde
2114 2345 2243 2372 Romane

392 2385 508 2410 ecclesie
528 2387 642 2411 reddere
663 2387 780 2411 nolebat
800 2389 826 2411 B
845 2397 857 2411 e
878 2388 958 2412 Sasso
973 2402 1004 2406 —
1022 2395 1061 2412 12.
1076 2389 1330 2414 administratione
1350 2391 1376 2413 B
1394 2400 1407 2414 e
1429 2391 1509 2416 Sasso
1522 2403 1554 2408 -
1572 2398 1611 2423 15.
1625 2390 1737 2415 pirinei
1759 2391 1782 2415 C
1799 2404 1809 2409 -
1829 2391 1973 2424 ispaniam
1988 2392 2033 2416 C·
2051 2390 2083 2415 16
2094 2391 2245 2416 venarros.

390 2430 415 2453 A
428 2431 458 2459 C,
478 2430 620 2455 Venairos
645 2431 671 2455 B
689 2440 702 2455 e
723 2432 817 2462 Sasxog
841 2440 976 2464 correggo
994 2434 1103 2458 secondo
1134 2434 1318 2463 Emuaanus,
1347 2435 1406 2459 Vita
1426 2435 1527 2460 Karoli
1548 2436 1657 2467 Magni,
1678 2436 1721 2460 ed.
1741 2436 1790 2460 cit.
1810 2435 1824 2466 ἓ
1846 2441 1875 2467 15
1896 2448 1905 2453 -
1925 2436 2094 2468 peraccessst
2112 2435 2200 2460 victi·
2218 2437 2246 2460 et

393 2474 501 2507 sugatis
523 2476 546 2500 C
562 2488 595 2494 -
617 2483 657 2508 14.
671 2475 832 2508 Stephanus
849 2477 872 2500 C
883 2489 893 2495 -
907 2477 1054 2501 Adrianus
1070 2479 1093 2502 C
1105 2491 1137 2495 —
1155 2484 1194 2510 17.
1209 2479 1314 2504 Hirene
1328 2487 1390 2504 cum
1410 2479 1471 2504 filio
1488 2481 1511 2504 C
1522 2494 1554 2499 -
1568 2479 1609 2504 18.
1622 2479 1778 2505 Saxoniam
1798 2480 1874 2504 bello
1888 2479 2003 2512 aggredi
2022 2479 2046 2504 C
2056 2493 2090 2497 —
2106 2486 2147 2512 19.
2160 2479 2245 2513 depu-

338 2523 352 2549 5
389 2519 504 2551 pulatus
518 2520 585 2544 Eres
599 2520 720 2552 burgum
736 2520 803 2544 0—
823 2528 865 2545 τι.
887 2521 1011 2546 Adriani
1035 2523 1057 2546 C
1075 2536 1106 2539 —
1129 2529 1169 2547 22.
1191 2524 1327 2555 rebusque
1347 2525 1421 2549 inter
1440 2524 1587 2549 Romanos
1605 2525 1664 2550 AC
1683 2538 1714 2550 „-
1736 2532 1778 2557 ²4·
1798 2525 1954 2549 multitudo
1974 2523 2147 2549 Francorum
2169 2525 2195 2550 C
2211 2537 2244 2542 —

2389 2810 2392 2819 „
2370 2360 2393 2787 «zammer-&wemmam
2371 2093 2393 2350 wms
2376 2064 2393 2087 κ)

389 2568 431 2594 25.
451 2563 611 2589 Suavorum
634 2566 657 2589 C
674 2579 707 2582 --
727 2571 769 2597 29.
791 2565 1011 2597 obpugnandam
1031 2567 1178 2591 ciuitatem
1202 2569 1225 2592 C
1242 2582 1274 2586 -
1296 2574 1337 2600 30.
1358 2568 1547 2600 proficissltur
1570 2569 1593 2593 C

481 2653 488 2670 ¹
509 2655 543 2679 R.
565 2663 647 2688 segue
676 2657 754 2687 quasi
783 2656 988 2681 letteralmente
1013 2658 1090 2681 tutto
1116 2658 1137 2681 il
1157 2657 1171 2690 ξ
1190 2658 1290 2689 XXVI,
1433 2658 1444 2675 ⁵
1464 2659 1650 2689 Emuannus,
1678 2660 1737 2685 Vita
1751 2661 1853 2685 Karoli
1865 2660 1968 2692 Magni
1980 2660 2037 2689 cit..
2051 2667 2078 2692 p.
2092 2666 2145 2692 450
2161 2666 2178 2685 e
2196 2663 2245 2692 451

389 2697 533 2727 copiando
553 2703 601 2729 per
620 2697 716 2720 intero
736 2697 853 2728 qualche
872 2698 1001 2729 periodo.
1345 2715 1377 2719 —
1397 2702 1516 2726 Dertosa
1536 2715 1568 2720 —
1597 2703 1718 2727 Tortosa.

478 2735 489 2752 ²
507 2737 536 2762 L·
557 2738 596 2767 P„
614 2737 635 2767 1,
655 2738 715 2771 478,
734 2738 747 2769 ἓ
767 2739 881 2768 XXVII,
907 2740 1072 2764 omettendo
1098 2740 1223 2765 l'ultimo
1245 2749 1289 2775 pe·
1433 2742 1444 2759 ὅ
1464 2745 1497 2769 L.
1516 2745 1557 2773 P„
1578 2745 1597 2773 Ι,
1618 2743 1686 2776 486:
1706 2744 1779 2769 “....
1806 2744 1880 2769 sedit
1905 2752 1971 2769 ann.
1997 2743 2091 2769 xxm
2110 2751 2196 2768 mens.
2222 2744 2247 2769 x

328 2784 360 2802 10
389 2780 483 2804 riodo.
1345 2785 1407 2810 dies
1426 2785 1552 2817 xvm„.

475 2821 485 2838 ³
503 2821 591 2850 lnam,
610 2822 624 2853 ξ
642 2822 772 2848 XXVIII.
792 2822 824 2847 R.
845 2825 964 2848 omette:
985 2823 1084 2848 “idem
1104 2826 1171 2857 regi,
1195 2826 1289 2850 immi·
1434 2825 1443 2838 ⁷
1464 2828 1590 2852 Historia
1610 2829 1748 2859 Mtscella,
1773 2827 1805 2853 L.
1831 2827 1932 2853 XXIII.
1953 2827 2052 2852 Anche
2073 2827 2247 2859 invPAtnUS,
2276 2841 2310 2860 :o

389 2864 402 2876 “
415 2864 547 2889 uentibus
566 2866 649 2898 atque
669 2865 889 2890 decernantibus
908 2865 939 2890 in
959 2866 1013 2891 hoc
1037 2867 1130 2899 sepius
1157 2868 1288 2892 nomina·
1345 2869 1515 2894 continuatio
1535 2870 1697 2899 Lombarda,
1717 2870 1742 2895 si
1761 2870 1798 2894 ha
1817 2871 1914 2902 questa
1929 2870 2037 2895 notizia
2051 2883 2084 2887 —
2099 2869 2247 2895 caroniam

390 2907 403 2919 “
416 2907 453 2931 tis
473 2906 657 2931 Christoforo
677 2907 842 2939 primicerio
862 2910 889 2932 et
908 2907 1008 2941 Sergio
1022 2909 1217 2934 secundicerio
1229 2928 1252 2941 η.
1344 2911 1472 2939 Cavense,
1492 2910 1575 2942 (Cod.
1597 2910 1666 2936 Cav.
1685 2911 1737 2944 11)=
1760 2911 1773 2925 “
1785 2917 1851 2945 774:
1870 2910 1928 2936 Leo
1948 2913 1995 2943 qui
2016 2913 2044 2936 et
2058 2910 2175 2936 Cauris
2185 2927 2211 2942 „-

474 2947 484 2964 ⁴
504 2948 688 2978 Exnnmnus,
716 2950 775 2974 Vita
796 2950 896 2974 Karoli
919 2951 1027 2982 Magni,
1050 2952 1089 2975 M.
1115 2952 1145 2976 (i.
1173 2952 1215 2980 H„
1237 2952 1287 2977 Sb.
1430 2951 1441 2968 ⁸
1462 2953 1647 2984 Emnaanus,
1675 2954 1735 2978 Vita
1754 2952 1856 2979 Karoh'
1874 2954 1916 2979 M.
1935 2954 1994 2983 cit„
2013 2961 2041 2987 p.
2052 2958 2104 2986 447
2119 2951 2163 2985 §8
2176 2958 2192 2977 e
2204 2959 2245 2985 og.

326 2994 357 3022 ις
386 2990 551 3020 Hannover,
574 2991 650 3024 1829,
670 2991 729 3016 vol.
748 2991 782 3020 11,
802 3000 829 3024 p.
850 3000 909 3024 445,
930 2992 943 3023 ξ
961 2999 987 3024 3.
1428 2994 1439 3010 ⁹
1461 2996 1492 3019 L.
1514 2996 1554 3024 1².,
1575 2995 1604 3025 1.‚
1624 3004 1651 3028 p.
1672 3003 1723 3029 493
1742 3003 1757 3020 e
1771 3003 1814 3029 sg-
