2398 3470
95 242 179 278 [ΔΑ.
198 242 232 271 c.
253 243 398 273 140-143,
418 249 447 270 u.
466 248 491 269 e.
512 243 587 277 ssa]
872 233 1191 271 CHRONICON
1909 231 1957 268 59

94 373 310 411 presumeret
333 367 455 399 missas
479 367 668 406 celebrare,
691 376 760 409 qua
784 367 871 398 hora
893 366 1062 398 Dominus
1086 370 1204 398 noster
1227 363 1327 407 Jesus
1349 363 1509 397 Christus
1533 364 1725 398 secundum
1741 364 1964 408 euangelium

93 474 277 508 Vaticano.
326 472 409 512 Quo
432 479 589 516 tempore
612 472 744 516 Aquila
767 472 940 515 interpres
963 471 1125 505 habetur.

185 527 290 560 Anno
313 526 564 559 incarnationis
586 525 727 558 Domini
751 525 859 558 CXL.

15 571 33 621 4ς
53 581 71 614 5
183 581 230 613 Et
253 590 344 613 anno
367 580 412 612 ab
434 580 522 612 urbe
545 579 686 612 condita
701 578 1063 612 DCCCLXXXVIII.
1109 578 1306 612 Antoninus
1323 583 1554 622 cognomento
1578 578 1671 618 Pius,
1695 588 1825 622 genere
1842 579 1967 617 clarus,

94 635 215 668 tertius
237 634 394 666 decimus
418 633 461 666 ab
487 633 646 676 Augusto
669 633 858 675 imperator
890 638 1036 672 creatus,
1060 643 1140 666 cum
1171 632 1250 665 filiis
1281 632 1362 671 suis,
1394 630 1540 664 Aurelio
1572 637 1607 663 et
1632 631 1744 665 Lucio
1773 642 1823 664 xx
1855 632 1968 675 plenis

95 688 206 721 tribus
228 687 389 731 regnauit
411 687 521 726 annis,
545 686 634 719 adeo
658 685 846 729 tranquille
870 691 906 718 et
929 686 999 728 pie,
1022 691 1061 718 ut
1083 686 1206 718 merito
1229 685 1323 725 Pius,
1347 690 1383 718 et
1405 690 1507 728 pater
1530 685 1641 727 patrie
1665 686 1862 719 nominatus
1889 686 1935 718 sit
1948 686 1969 717 ¹.

95 741 262 784 Vixitque
286 740 422 784 ingenti
446 741 629 772 honestate
645 739 801 783 priuatus
817 739 992 777 omnibus;
1011 745 1046 772 et
1070 739 1229 782 quamuis
1245 738 1355 782 major
1369 739 1517 781 imperio
1531 737 1553 776 ⁸,
1577 738 1665 783 nulli
1690 744 1806 772 tamen
1823 749 1970 772 aceruus

14 828 34 834 .,
97 795 233 828 cunctis
255 805 339 827 uero
363 793 544 837 benignus,
568 793 605 824 in
628 803 666 825 re
689 792 831 824 militari
855 792 1036 825 moderata
1058 792 1183 837 gloria,
1199 792 1393 826 defendere
1416 792 1527 835 magis
1549 792 1760 834 prouincias,
1777 803 1880 836 quam
1897 803 1967 824 am·-

0 843 72 884 ’ψ’-0
97 847 206 891 pliare
230 847 390 880 studens:
413 846 508 879 uiros
530 846 736 889 equissimos
759 845 804 878 ad
826 845 1091 879 ministrandam
1114 845 1367 889 rempublicam
1391 854 1557 888 querens:
1581 844 1692 878 bonos
1720 845 1970 878 honorabiliter

0 898 21 902 ’
96 900 244 934 habens:
269 900 447 943 improbos
469 900 543 932 sine
567 899 684 943 aliqua
706 899 899 932 acerbitate
924 900 1113 938 detestans,
1138 899 1279 943 regibus
1303 898 1422 931 amicis
1445 898 1604 931 amabilis
1626 909 1697 932 non
1720 899 1842 938 minus,
1867 909 1970 942 quam

96 954 262 988 terribilis
286 953 375 986 adeo
398 959 436 985 ut
459 951 685 986 barbarorum
716 952 863 996 plurime
895 953 1054 985 nationes
1085 953 1255 995 depositis
1287 952 1391 985 armis
1415 952 1461 984 ad
1483 962 1562 984 eum
1594 953 1850 985 controuersias
1880 963 1970 991 suas,

96 1008 245 1051 litesque
270 1007 459 1046 deferrent,
484 1006 724 1050 sententieque
755 1011 929 1049 parerent.
976 1006 1045 1039 Hic
1076 1012 1157 1039 ante
1189 1006 1371 1049 imperium
1404 1005 1603 1046 ditissimus,
1627 1017 1747 1039 omnes
1777 1017 1855 1039 suas
1886 1017 1971 1050 opes

97 1061 279 1104 stipendiis
302 1060 448 1093 militum
475 1065 510 1092 et
542 1060 638 1092 circa
669 1059 798 1092 amicos
821 1059 957 1099 minuit,
988 1070 1109 1091 uerum
1141 1059 1291 1091 erarium
1321 1058 1491 1101 optimum
1522 1059 1665 1102 reliquit
1695 1060 1790 1093 unde
1820 1066 1856 1092 et
1886 1060 1969 1093 Pius

97 1167 190 1212 quod
206 1172 258 1200 est
273 1167 423 1199 miliario
439 1165 484 1198 ab
500 1166 586 1199 urbe
603 1165 812 1199 duodecimo
829 1165 950 1199 morbo
966 1173 1149 1209 correptus
1164 1166 1308 1206 interiit,
1324 1166 1397 1199 uite
1414 1176 1505 1198 anno
1521 1175 1663 1198 Lxxvn.
1709 1167 1852 1210 Imperii
1868 1177 1935 1199 xm
1947 1167 1970 1200 ³.

97 1220 208 1265 Hujus
230 1226 346 1253 tamen
371 1219 585 1262 temporibus
609 1219 818 1252 Valentinus
840 1220 1073 1258 heresiarcha,
1098 1225 1135 1252 et
1159 1218 1277 1252 Cerdo
1292 1219 1458 1263 magister
1481 1219 1675 1252 Marcionis
1698 1219 1847 1253 Romam
1865 1232 1973 1254 uene-

97 1280 187 1307 runt.
232 1273 386 1317 Justinus
420 1273 648 1316 philosophus
675 1272 801 1306 librum
837 1273 882 1306 de
918 1273 1110 1306 christiana
1139 1273 1310 1318 religione
1343 1273 1574 1315 compositum
1604 1272 1785 1307 Antonino
1816 1275 1972 1315 tradidit,

97 1337 244 1371 eumque
267 1327 458 1370 benignum
490 1337 575 1370 erga
606 1325 820 1359 Christianos
844 1326 1006 1359 homines
1034 1326 1121 1359 fecit
1132 1326 1156 1359 ⁴.
1205 1325 1277 1364 Qui
1308 1336 1378 1358 non
1410 1326 1515 1369 longe
1539 1331 1618 1369 post
1642 1327 1828 1360 suscitante
1852 1339 1971 1371 perse-

26 1381 75 1423 χΙ)
99 1380 237 1414 cutione
261 1380 452 1413 Crescente
477 1380 591 1413 cinico
614 1390 678 1422 pro
702 1379 842 1413 Christo
866 1380 1069 1423 sanguinem
1101 1380 1193 1412 fudit
1204 1379 1227 1413 ⁵.
1273 1380 1378 1412 Anno
1400 1379 1513 1422 primo
1535 1379 1704 1413 Antonini
1727 1381 1783 1413 Pii
1808 1382 1973 1426 Higinius

26 1451 29 1479 j
35 1445 40 1472 ,1
96 1434 236 1468 natione
258 1444 384 1477 grecus
407 1445 451 1467 ex
474 1433 686 1477 philosopho
714 1434 759 1466 de
790 1434 942 1467 Athenis
964 1439 1044 1476 post
1066 1433 1361 1476 Thellesphorum
1385 1433 1581 1466 Romanam
1604 1435 1758 1478 suscepit
1774 1435 1972 1476 ecclesiam,

97 1488 256 1532 seditque
281 1498 388 1520 annos
411 1497 450 1519 1v
473 1487 648 1520 mensibus
671 1498 699 1520 11
712 1486 734 1519 ⁶.
782 1487 850 1520 Hic
875 1487 1007 1520 clerum
1032 1488 1225 1530 composuit
1257 1493 1292 1520 et
1325 1487 1499 1520 distribuit
1521 1488 1652 1531 gradus
1663 1487 1686 1527 ⁷,
1711 1489 1972 1534 constituitque,

37 1557 43 1581 3
98 1547 136 1575 ut
157 1552 245 1574 unus
267 1541 436 1584 patrinus,
459 1540 518 1574 uel
541 1541 682 1583 patrina
705 1541 872 1584 suscipiat
895 1541 1050 1574 leuatum
1075 1552 1095 1574 a
1118 1541 1234 1574 fonte:
1261 1541 1421 1573 similiter
1443 1546 1479 1574 et
1501 1541 1538 1573 in
1564 1542 1885 1577 confirmationibus
1900 1544 1971 1584 fiat,

99 1601 135 1629 et
155 1595 192 1628 in
214 1595 467 1628 cathecumeno
491 1595 669 1628 faciendo.
716 1595 762 1628 Et
784 1595 843 1628 hic
866 1595 1035 1640 martyrio
1060 1601 1244 1628 coronatus
1257 1594 1279 1634 ⁸,
1305 1601 1339 1628 et
1362 1594 1518 1638 sepultus
1542 1601 1595 1628 est
1618 1607 1696 1629 cum
1720 1597 1888 1631 fratribus
1905 1599 1974 1631 suis

2 1665 5 1678 ι
34 1643 77 1683 ’15
100 1649 136 1682 in
158 1648 342 1682 Vaticano.
389 1647 484 1680 Huic
507 1648 675 1680 successit
696 1647 780 1680 Pius
802 1648 944 1681 natione
967 1648 1071 1680 italus
1094 1658 1138 1681 ex
1164 1654 1265 1691 patre
1288 1648 1418 1681 Rufino
1432 1646 1454 1680 ⁹.
1501 1648 1612 1681 Huius
1634 1650 1848 1693 temporibus
1871 1651 1971 1686 fuere

0 1696 2 1701 ¹
100 1702 212 1736 Rome
234 1703 303 1736 due
325 1701 556 1735 sacratissime
580 1702 745 1745 uirgines,
777 1702 986 1735 Potentiana
1009 1707 1045 1734 et
1071 1701 1241 1735 Praxedis
1255 1702 1289 1735 ¹⁰.
1337 1701 1411 1734 Sub
1435 1701 1536 1745 hujus
1561 1703 1767 1746 episcopatu
1796 1706 1810 1722 ‘⁴
1824 1705 1973 1739 Hermes

46 1763 48 1766 ’
105 1756 272 1800 “scripsit
293 1755 430 1794 librum,
455 1755 514 1798 qui
538 1755 669 1789 dicitur
690 1755 856 1795 Pastoris,
880 1756 917 1788 in
933 1766 1001 1799 quo
1018 1762 1224 1799 preceptum
1248 1756 1366 1800 angeli
1390 1756 1547 1789 continet
1560 1780 1591 1797 „‚
1616 1762 1654 1789 ut
1676 1757 1813 1790 Pascha
1829 1759 1886 1793 die
1902 1760 1973 1794 Do-

51 1842 54 1847 ,
101 1809 229 1843 minico
252 1809 462 1848 celebretur,
478 1809 575 1852 quod
598 1814 633 1841 et
656 1808 732 1851 ipse
756 1808 839 1841 Pius
862 1809 1049 1851 episcopus
1073 1809 1252 1842 constituit
1265 1808 1298 1842 ¹¹.
1344 1808 1552 1852 Policarpus
1576 1811 1762 1854 episcopus
1778 1812 1977 1855 Ephesinus

4 1875 7 1882 ¹
45 1856 57 1896 ζ.
100 1862 241 1906 Joannis
263 1862 411 1906 apostoli
426 1861 626 1905 disci'pulus
643 1861 793 1895 Romam
816 1862 970 1901 ueniens,
986 1862 1112 1896 multos
1135 1862 1179 1895 ab
1204 1862 1364 1896 heretica
1385 1862 1465 1896 labe
1491 1863 1686 1907 castigauit,
1710 1864 1770 1908 qui
1793 1865 1974 1900 Valentini

2 1931 7 1938 2
35 1907 80 1962 Φ
102 1922 137 1950 et
158 1916 328 1950 Cerdonis
351 1917 492 1949 fuerant
513 1915 674 1949 doctrina
698 1915 899 1959 corrupti¹².
936 1915 1009 1948 Sub
1032 1916 1100 1949 hoc
1122 1915 1290 1949 Arrianus
1312 1916 1540 1959 philosophus
1564 1917 1834 1952 nicomediensis
1855 1926 1976 1963 pretor

102 1968 309 2013 agnoscitur,
332 1978 401 2002 nec
425 1979 495 2001 non
527 1974 562 2001 et
591 1968 764 2001 Maximus
787 1968 929 2012 Tyrius,
961 1969 1194 2012 Appollonius
1226 1969 1365 2002 Stoicus
1396 1969 1667 2010 Chalcedonius,
1691 1971 1863 2005 Basilides
1894 1973 1971 2007 Sol-

100 2022 355 2066 phopolitanus.
394 2022 455 2055 Isti
477 2022 581 2055 etiam
597 2022 759 2066 Magistri
774 2022 944 2056 uerissimi
960 2022 1098 2055 Cesaris
1114 2022 1300 2056 extiterunt
1308 2022 1342 2055 ¹³.
1382 2022 1562 2057 Criniscus
1577 2023 1721 2058 Cinicus
1735 2025 1975 2070 philosophus,

192 2142 217 2161 2.
236 2137 269 2161 ln
286 2143 366 2162 cruce
388 2136 411 2160 C
428 2150 461 2155 —
475 2143 500 2168 4.
514 2136 549 2161 ab
569 2136 769 2161 incarnatione
790 2136 814 2160 C
824 2149 857 2154 -
871 2135 897 2162 6.
910 2136 1038 2167 terciam,
1057 2136 1154 2167 tercIa,
1173 2137 1302 2168 tercium,
1315 2138 1422 2162 tercIus
1441 2137 1468 2161 B
1481 2137 1504 2162 C
1514 2149 1526 2157 -
1541 2137 1564 2162 C
1579 2139 1734 2171 agg-imtge:
1748 2140 1778 2165 et
1792 2154 1823 2158 -—-
1839 2145 1864 2172 7.
1878 2143 1974 2167 sancte

109 2178 132 2203 C
146 2191 180 2197 --
198 2179 224 2205 8.
241 2179 358 2204 acerbus
375 2179 402 2203 B
415 2179 438 2203 C
455 2192 488 2196 —
511 2185 552 2205 12.
571 2179 703 2203 neu'ediu.
724 2177 798 2203 Mur.
818 2179 848 2202 ω’
857 2177 899 2209 fu
917 2179 1103 2210 tras-positione
1121 2179 1153 2203 dt·
1169 2178 1247 2210 mylas·
1265 2192 1298 2198 —·
1321 2186 1361 2212 ¹3·
1387 2181 1584 2214 sentencieque
1607 2181 1631 2205 C
1646 2194 1658 2199 -
1678 2183 1746 2207 ante
1770 2182 1793 2206 C
1810 2195 1842 2200 —
1865 2190 1906 2215 14.
1931 2191 1975 2208 re-

102 2220 193 2254 liquid
210 2221 273 2246 BC
294 2236 328 2241 —
356 2226 397 2252 15.
422 2221 603 2246 clemenciam
622 2221 649 2244 B
663 2221 687 2245 C
703 2235 736 2239 —
765 2227 806 2251 17.
832 2221 1019 2246 heresiarchis
1046 2222 1070 2245 Α
1084 2221 1121 2249 C:
1147 2220 1286 2253 Onosms,
1311 2222 1505 2247 heresiarches
1526 2237 1558 2242 -
1588 2223 1630 2248 18.
1654 2226 1836 2257 conpositum
1861 2226 1924 2250 BC
1940 2240 1973 2245 —

109 2269 197 2297 19-20.
215 2265 441 2296 persecucionem
464 2263 488 2288 C
504 2277 538 2282 -
558 2270 601 2288 20.
620 2264 718 2296 Iglnus
742 2264 765 2288 C
781 2277 814 2281 —
835 2270 876 2289 21.
898 2263 1079 2297 phylosopho
1103 2263 1126 2287 C
1145 2279 1173 2282 —-
1197 2270 1241 2296 24.
1259 2264 1456 2290 cathecumino
1480 2265 1503 2289 C
1514 2279 1547 2283 —
1567 2271 1610 2298 25.
1624 2265 1744 2291 fuerunt
1766 2267 1790 2291 C
1807 2282 1839 2286 —
1860 2267 1903 2294 26.
1920 2269 1976 2294 Ρο-

58 2309 77 2339 3
106 2306 238 2332 §enema
259 2306 282 2330 C
300 2320 331 2324 —
353 2306 395 2332 28.
414 2306 601 2332 celebraretur
618 2306 641 2331 C
652 2319 685 2324 —
706 2313 749 2339 ²9·
762 2307 902 2331 Iohannis
920 2306 947 2330 B
959 2306 982 2330 C
1001 2301 1038 2323 -’
1053 2312 1096 2338 31.
1116 2305 1304 2332 Calcedonius
1322 2307 1349 2330 B
1362 2307 1385 2331 C
1401 2321 1434 2325 —
1448 2314 1543 2341 31·3²·
1563 2308 1820 2343 Solthopolitanus,
1839 2311 1976 2345 Scytopo-

105 2349 210 2376 liunus
226 2351 283 2375 dice
300 2351 328 2375 la
345 2350 467 2375 mitella
486 2350 529 2384 (p.
548 2356 608 2381 214,
626 2351 688 2375 vedx'
704 2353 767 2376 nota
783 2350 825 2383 13)
846 2365 879 2369 —-
899 2357 941 2383 3²-
956 2351 980 2375 A
999 2351 1031 2375 dx·
1043 2351 1136 2383 prima
1155 2359 1250 2376 mano:
1270 2351 1403 2377 ErIuicus

192 2433 202 2452 ¹
221 2435 357 2467 omnus,
377 2436 439 2469 VII,
462 2444 502 2469 14,
525 2444 536 2462 1
559 2435 599 2470 (p.
620 2437 694 2469 254).
1153 2433 1165 2451 ⁶
1184 2436 1240 2460 Lib.
1261 2436 1350 2465 Pont..
1368 2436 1391 2469 1,
1413 2443 1473 2470 131,
1494 2445 1583 2464 mens.
1602 2444 1648 2470 111,
1667 2439 1694 2464 d.
1714 2446 1774 2466 1111.

192 2476 204 2494 ²
221 2478 400 2511 Eur-nornis,
414 2479 489 2511 vm,
503 2480 534 2505 8³
555 2479 781 2512 ‘¹....privatus,
796 2479 900 2504 maiori
912 2480 943 2504 ln
956 2479 1010 2504 im·
1153 2477 1164 2494 ⁷
1185 2479 1238 2503 Hic
1256 2479 1396 2504 constituit
1413 2481 1468 2505 etc.
1486 2478 1501 2504 ὲ
1518 2480 1634 2514 copiato
1654 2481 1701 2507 dal
1718 2482 1775 2506 Lib.
1796 2483 1873 2508 Pont.

4 2550 7 2554 .
69 2540 72 2548 ἶ
107 2519 209 2555 'perio
220 2537 243 2553 υ,
1153 2518 1164 2536 ⁸
1185 2521 1235 2545 Del
1255 2522 1385 2546 martirio
1400 2521 1427 2546 di
1447 2522 1543 2554 Iginio
1556 2530 1615 2547 non
1629 2523 1659 2549 fa
1678 2526 1769 2557 punto
1790 2527 1938 2551 menzione
1950 2526 1972 2551 il

49 2565 82 2587 10
191 2561 203 2580 ⁸
222 2564 399 2596 Exn-Romus,
418 2565 473 2590 loc.
492 2566 542 2590 clt.
554 2572 573 2590 R
592 2564 660 2598 pero
673 2565 709 2590 ha
723 2565 833 2590 mutato
846 2565 945 2590 alcune
958 2572 1008 2599 pa·
1065 2562 1121 2588 Lib·
1142 2563 1217 2588 Pont-

57 2618 59 2622 ·
102 2604 172 2630 {oie-
208 2605 251 2630 La
268 2605 391 2631 Mis-cella
402 2605 442 2639 (p.
458 2605 521 2638 162)
534 2613 593 2631 non
606 2607 719 2639 riporta
738 2607 816 2632 tutto
836 2606 860 2631 11
880 2606 1009 2639 capitolo
1152 2604 1163 2621 ⁹
1182 2607 1219 2630 Su
1238 2606 1342 2632 Rufino
1361 2606 1398 2632 cf.
1420 2608 1515 2639 ΖΑΗΝ,
1534 2608 1594 2632 Der
1606 2608 1673 2633 Kirt
1691 2609 1736 2633 des
1754 2610 1880 2640 Hermas,
1897 2611 1973 2642 1868,

104 2645 278 2682 Eutrophno
297 2655 378 2674 come
395 2647 427 2673 fa
446 2648 480 2674 R.
1062 2655 1090 2680 p.
1107 2655 1141 2681 30
1160 2657 1174 2673 e
1193 2650 1366 2680 Ducuusmz,
1386 2649 1445 2674 Lib.
1465 2650 1554 2678 Pont„
1574 2650 1594 2682 Ι,
1617 2657 1675 2682 132,
1697 2655 1766 2677 nota
1789 2660 1813 2678 ι.

193 2686 206 2704 ⁴
225 2688 361 2721 Onosws,
387 2689 462 2721 VIII,
492 2698 533 2723 14,
559 2696 586 2716 2.
621 2690 654 2715 In
679 2690 813 2719 Μέσπιλα,
838 2691 888 2717 lib.
914 2691 948 2722 X,
977 2697 1007 2716 12
1142 2689 1164 2707 ¹⁰
1184 2690 1229 2716 Cf.
1248 2692 1421 2723 Ducunsua,
1441 2695 1480 2724 op.
1500 2693 1557 2721 cit„
1575 2693 1597 2723 1,
1621 2699 1679 2725 133,
1699 2695 1767 2719 nota
1787 2700 1814 2726 7.

106 2728 144 2764 (p.
163 2730 226 2763 213)
239 2738 297 2756 non
311 2730 326 2757 δ
339 2732 483 2766 rapot-tato
497 2732 517 2757 ¹1
531 2733 650 2765 periodo
665 2733 718 2758 ἀει
734 2733 747 2746 ‘¹
756 2733 862 2758 Huius.
873 2752 879 2758 .
888 2750 896 2759 .
905 2751 913 2759 .
922 2751 936 2765 ‚,
950 2733 1007 2758 {ino
1143 2730 1163 2749 ¹¹
1185 2733 1398 2764 Hmnomnms,
1417 2737 1457 2766 op.
1477 2736 1535 2763 ca't„
1554 2735 1580 2760 X
1599 2734 1640 2768 (p.
1662 2735 1714 2767 16).

50 2777 81 2806 ις
104 2778 124 2797 ι
140 2771 283 2798 “Romam
306 2775 449 2799 venerunt
458 2791 480 2805 ,„
500 2776 612 2800 mentre
634 2775 661 2799 vi
686 2775 711 2800 si
731 2776 814 2800 treva
840 2776 859 2800 ll
880 2777 966 2806 resto,
991 2782 1007 2800 a
1142 2774 1165 2792 ¹²
1183 2775 1271 2807 Inna,
1291 2775 1380 2806 xvn,
1395 2775 1435 2808 (p.
1450 2776 1505 2807 21).
1543 2778 1691 2803 Glrolamo
1705 2779 1785 2811 parla
1798 2780 1827 2805 di
1841 2779 1972 2805 Marcion

106 2815 275 2840 eomIncure
293 2815 331 2841 da
349 2817 362 2830 ⁸
375 2816 502 2842 Iustinus
511 2835 535 2849 „.
1062 2826 1077 2842 e
1096 2818 1263 2849 Valentino,
1282 2825 1328 2844 ma
1352 2825 1384 2843 su
1410 2821 1509 2851 questo
1528 2819 1566 2845 cf.
1586 2819 1722 2852 ORosms,
1742 2820 1804 2853 vn,
1827 2829 1868 2855 14,
1889 2829 1903 2847 2
1926 2821 1974 2856 gia

192 2855 205 2874 ⁸
224 2857 306 2887 “Qui
334 2866 393 2884 non
420 2859 504 2892 longe
534 2861 598 2893 post
626 2859 782 2885 suscitante
811 2861 1007 2894 persecutione
1062 2860 1112 2886 clt.
1133 2868 1148 2885 e
1168 2860 1260 2891 BnnA,
1286 2863 1325 2892 op.
1344 2861 1402 2889 cit„
1422 2869 1449 2895 p.
1472 2868 1525 2886 111:
1554 2861 1752 2896 “Polycarpus
1778 2864 1899 2890 Romam
1925 2873 1972 2890 ve-

107 2893 303 2932 ‘Cre-cente„
322 2899 337 2926 e
356 2901 386 2926 di
405 2908 473 2935 peso
492 2901 635 2934 riportato
655 2900 726 2926 dalla
744 2901 877 2931 macella,
889 2902 911 2927 il
930 2903 1006 2928 resto
1064 2900 1078 2915 ⁸
1090 2904 1178 2934 niens,
1199 2904 1304 2929 multos
1323 2904 1358 2928 ab
1377 2904 1521 2930 haeretica
1539 2904 1601 2929 labe
1621 2905 1784 2937 castigavit,
1803 2908 1853 2940 qui
1868 2907 1972 2932 Valen-

107 2939 172 2966 810
183 2942 288 2968 attinoe
301 2942 336 2967 dn
355 2943 564 2975 Hmnomus,
582 2944 624 2968 De
642 2944 710 2968 viris
722 2943 821 2968 illustr.
843 2945 901 2975 cit„
915 2944 1007 2970 xxm
1062 2943 1077 2958 ‘¹
1088 2946 1143 2971 tIni
1162 2947 1193 2972 et
1212 2946 1353 2972 Cerdonis
1372 2946 1487 2972 fuerant
1506 2955 1596 2981 nuper
1615 2948 1748 2974 doctrina
1767 2951 1896 2984 corrupti
1907 2967 1930 2982 „.

1 2985 18 3010 ,ἶ
50 2990 87 3012 ao*
108 2981 146 3016 (p.
166 2982 218 3016 25),
237 2984 282 3010 dal
299 2985 383 3018 quale
395 2985 548 3019 riproduce
560 2986 588 3012 la
607 2986 696 3012 irase:
719 2987 732 3000 ‘¹
743 2994 794 3020 pro
810 2987 927 3012 Christo
943 2994 1006 3012 san·
1141 2985 1165 3004 ¹³
1183 2988 1318 3017 Miscella,
1337 2988 1385 3015 ub.
1404 2989 1438 3019 X.
1462 2996 1492 3022 13
1514 2988 1554 3022 (p.
1575 2989 1638 3023 214)
1657 2990 1708 3015 che
1727 2992 1840 3025 attinge
1853 2999 1922 3026 pure
1936 2994 1971 3018 ad

109 3022 123 3038 ‘¹
135 3025 247 3058 guinem
265 3026 379 3061 fudit„
1061 3030 1217 3063 Eusiumrs,
1236 3034 1276 3063 op.
1296 3039 1310 3056 e
1329 3031 1383 3057 loc.
1402 3032 1461 3064 cit„
1481 3032 1582 3058 lettera
1601 3033 1621 3060 l.

9 1095 72 1153 ·'',5
96 1120 241 1158 propter
264 1113 486 1147 clementiam
510 1114 627 1146 dictus
651 1119 713 1146 est.
759 1113 828 1145 Hic
859 1113 955 1155 apud
977 1112 1123 1145 Lorium
1153 1112 1273 1145 uillam
1300 1123 1397 1145 suam
1429 1113 1475 1145 ad
1505 1112 1768 1145 duodecimum'
1800 1113 1969 1156 lapidem,
2022 1139 2026 1144 .
2053 1130 2068 1149 s

2002 248 2077 272 Mun..
2094 253 2127 269 cc.
2143 248 2205 268 61—62

95 421 209 454 Marci
232 420 406 454 'ascendit
436 421 474 453 in
497 430 646 453 crucem.
691 419 739 451 Et
769 418 829 451 hic
859 419 1027 464 martyrio
1058 423 1254 457 coronatus,
1285 423 1322 450 et
1352 417 1508 460 sepultus
1535 427 1614 449 cum
1647 417 1813 450 fratribus
1837 418 1907 450 suis
1929 418 1965 449 in
2018 443 2023 448 .
2057 434 2065 443 ν

2004 540 2025 554 a.
2042 534 2068 554 C.
2087 539 2124 558 1⁴0

2005 593 2027 608 u.
2043 593 2063 608 c.
2079 588 2118 607 888

2010 1373 2099 1398 Yginus

2009 1406 2030 1420 a.
2047 1400 2073 1420 C.
2092 1401 2178 1424 138·543

2011 1643 2065 1663 Pius

2008 1675 2029 1690 a.
2046 1670 2072 1690 C.
2090 1672 2176 1695 143-161

2011 1884 2031 1898 3.
2046 1878 2094 1903 83ὸ

2000 2572 2032 2598 25

2001 2787 2036 2814 30

2000 2998 2032 3027 3⁵
