2398 3470
164 217 279 239 Mus...
292 222 376 241 nm..
412 207 482 241 120
1169 203 1486 240 CHRONICON
1943 211 2029 246 [ΛΑ.
2047 211 2083 241 c.
2101 213 2253 248 exuas]

400 279 2241 290 ......................................................................................................................................................................................................

407 347 421 364 “
436 346 663 388 codicemque
687 345 799 387 ipsum
827 345 972 377 edictum
997 344 1165 387 appellari
1188 343 1357 386 precepit.
1404 342 1489 375 Erat
1512 348 1637 379 autem,
1661 353 1705 376 ex
1728 353 1797 386 quo
1819 343 2043 388 Langobardi
2066 346 2102 378 in
2117 346 2252 382 Italiam

407 401 420 416 ‘⁴
434 404 612 436 uenerant,
630 408 740 430 annus
756 407 883 430 Lxxvn
898 422 912 438 „
932 398 952 430 ¹.
999 398 1147 431 Rothari
1161 407 1245 428 uero
1262 397 1497 429 Romanorum
1515 396 1670 428 ciuitates
1694 396 1737 429 ab
1760 397 1846 430 urbe
1860 398 1999 438 Tuscia,
2017 404 2053 432 et
2074 399 2254 432 uniuersas

402 462 468 495 que
492 453 527 484 in
552 451 650 484 litore
674 451 779 484 maris
802 452 867 484 site
890 458 969 484 sunt
991 463 1099 495 usque
1123 452 1169 484 ad
1203 451 1415 483 Francorum
1451 451 1536 483 fines
1569 449 1636 482 sibi
1669 460 1795 493 parere
1829 452 1958 496 coegit;
1983 453 2042 496 qui
2071 458 2254 496 postquam

229 517 249 530 c.
267 516 326 535 msa
403 505 499 537 annis
522 515 582 536 sex
605 503 783 536 mensibus
807 514 847 536 111
871 514 1017 547 regnum
1039 502 1218 540 tenuerat‚'
1240 503 1312 535 uita
1343 503 1531 542 decedens,
1554 502 1863 546 Langobardorum
1887 514 2032 548 regnum
2063 505 2254 538 Radoaldo

403 559 472 592 filio
507 569 567 591 suo
603 557 742 602 reliquit
754 558 776 590 ¹.
829 561 842 576 “
856 558 922 590 Hic
959 568 1036 590 cum
1072 558 1167 589 iuxta
1201 556 1379 589 basilicam
1413 555 1507 589 beati
1542 556 1705 589 Iohannis
1738 556 1894 600 Baptiste
1928 558 2051 591 fuisset
2082 559 2252 597 humatus,
2298 556 2317 591 5

406 613 419 628 “
435 610 577 654 quidam
600 610 719 653 iniqua
750 610 944 653 cupiditate
968 619 1165 647 succensus,
1189 609 1263 641 eius
1286 609 1508 651 sepulchrum
1539 615 1647 641 noctu
1677 609 1821 651 aperuit,
1845 615 1880 642 et
1902 610 2071 654 quidquid
2094 610 2129 643 in
2152 620 2253 643 orna-

405 665 556 698 “mentis
580 665 653 696 eius
677 664 832 706 corporis
855 664 1020 706 repperit,
1043 662 1198 695 abstulit:
1224 662 1281 694 cui
1314 662 1434 695 beatus
1464 662 1640 706 Johannes
1670 673 1734 705 per
1762 663 1931 696 uisionem
1959 674 2142 707 apparens,
2173 675 2254 698 cum

405 721 419 736 ‘⁴
432 719 657 751 uehementer
680 718 878 755 conterruit,
896 717 996 760 eique
1013 717 1116 749 dixit:
1142 726 1204 748 cur
1219 726 1318 748 ausus
1333 726 1368 748 es
1384 719 1508 759 corpus
1523 717 1621 748 istius
1635 716 1779 748 hominis
1800 717 2030 760 contingere?
2041 717 2162 762 fuerit
2175 718 2256 751 licet

406 773 421 789 ‘⁴
434 782 497 803 non
519 775 610 804 recte
631 772 777 812 credens,
802 775 915 807 tamen
941 770 1025 802 mihi
1044 781 1079 802 se
1101 770 1358 802 commendauit.
1405 769 1502 811 ..Quia
1525 770 1643 812 igitur
1673 769 1735 802 hoc
1748 770 1876 814 facere
1902 770 2148 814 presumpsisti
2166 781 2251 804 nun-

405 826 419 842 “
431 836 531 868 quam
555 824 591 856 in
614 835 723 856 meam
746 824 920 855 basilicam
937 823 1095 866 deinceps
1109 823 1306 865 ingressum
1322 823 1465 855 habebis.
1513 823 1619 862 Quod
1636 823 1684 856 ita
1700 823 1833 856 factum
1850 829 1911 856 est.
1957 824 2252 868 Quotiescumque
2279 824 2319 858 10
2347 850 2350 852 ψ

405 879 419 895 “
433 877 523 910 enim
539 877 705 909 uoluisset
720 877 897 908 oraculum
914 876 1008 908 beati
1024 875 1195 919 Johannis
1208 876 1356 919 ingredi,
1372 876 1486 908 statim
1502 887 1522 908 a
1536 876 1750 909 ualidissimo
1766 877 1861 909 uelut
1876 877 2008 920 pugillo
2024 883 2165 922 guttura
2181 877 2254 910 eim

401 930 415 946 ‘⁴
430 931 602 969 feriretur,
627 930 677 962 sic
701 929 816 962 subito
839 935 932 961 retro
948 929 1070 962 ruebat
1085 929 1241 971 inpulsus
1253 927 1275 961 ³.
1322 928 1530 962 Rodoaldus
1553 929 1659 972 igitur
1674 936 1752 972 post
1768 935 1912 962 mortem
1927 930 2035 973 patris
2049 929 2254 974 Langobar-

403 986 417 1001 “
431 984 554 1016 dorum
570 983 760 1025 suscipiens
775 993 930 1025 regnum,
956 982 1242 1026 Gundibergam⁴
1266 982 1371 1014 filiam
1394 982 1642 1015 Theodelinde
1667 983 1786 1027 regine
1810 983 1846 1016 in
1869 983 2085 1017 matrimonio
2107 983 2174 1017 sibi
2196 993 2253 1017 so-

404 1039 418 1054 “
433 1037 545 1070 ciauit.
593 1037 668 1069 Hec
694 1036 919 1079 Gundiberga
940 1036 1071 1079 regina,
1094 1035 1183 1068 sicut
1206 1041 1317 1068 mater
1341 1036 1416 1068 eius
1445 1036 1481 1068 in
1504 1034 1673 1074 Modicia,
1696 1036 1747 1069 sic
1771 1043 1805 1070 et
1827 1038 1892 1069 ista
1915 1037 2006 1070 intra
2030 1037 2253 1070 Ticinensem

401 1091 416 1107 “
432 1090 604 1123 ciuitatem
628 1089 804 1122 basilicam
828 1090 864 1120 in
881 1089 1047 1121 honorem
1064 1089 1157 1120 beati
1173 1088 1338 1121 Iohannis
1361 1089 1513 1131 Baptiste
1530 1090 1730 1129 construxit,
1747 1101 1849 1133 quam
1870 1090 1954 1122 mire
1978 1100 2022 1123 ex
2038 1100 2122 1124 auro
2145 1095 2182 1123 et
2196 1101 2253 1123 ar-
2277 1087 2324 1123 15-

403 1146 417 1161 “
430 1149 546 1187 gente,
570 1143 750 1186 peplisque
774 1142 953 1174 decorauit
977 1142 1148 1184 rebusque
1179 1142 1323 1185 singulis
1338 1141 1468 1184 optime
1485 1141 1607 1175 ditauit
1620 1166 1634 1182 ‚‚
1651 1141 1674 1175 ⁵.
1720 1143 1926 1176 Rodoaldus
1942 1154 2016 1183 reX,
2045 1145 2110 1177 “ut
2131 1143 2252 1184 fertur,

401 1198 509 1230 “dum
532 1206 674 1229 uxorem
699 1195 875 1228 cuiusdam
900 1195 1125 1238 Langobardi
1148 1201 1348 1238 stuprasset,
1380 1194 1423 1227 ab
1448 1196 1571 1228 eodem
1595 1201 1648 1228 est
1669 1196 1884 1235 interfectus,
1911 1203 2094 1240 postquam
2117 1202 2251 1240 septem

227 1262 246 1275 c·
265 1256 321 1280 ¹55⁶
404 1252 418 1267 “
431 1250 552 1283 diebus
577 1256 610 1282 et
635 1250 785 1293 quinque
809 1254 1016 1292 regnauerat
1039 1249 1148 1281 annis.
1195 1248 1287 1280 Huic
1310 1249 1347 1280 in
1363 1247 1534 1291 regimine
1550 1250 1716 1282 successit
1731 1248 1924 1292 Ari'pertus
1939 1250 2028 1282 filius
2044 1249 2252 1289 Gundoaldi,

402 1305 417 1320 “
433 1304 491 1346 qui
514 1304 627 1336 fuerat
652 1313 834 1346 germanus
857 1301 1100 1334 Theodelinde
1123 1302 1254 1346 regine.
1301 1301 1371 1334 Hic
1396 1301 1555 1335 condidit
1579 1302 1671 1344 apud
1701 1302 1864 1336 Ticinum
1895 1309 1994 1335 extra
2015 1308 2151 1346 portam
2175 1312 2252 1336 ora-

404 1359 418 1374 “
433 1357 544 1389 culum
571 1356 699 1389 domini
724 1355 926 1394 Saluatoris,
955 1355 1051 1398 quod
1081 1361 1116 1387 et
1147 1354 1359 1387 ornamentis
1389 1354 1492 1387 uariis
1523 1355 1715 1394 decorauit,
1746 1362 1781 1388 et
1811 1355 2014 1389 substantiis
2044 1355 2253 1389 sufficienter
2274 1356 2318 1390 20
2354 1381 2360 1401 3
2392 1358 2395 1404 ζ

405 1412 418 1427 “
434 1410 557 1443 ditauit
571 1436 585 1452 ,‚
602 1409 624 1443 ⁶.

166 1453 365 1505 Τζξῗοὲιῗέᾑῗέἶζα
490 1464 625 1496 Interea
648 1463 761 1496 Rome
778 1463 934 1495 Iohanne
957 1463 1138 1502 defuncto,
1162 1462 1370 1494 Theodorus
1386 1462 1526 1495 natione
1544 1462 1689 1503 Goecus,
1705 1473 1749 1496 ex
1764 1469 1863 1506 patre
1878 1462 2070 1497 Theodoro
2085 1463 2252 1507 episcopo

396 1517 429 1549 in
453 1517 655 1559 pontificatu
679 1517 840 1550 Romano
864 1517 896 1548 ei
920 1515 1098 1553 successit,
1122 1515 1281 1558 seditque
1305 1515 1405 1547 annis
1428 1525 1467 1547 VI
1490 1515 1663 1548 mensibus
1686 1525 1721 1548 V.
1768 1516 1837 1549 Hic
1854 1516 1976 1549 librum
1992 1516 2250 1559 penitentialem

397 1571 588 1613 composuit
601 1571 623 1611 ⁷,
668 1570 851 1602 Heraclius
874 1579 965 1602 anno
989 1579 1078 1601 xxvr
1103 1575 1263 1612 suscepte
1287 1568 1468 1611 potestatis
1491 1569 1583 1601 diem
1607 1570 1764 1602 ultimum
1789 1570 1922 1603 clausit.
2393 1610 2396 1616 ¹

480 1622 583 1656 Anno
607 1624 651 1656 ab
674 1623 912 1656 incarnatione
936 1623 1067 1655 domini
1089 1622 1312 1655 DCXXXIX
1338 1623 1505 1655 defuncto
1529 1622 1704 1663 Heraclio,
1729 1623 1943 1656 Heraclonas
1958 1623 2068 1657 frater
2083 1624 2158 1657 eius
2173 1633 2252 1657 cum
2274 1621 2316 1656 25

397 1683 505 1709 matre
527 1688 589 1710 sua
612 1677 763 1710 Martina
779 1676 1161 1719 Constantinopolitana
1176 1676 1252 1708 iura
1267 1675 1432 1718 suscepit,
1449 1676 1610 1720 rexitque
1625 1677 1810 1719 imperium
1831 1677 1930 1709 annis
1954 1677 2089 1711 duobus
2103 1683 2138 1710 et
2153 1687 2251 1710 men·
2361 1675 2363 1678 ’
2395 1670 2398 1676 ’

396 1731 489 1763 sibus
515 1731 589 1763 V18.
635 1731 746 1763 Huius
779 1737 934 1773 tempore
973 1730 988 1745 ‘⁴
1002 1731 1115 1774 Cyrus
1145 1729 1372 1768 Alexandrie‚
1406 1729 1550 1772 Sergius
1580 1735 1614 1762 et
1645 1729 1801 1773 Pyrrhus
1830 1731 1926 1774 regie
1955 1730 2051 1763 urbis
2081 1730 2251 1774 episcopi,

402 1787 416 1802 “
429 1781 688 1828 Acephalorum
711 1784 859 1817 heresim
883 1783 1120 1822 instaurantes,
1137 1795 1240 1816 unam
1255 1784 1496 1826 operationem
1520 1783 1555 1815 in
1579 1782 1718 1816 Christo
1742 1785 1970 1824 humanitatis,
1994 1791 2028 1817 et
2051 1784 2252 1824 diuinitatis,

401 1838 415 1854 “
429 1849 601 1881 unamque
625 1838 836 1870 uoluntatem
861 1837 1147 1882 dogmatizabant.
1195 1837 1224 1869 E
1248 1837 1372 1880 quibus
1394 1835 1550 1880 Pyrrhus
1573 1837 1635 1870 sub
1665 1848 1759 1880 papa
1793 1838 1983 1871 Theodoro
2013 1838 2164 1871 Romam
2189 1848 2251 1871 ue·

403 1893 528 1924 “niens
551 1903 593 1924 ex
617 1891 751 1930 Africa,
774 1892 854 1924 ficta
876 1896 913 1924 ut
936 1898 1014 1933 post
1037 1891 1207 1933 apparuit,
1231 1890 1436 1933 penitentia,
1460 1890 1586 1924 obtulit
1617 1891 1732 1924 eidem
1764 1902 1865 1934 pape,
1896 1897 2056 1935 presente
2086 1892 2183 1926 clero
2215 1898 2252 1925 et
2273 1892 2317 1924 30

403 1945 558 1988 “populo
582 1945 737 1978 libellum
762 1955 839 1977 cum
863 1956 924 1977 sua
947 1945 1145 1987 scriptione,
1169 1945 1205 1976 in
1229 1954 1296 1987 quo
1322 1944 1638 1977 condemnarentur
1659 1945 1775 1977 omnia
1798 1956 1865 1988 que
1890 1956 1910 1977 a
1932 1956 1968 1978 se
2004 1945 2059 1978 uel
2082 1956 2104 1977 a
2125 1945 2248 1989 prede·

401 1998 415 2013 ‘⁴
430 1999 623 2032 cessoribus
647 1998 717 2031 suis
739 1999 869 2040 scripta
890 1998 949 2030 uel
973 2003 1052 2030 acta
1068 2003 1147 2030 sunt
1162 1998 1329 2031 aduersus
1345 1997 1553 2030 catholicam
1571 1997 1685 2030 fidem.
1723 1998 1827 2030 Unde
1847 2004 1882 2030 et
1897 1998 2048 2042 benigne
2071 2003 2251 2042 susceptus

162 1613 303 1633 Heraclonas
324 1614 368 1633 He-

187 1641 273 1659 rachus

226 1672 239 1686 a
263 1668 275 1685 6

276 1672 302 1691 ³9

489 2133 510 2150 1.
529 2127 651 2150 edictum
671 2134 764 2151 manca
788 2128 815 2151 in
835 2128 874 2155 Β;
895 2140 904 2145 -
926 2128 955 2151 in
984 2134 1077 2151 manca
1102 2127 1129 2151 in
1150 2127 1176 2151 B
1195 2140 1228 2144 -
1249 2133 1271 2151 2.
1292 2127 1430 2151 uenerunt
1455 2126 1533 2150 Sam
1558 2139 1566 2144 -
1587 2126 1657 2150 anni
1678 2126 1702 2152 C
1719 2139 1728 2144 —
1754 2126 1887 2151 Tusciam
1908 2128 1931 2152 C
1949 2141 1982 2144 —
2002 2133 2026 2159 3.
2052 2127 2154 2152 lictore
2173 2127 2199 2154 C
2214 2139 2249 2146 —

398 2179 420 2202 4.
435 2171 473 2195 VI
492 2173 519 2196 et
539 2172 681 2195 mensibus
700 2178 736 2203 Β]
753 2172 776 2197 C
788 2185 820 2189 —
834 2177 890 2204 4-5.
911 2171 1061 2196 Radoaldo
1078 2173 1116 2201 Β;
1130 2172 1154 2195 Α
1168 2172 1192 2197 C
1207 2167 1475 2202 conformipmws,
1495 2171 1542 2195 loc.
1561 2172 1606 2196 cit.
1625 2171 1671 2199 IV,
1685 2177 1781 2195 XLvnt
1802 2185 1810 2189 -
1831 2171 1953 2203 reliquid
1970 2171 1994 2196 C
2010 2185 2021 2190 -
2039 2172 2157 2197 Ioanni·
2175 2171 2252 2197 Saxo

397 2229 430 2233 —
451 2215 474 2240 6.
497 2217 594 2247 inique
613 2216 784 2248 aupiditatIs
805 2218 828 2241 C
846 2230 854 2234 -
875 2217 1034 2249 sepulcrum
1056 2217 1081 2241 Β
1099 2225 1112 2240 e
1131 2217 1208 2241 Sauo
1227 2230 1236 2234 -
1257 2217 1388 2249 apperuit
1409 2217 1433 2241 C
1450 2228 1460 2234 —
1480 2216 1547 2247 quid
1562 2223 1614 2240 non
1633 2216 1771 2248 quidquid
1787 2217 1810 2241 C
1822 2229 1855 2235 --
1876 2223 1900 2249 7.
1920 2217 2025 2249 reperit
2043 2216 2134 2247 Saum
2153 2216 2252 2243 ABG

393 2259 523 2289 conformi
540 2259 663 2289 PAums,
684 2261 730 2291 lv,
750 2267 832 2285 vau
853 2274 884 2279 —·
904 2269 928 2293 9.
950 2261 1037 2286 michi
1059 2262 1125 2287 0-
1148 2268 1187 2286 10.
1208 2262 1463 2293 quocienscumque
1487 2260 1511 2284 C
1527 2274 1559 2277 —
1580 2267 1630 2293 ⁴13.
1644 2261 1767 2293 Joannis
1787 2261 1863 2286 Sasso
1883 2275 1915 2278 -—
1946 2267 1985 2286 12.
2004 2261 2171 2287 Radoaldus
2189 2263 2252 2288 Bc

354 2310 367 2334 5
397 2312 410 2327 e
429 2304 506 2328 Sasso
525 2319 557 2321 —
576 2312 619 2337 39.
639 2306 734 2338 regine
755 2307 784 2329 in
805 2306 991 2330 matrimonio
1011 2307 1066 2331 sibi
1087 2307 1113 2330 B
1130 2314 1143 2330 ι
1163 2306 1239 2330 Sasso
1260 2320 1292 2323 —
1311 2312 1354 2337 40.
1373 2305 1522 2330 Medicina
1543 2304 1567 2328 C
1584 2319 1617 2322 —
1636 2312 1678 2338 41.
1693 2306 1815 2338 Joannis
1834 2305 1910 2330 Sam
1930 2319 1938 2324 -
1959 2313 1995 2330 ex
2012 2313 2105 2330 manca
2124 2306 2152 2331 in
2174 2305 2199 2331 C
2214 2320 2248 2325 -

399 2354 438 2380 17.
458 2350 626 2381 struprasset
648 2350 670 2373 C
689 2364 720 2366 —
742 2349 779 2374 18.
799 2349 946 2375 Gundaldi
968 2351 993 2375 B
1010 2358 1023 2374 e
1042 2350 1121 2374 Sasso
1140 2364 1172 2368 —
1195 2357 1234 2381 19.
1255 2352 1323 2383 aput
1347 2350 1370 2373 C
1387 2363 1420 2366 —-
1440 2355 1482 2374 20.
1501 2349 1675 2374 substanclls
1696 2350 1719 2374 C
1736 2362 1769 2367 —
1790 2356 1832 2383 27.
1852 2350 1921 2374 anni
1940 2350 2053 2375 domini
2072 2351 2099 2375 B
2115 2357 2130 2375 e
2146 2349 2224 2375 Sam
2239 2363 2249 2370 -

398 2393 582 2418 Heraclonias
605 2393 639 2423 C·,
663 2394 701 2417 La
712 2393 806 2424 forma
824 2395 997 2419 Heraclonas
1016 2395 1148 2419 richrama
1167 2395 1196 2419 al
1210 2397 1316 2426 gruppo
1336 2395 1362 2418 D
1381 2395 1426 2418 dei
1446 2393 1508 2419 Cod-
1527 2393 1559 2417 dd
1569 2393 1687 2419 PAULus
1704 2395 1739 2418 da
1756 2395 1803 2419 cui
1819 2394 1845 2418 R
1862 2396 1964 2427 attinge
1983 2408 2015 2412 —
2031 2400 2072 2427 27.
2092 2393 2177 2420 Cim!
2197 2396 2221 2421 C
2237 2407 2249 2415 -

397 2436 493 2461 Pii-rus
513 2438 537 2462 C
555 2451 587 2456 —
607 2437 648 2462 28.
668 2440 849 2471 operationis
870 2440 894 2464 C
907 2453 939 2456 —
953 2446 996 2471 30.
1016 2440 1181 2472 penitencia
1201 2439 1310 2472 optulit
1333 2439 1356 2463 C
1374 2452 1405 2456 —
1426 2445 1469 2471 31.
1488 2438 1576 2470 Lege.-
1597 2439 1808 2471 subscriptione
1826 2442 1924 2464 amwta
1938 2440 2023 2464 Sasso.
2038 2438 2097 2464 Coei
2108 2438 2250 2470 insulula

396 2482 484 2510 Bam,
504 2483 545 2506 De
562 2490 607 2507 sex
623 2484 754 2508 aetatibus
772 2485 868 2508 mundi
887 2498 894 2502 -
915 2484 1170 2516 condempnaretur
1187 2483 1210 2508 C

341 2595 371 2611 10
488 2587 494 2603 ¹
515 2589 638 2618 ΡΛυιυε,
660 2591 780 2621 loc.cit.‚
796 2599 813 2615 n
827 2592 959 2616 tralascia
973 2592 995 2615 il
1010 2594 1084 2616 resto
1099 2593 1143 2616 del
1158 2592 1295 2624 capitolo.
1440 2588 1451 2605 ⁵
1471 2597 1490 2614 R
1510 2590 1583 2615 salta
1604 2591 1625 2614 il
1646 2592 1721 2615 resto
1740 2590 1785 2615 del
1804 2590 1931 2623 capitolo
1949 2597 1965 2615 e
1984 2591 2120 2615 riattaccn
2144 2590 2191 2615 col
2210 2597 2251 2615 se-
2279 2596 2314 2616 20

486 2629 497 2646 ²
517 2638 534 2655 R
554 2632 715 2664 congiunge
742 2634 763 2657 il
790 2635 883 2666 primo
910 2634 1028 2667 periodo
1054 2634 1083 2658 di
1104 2634 1227 2662 PAULus,
1247 2634 1294 2662 IV,
1352 2633 1457 2664 guento
1475 2631 1601 2657 XLVIII.

399 2678 462 2699 xrs.
482 2674 526 2697 col
554 2680 658 2703 vanr,
685 2675 757 2699 dove
785 2675 852 2708 pero
879 2684 895 2700 a
921 2675 1022 2700 Rotari
1041 2684 1120 2710 ‚sono
1150 2676 1295 2700 attribuiti
1440 2671 1452 2689 ⁶
1470 2681 1489 2698 R
1509 2682 1562 2706 pur
1581 2674 1725 2707 coplando
1744 2674 1870 2704 Pactus,
1889 2675 1936 2704 IV,
1948 2680 2052 2704 nvnx,
2072 2674 2139 2699 nell'
2147 2673 2251 2699 ultimo

400 2714 487 2738 sedlci
508 2716 577 2739 anni
591 2724 604 2740 e
623 2718 738 2748 quattro
759 2719 828 2742 mesi
848 2719 876 2742 di
898 2727 992 2751 regno.
1352 2716 1471 2748 periodo
1486 2717 1563 2740 muta
1583 2716 1611 2740 la
1622 2717 1816 2749 disposizione
1829 2716 1859 2741 di
1873 2716 1973 2741 alcune
1988 2716 2055 2740 frasi
2071 2724 2085 2740 e
2099 2723 2133 2740 ne
2146 2717 2251 2741 omette

487 2756 497 2772 ³
518 2765 536 2781 R
555 2760 659 2783 omette
679 2761 706 2783 in
728 2762 853 2792 scguito:
877 2762 889 2774 ‘¹
901 2762 1058 2786 Veritatem
1079 2763 1108 2786 in
1123 2762 1241 2787 Christo
1255 2763 1295 2787 lo·
1352 2757 1469 2788 qualche
1489 2757 1571 2782 altra·

341 2808 368 2833 15
402 2800 505 2831 “quon
525 2801 577 2824 hoc
598 2802 670 2825 mihi
689 2802 750 2834 ipse
770 2803 865 2827 retunt
885 2804 934 2835 qui
954 2804 1006 2827 hoc
1020 2804 1112 2835 ipsum
1127 2806 1185 2828 suis
1205 2806 1296 2830 oeulis
1423 2798 1434 2814 ⁷
1472 2799 1501 2823 L.
1531 2800 1561 2824 P·
1592 2800 1613 2831 Ι,
1638 2807 1705 2833 331:
1734 2800 1805 2824 “-·--
1838 2800 1912 2824 sedit
1943 2808 2008 2824 ann·
2040 2806 2081 2831 vr,
2107 2807 2194 2824 mens·
2221 2806 2249 2829 v,
2277 2807 2310 2835 ις

401 2842 414 2853 “
428 2842 531 2865 factum
554 2843 627 2866 vidit
638 2860 662 2873 ῃ.
690 2844 819 2869 Avverto
843 2847 891 2877 qui
916 2846 966 2870 che
989 2846 1017 2870 la
1037 2846 1128 2871 forma
1153 2847 1295 2872 “validis-
1352 2842 1413 2866 dies
1432 2848 1519 2867 xv111.

401 2883 412 2895 “
426 2883 499 2907 simo
522 2885 598 2909 velut
623 2887 768 2917 pugillom
795 2889 891 2912 invcce
919 2888 949 2912 di
980 2888 993 2901 ‘⁴
1007 2888 1098 2921 pugili
1111 2907 1135 2919 η,
1158 2889 1296 2915 dimostra
1440 2883 1451 2899 ⁸
1472 2885 1596 2912 PAums.
1617 2885 1663 2913 IV,
1683 2891 1761 2910 XUX·
1781 2892 1799 2909 R
1820 2885 1864 2909 ¹²21
1886 2888 2020 2918 COfflPUtO
2034 2885 2110 2918 degn
2131 2886 2198 2909 anni
2219 2885 2247 2910 di

401 2925 451 2949 che
472 2933 488 2949 R
511 2925 588 2957 segni
609 2927 637 2951 la
656 2928 745 2953 classe
760 2937 783 2957 u,
807 2937 816 2953 1
837 2937 851 2953 e
872 2937 885 2953 2
907 2930 952 2954 dei
972 2930 1061 2955 codd,
1082 2931 1109 2955 di
1130 2930 1228 2956 paolo,
1354 2934 1440 2957 regno
1460 2926 1549 2951 fonde
1569 2928 1577 2950 i
1599 2927 1652 2951 due
1672 2929 1740 2951 anni
1762 2927 1812 2952 che
1834 2927 1921 2952 Paolo
1943 2928 2111 2952 attribuisce
2134 2927 2168 2952 ad
2182 2926 2248 2952 Era-

488 2967 498 2981 ‘¹
520 2975 537 2992 R
558 2969 645 2994 salta:
668 2970 681 2982 ’ί
693 2970 811 3003 Agilulfi
831 2974 857 2995 ct
871 2990 892 3000 W
1353 2968 1436 2992 clone
1456 2969 1531 3000 cogli
1553 2969 1622 2993 altri
1643 2970 1682 2993 sei
1697 2970 1766 2994 mesi
1779 2970 1839 2994 dati
1853 2970 1880 2994 al
1896 2970 1925 2993 di
1939 2969 1979 2994 lui
1996 2969 2111 2994 fratello
2126 2969 2248 2994 Eraclio.
