2398 3470
100 273 186 311 [ΛΑ.
200 281 241 303 m.
253 282 282 303 u.
294 281 318 302 e.
331 274 487 309 (464-477
497 274 640 309 9)-3707]
874 264 1193 303 CHRONICON
1919 262 1968 299 33

0 261 16 294 ζ.»

0 347 19 385 ,ᾖ

0 414 15 425 ἡ
105 403 294 446 “tempora
316 406 532 445 computant.
579 400 748 434 Seleucus
770 397 1009 438 Antiochiam,
1035 396 1242 436 Seleuciam,
1266 395 1484 437 Laodiciam,
1512 395 1677 440 Appiam,
1702 396 1883 437 Edessam,
1907 396 1977 429 Bo-

4 459 25 483 ἰ

6 483 35 541 ἒ
57 533 58 537 =
99 515 256 554 tempore
281 520 302 542 a
324 508 525 542 Tarentinis
547 507 678 541 bellum
702 507 828 551 ingens
850 505 1020 539 Romanis
1044 511 1198 547 exortum
1225 509 1294 537 est:
1321 504 1380 547 qui
1412 514 1490 536 cum
1513 503 1675 547 injuriam
1698 504 1823 548 legatis
1845 504 1978 537 Roma-

100 574 224 597 norum
247 563 427 602 fecissent,
450 563 587 595 Pirrum
611 561 712 604 Epiri
734 570 854 604 regern
879 565 1003 593 contra
1029 560 1211 592 Romanos
1234 558 1271 590 in
1300 557 1468 590 auxilium
1498 558 1772 600 poposcerunt².
1819 558 1883 591 His
1913 558 1978 591 ita-

16 603 76 651 1³:25
99 627 168 661 que
196 627 275 650 cum
298 616 379 649 totis
401 615 536 649 uiribus
558 614 668 658 Epiri,
691 613 886 652 Thessalie,
911 618 946 645 et
969 611 1194 652 Macedonie,
1210 610 1374 644 elefantis
1391 611 1495 644 etiam
1512 610 1638 655 uiginti
1654 611 1788 643 Italiam
1811 611 1919 651 uenit,
1940 617 1976 645 et

21 659 47 689 ζ’·
99 676 155 704 ter
175 681 255 704 cum
277 670 447 703 Romanis
470 668 708 702 cruentissime
733 665 949 700 dimicauit³.
980 665 1134 705 Quinto
1157 665 1296 698 demum
1327 675 1432 705 anno,
1467 674 1511 698 ex
1534 675 1604 708 quo
1627 671 1784 706 uenerat,
1809 664 1853 698 ab
1877 664 1978 698 Italia

98 724 213 758 uictus
236 723 396 768 aufugiit,
421 729 454 756 et
477 722 585 756 multo
608 727 688 765 post
710 720 805 764 apud
828 719 946 765 Argos
967 719 1106 765 Achaje
1128 718 1405 752 florentissimam
1429 718 1552 752 urbem
1568 729 1651 752 saxo
1667 718 1757 751 ictus
1774 717 1976 752 occubuit⁴.

104 778 319 812 “Iudeorum
340 771 693 820 pontifex'maximus
715 773 1005 817 religiosissimus,
1030 783 1071 806 ac
1094 772 1270 816 piissimus
1293 771 1426 816 Symon
1450 771 1541 805 Onie
1558 772 1671 805 clarus
1687 771 1846 805 habetur.
1892 772 1978 805 Post

104 833 120 850 ⁸
133 842 237 876 quem
259 831 448 865 Eleazarus
471 830 584 862 frater
605 829 681 873 ejus
703 827 858 870 suscepit
880 826 1007 870 templi
1031 826 1277 860 ministerium:
1303 826 1375 858 filio
1400 825 1475 869 ejus
1499 826 1593 859 Onia
1615 825 1763 869 paruulo
1787 826 1975 859 admodum

27 884 78 925 10
106 883 314 919 '‘derelicto.
360 884 531 917 Seleucus
554 882 590 915 in
614 892 675 914 eas
697 881 812 920 urbes,
836 891 923 925 quas
946 886 1158 921 extruxerat,
1177 879 1310 924 Judeos
1333 880 1516 919 transfert;
1540 880 1663 924 Judeis
1687 880 1819 912 ciuium
1844 886 1880 913 et
1901 891 1976 912 mu-

103 938 318 981 “nicipalem
342 937 500 974 ordinem
525 945 602 968 cum
627 934 752 968 Grecis
776 934 893 977 equali
915 934 1050 966 honore
1076 933 1277 966 concedens
1290 957 1322 973 „.
1369 933 1421 966 Eo
1437 939 1596 976 tempore
1614 931 1754 966 condite
1770 944 1792 966 a
1806 933 1978 966 Romanis

100 991 260 1026 ciuitates
282 990 462 1023 Ariminus
485 989 521 1023 in
544 988 670 1028 Gallia,
695 993 731 1020 et
754 988 995 1020 Beneuentum
1018 988 1055 1020 in
1078 987 1257 1030 Sampnio.
1304 987 1409 1020 Tunc
1434 987 1538 1020 etiam
1561 998 1582 1019 a
1604 986 1775 1020 Romanis
1798 986 1979 1020 Chrotona

0 1078 1 1086 ,
41 1040 45 1043 ’
99 1045 275 1080 inuaditur
286 1044 310 1078 ⁵.
357 1043 558 1078 Sallentinis
580 1043 617 1075 in
633 1041 764 1086 Apulia
779 1041 909 1075 bellum
932 1041 1105 1074 indictum
1128 1047 1181 1074 est
1203 1052 1224 1073 a
1248 1041 1430 1081 Romanis,
1447 1047 1483 1074 et
1505 1040 1706 1075 Brundisini
1732 1050 1811 1073 cum
1835 1041 1977 1074 ciuitate

43 1129 47 1137 ,
99 1100 195 1144 capti
217 1105 306 1133 sunt.
353 1099 555 1132 Ieronimus.
580 1097 665 1131 Post
687 1096 928 1130 Alexandrum
951 1095 1154 1130 Ptolomeus
1176 1095 1267 1141 Lagi
1283 1095 1375 1128 filius
1391 1095 1521 1138 primus
1536 1095 1698 1139 regnauit
1714 1095 1750 1128 in
1766 1095 1908 1140 Egypto
1923 1095 1979 1128 uir

37 1151 76 1187 15
99 1152 396 1197 prudentissimus,
421 1158 455 1185 et
477 1150 695 1190 fortissimus,
719 1156 823 1194 atque
848 1149 1045 1190 ditissimus,
1070 1150 1125 1182 et'
1150 1155 1244 1183 tante
1268 1149 1434 1192 potentie,
1459 1155 1497 1182 ut
1520 1149 1659 1182 Pirrum
1674 1159 1794 1193 regem
1810 1149 1975 1192 Epirota·
2012 1165 2032 1179 c.
2062 1165 2074 1179 2

101 1218 176 1240 rum
198 1207 380 1250 expulsum
402 1205 601 1239 restitueret
623 1204 660 1236 in
682 1214 840 1248 regnum,
864 1203 1009 1248 ijrum
1032 1213 1173 1248 quoque
1197 1203 1383 1246 optineret,
1402 1214 1444 1236 ac
1461 1203 1644 1236 Fenicem:
1671 1202 1720 1236 et'
1743 1202 1885 1236 deuicto
1902 1203 1973 1236 De-

99 1260 222 1294 metrio
245 1260 315 1294 filio
337 1258 531 1303 Antjgnoni
556 1258 706 1292 Seleuco
729 1263 865 1300 partem
887 1258 988 1302 regni
1010 1258 1074 1297 sui,
1098 1268 1166 1301 que
1190 1256 1368 1301 Antigono
1392 1257 1510 1291 fuerat
1533 1257 1659 1298 ablata,
1682 1257 1894 1298 restitueret,
1911 1257 1978 1290 Ca-

99 1314 186 1349 riam
209 1325 347 1359 quoque
373 1314 559 1380 optineret,
583 1318 619 1345 et
642 1311 768 1346 multas
790 1311 931 1351 insulas,
954 1312 1141 1356 urbesque,
1174 1322 1216 1345 ac
1247 1311 1423 1357 regiones,
1454 1310 1499 1345 de
1531 1311 1656 1357 quibus
1687 1321 1757 1346 non
1790 1317 1842 1346 est
1874 1311 1978 1357 hujus

100 1364 313 1410 temporibus
335 1362 526 1399 scribere&

35 1446 79 1508 26
959 1471 1118 1505 Orosius:

100 1714 222 1747 missus
245 1714 280 1746 in
304 1712 467 1746 Africam
489 1719 570 1756 post
591 1712 775 1746 uictoriam
798 1712 901 1746 trium
926 1713 1054 1746 ducum
1086 1713 1413 1757 Carthaginensium
1445 1721 1530 1757 aput
1550 1714 1695 1747 fluuium
1718 1715 1882 1758 Bagrada
1904 1725 1979 1748 ser·

35 1766 76 1802 25
99 1774 242 1812 pentem
264 1767 353 1801 mire
375 1767 624 1812 magnitudinis
649 1766 789 1808 occidit,
814 1767 913 1811 cujus
936 1767 1071 1801 corium
1094 1778 1168 1801 cxx
1190 1768 1319 1811 pedum
1335 1768 1591 1812 longitudinem
1607 1769 1738 1810 habuit,
1754 1769 1976 1814 Romamque

101 1821 255 1856 delatum
278 1821 482 1866 aliquandiu
506 1821 643 1854 cunctis
667 1820 838 1854 miraculo
867 1820 972 1855 fuit⁸.
995 1821 1249 1855 111DCCV11⁹.

195 1873 423 1906 “Ptolomeus
446 1872 640 1906 Filadelfus
664 1872 745 1905 anni
769 1882 912 1905 xxxvm
925 1896 940 1913 ‚,
953 1871 976 1890 ¹⁰
1000 1873 1070 1906 Iste
1093 1873 1237 1916 quidem
1260 1874 1435 1906 secundus
1450 1883 1513 1906 rex
1533 1874 1663 1918 Egypti
1686 1874 1859 1907 Ptolomei
1874 1885 1978 1918 supe-

98 1926 199 1960 rioris
221 1926 312 1959 filius
339 1926 511 1971 “Judeos‚
536 1926 595 1970 qui
617 1926 655 1959 in
679 1925 821 1970 Egypto
844 1932 954 1967 erant,
978 1926 1107 1960 liberos
1130 1937 1206 1960 esse
1229 1927 1388 1970 permisit
1403 1952 1434 1968 „‚
1459 1934 1494 1960 et
1516 1939 1599 1960 uasa
1624 1928 1795 1973 Eleazaro
1818 1928 1977 1971 pontifici

99 1978 136 2012 in
157 1980 351 2024 Jerusalem
374 1979 494 2013 uotiua
516 1979 732 2023 promittens,
757 1978 893 2013 diuinas
916 1979 1117 2023 Scripturas
1141 1991 1184 2013 ex
1207 1979 1339 2013 hebreo
1362 1981 1399 2012 in
1423 1985 1565 2024 grecam
1589 1981 1743 2025 linguam
1778 1992 1858 2014 cum
1882 1982 1979 2015 omni

36 2033 78 2068 30
100 2033 214 2067 studio
237 2033 427 2066 transferre
453 2033 598 2073 curauit,
623 2044 709 2077 quas
731 2033 769 2065 in
792 2032 1035 2067 Alexandrina
1057 2033 1271 2067 bibliotheca
1294 2033 1426 2074 habuit,
1444 2045 1548 2077 quam
1564 2034 1633 2068 sibi
1650 2046 1694 2068 ex
1710 2035 1819 2068 omni'
1844 2045 1974 2079 genere

100 2085 276 2120 literature
300 2092 559 2130 composuerat:
585 2087 683 2131 cujus
707 2085 919 2120 bibliothece
943 2086 1077 2130 prefuit
1099 2087 1295 2121 Demetrius
1318 2088 1511 2121 Phalereus
1521 2087 1552 2122 ¹¹.
1599 2089 1698 2121 Idem
1721 2089 1817 2132 apud
1841 2089 1979 2122 Grecos

100 2145 218 2174 orator
241 2146 276 2174 et
299 2140 456 2174 filosofus
480 2140 693 2181 Ptolomeus,
724 2141 739 2158 ‘⁶
752 2146 919 2184 tanteque
943 2141 1099 2184 potentie
1123 2141 1230 2175 fuisse
1253 2147 1425 2183 narratur,
1449 2148 1487 2175 ut
1509 2142 1712 2175 Ptolomeus
1739 2149 1876 2186 patrem
1898 2143 1976 2175 uin-

105 2194 121 2212 “
134 2200 227 2228 ceret
237 2218 268 2236 „.
314 2194 467 2228 Narrant
489 2194 582 2228 enim
604 2194 761 2234 historie,
785 2194 946 2228 habuisse
960 2205 1039 2228 eum
1055 2194 1213 2240 peditum
1230 2201 1371 2229 centum
1387 2196 1506 2236 millia,
1529 2198 1544 2214 “
1558 2197 1713 2241 equitum
1730 2196 1854 2242 uiginti
1870 2197 1975 2236 milia,

191 2332 215 2352 1.
231 2324 379 2352 seleuchus
395 2326 456 2351 AB
469 2325 493 2350 C
509 2338 542 2344 -
563 2332 589 2351 2.
607 2325 715 2351 Bellam
733 2325 759 2350 A
774 2339 805 2344 --
821 2334 846 2359 4.
860 2326 959 2351 Pirum
973 2327 998 2352 A
1017 2340 1028 2346 -
1041 2327 1129 2362 Epyri
1141 2328 1169 2352 B
1182 2327 1206 2352 C
1218 2342 1249 2346 —
1265 2333 1291 2360 5.
1309 2328 1399 2363 Epyri
1417 2329 1444 2352 B
1457 2328 1481 2353 C
1496 2341 1508 2347 -
1520 2328 1682 2361 elephantis
1694 2328 1721 2352 B
1736 2328 1802 2352 (5—
1826 2325 1864 2352 16.
1878 2327 1977 2360 expul-

100 2373 168 2393 susn
180 2366 240 2401 (sic)
252 2367 277 2392 A
296 2381 330 2387 —
345 2367 434 2401 16-17.
454 2368 602 2394 Demetrio
619 2368 644 2393 Α
657 2381 690 2386 -
707 2369 749 2394 18.
762 2368 906 2394 obtineret
923 2369 950 2393 B
962 2382 973 2388 -
985 2370 1071 2395 huius
1091 2371 1120 2395 in
1144 2370 1167 2395 C
1176 2371 1307 2403 aggiunto
1317 2372 1533 2403 posteriormente
1546 2384 1578 2388 -
1596 2378 1639 2404 ²3·
1658 2370 1766 2396 Atilius
1783 2370 1807 2394 C
1817 2383 1850 2388 --
1866 2375 1909 2401 27.
1928 2370 1976 2395 Fi-

98 2409 228 2435 llndelfus
245 2410 270 2435 A
284 2424 317 2429 -
337 2418 380 2444 30.
398 2418 469 2443 quas
491 2410 514 2435 C
530 2424 564 2428 —
582 2417 627 2443 31.
640 2412 863 2443 composuerunt
887 2411 911 2436 C
926 2424 937 2430 -
956 2412 1093 2437 Phalerus
1110 2412 1154 2441 A,-
1172 2416 1267 2438 accetto
1287 2413 1314 2437 la
1333 2413 1430 2438 lenione
1449 2414 1480 2437 di
1496 2414 1522 2437 B
1536 2413 1559 2438 C
1570 2413 1623 2445 pia
1641 2412 1775 2444 conforme
1794 2412 1823 2437 al
1839 2411 1975 2444 Φαλερεύς

100 2451 132 2477 R
145 2451 255 2482 ssavia:
272 2453 334 2478 vaedx‘
349 2455 410 2478 nota
428 2459 447 2483 9
465 2466 499 2472 -—
519 2459 561 2485 32·
579 2453 733 2487 filosophus
755 2453 779 2477 C
796 2466 807 2472 -
826 2454 958 2486 potencIs
975 2454 999 2478 C
1015 2469 1048 2474 —
1068 2462 1159 2489 32-33.
1184 2455 1207 2480 C
1223 2456 1257 2480 da·
1267 2457 1360 2488 prima
1379 2464 1472 2481 mano:
1493 2456 1605 2482 vincere

94 2588 205 2622 tegula
224 2589 260 2615 dn
278 2590 362 2622 Beda,
381 2590 432 2615 che
452 2591 531 2615 muta
549 2590 571 2616 u
588 2591 703 2615 Nicator
721 2591 751 2615 ln
771 2590 899 2616 Nicanor.
1058 2592 1129 2626 grafi
1153 2593 1203 2619 clt.
1228 2594 1342 2628 riporta
1368 2595 1484 2626 qualche
1503 2594 1580 2620 irase
1605 2602 1623 2620 ο
1643 2594 1757 2629 parola3
1776 2592 1844 2624 cosi,
1871 2594 1906 2619 ad
1928 2601 1969 2619 es.

20 2151 26 2258 l

22 2264 28 2317 l

29 2523 38 2759 ἱ
56 2549 71 2578 s
183 2544 194 2563 ¹
213 2546 353 2579 Onosrus,
370 2547 419 2579 111,
440 2554 483 2580 ²3.
496 2549 513 2573 6
525 2555 567 2582 sg.
582 2547 620 2581 (p.
640 2554 673 2581 9²
687 2547 759 2581 sgg.)
780 2546 795 2572 ὲ
814 2548 842 2574 la
854 2547 935 2574 fonte
952 2549 1002 2582 qui
1148 2548 1160 2566 ⁸
1180 2550 1321 2583 Onosrus‚
1339 2550 1390 2584 IV,
1409 2553 1434 2583 8,
1453 2551 1517 2584 6-15
1538 2550 1579 2584 (p.
1601 2558 1660 2584 113,
1677 2550 1747 2584 1¹4)-
1785 2559 1804 2576 ιι
1823 2550 1873 2576 dai
1890 2558 1972 2585 para-

182 2671 194 2690 ⁸
213 2674 352 2706 Onosms,
371 2675 418 2706 lv,
442 2682 466 2706 1,
484 2674 510 2701 6.
1059 2676 1072 2690 “
1084 2678 1207 2703 Romam
1221 2678 1367 2704 deuictum
1380 2693 1408 2697 —
1424 2679 1501 2713 quod
1514 2678 1602 2704 fuisse
1617 2680 1731 2704 centum
1744 2679 1852 2713 uiginti
1865 2678 1970 2712 pedum

183 2714 197 2732 ⁴
215 2717 355 2747 Onosxus,
372 2717 421 2748 IV,
442 2724 466 2748 2,
486 2721 502 2749 7
522 2716 560 2751 (p.
582 2716 654 2750 103).
1060 2719 1074 2733 ¹
1085 2720 1182 2754 spatio
1200 2720 1298 2745 ferunt
1323 2734 1357 2740 —
1383 2721 1560 2755 aliquamdiu
1585 2721 1696 2746 cunctis
1716 2722 1854 2746 mii-uculo
1876 2721 1936 2746 fuit
1944 2739 1970 2754 ,μ

53 2763 72 2783 ο
157 2767 160 2773 ·
182 2755 195 2774 ⁸
212 2759 284 2784 Hist.
303 2758 394 2788 Mtsc..
412 2759 461 2785 lib.
479 2759 515 2791 11,
536 2766 569 2784 22
592 2758 632 2793 (p.
651 2758 706 2792 36).
1057 2761 1168 2790 Questa
1186 2761 1262 2786 frase
1287 2763 1311 2786 si
1336 2763 1421 2788 trova
1442 2770 1520 2794 pure,
1544 2769 1598 2788 con
1624 2762 1740 2795 qualche
1758 2763 1890 2788 variante
1910 2763 1968 2787 nel-

183 2797 196 2816 ⁸
214 2799 262 2828 cf.
279 2801 408 2827 meius
420 2802 576 2833 imiamins,
590 2804 629 2834 op.
643 2802 701 2830 cit„
714 2802 740 2825 B
752 2801 900 2835 δωδεκάτη,
916 2810 930 2828 2
944 2811 1000 2836 ,ἐς
1057 2804 1075 2829 1'
1084 2805 1155 2829 Hist.
1175 2804 1266 2834 Mu'sc„
1285 2805 1335 2830 lib.
1354 2804 1391 2835 11,
1410 2806 1444 2831 28
1465 2805 1504 2839 (p.
1525 2804 1578 2837 41).

94 2891 162 2917 ims,
185 2885 282 2912 Comm.
300 2887 331 2911 in
349 2887 502 2915 Danielem,
516 2894 578 2920 cap.
591 2886 640 2918 XT,
659 2895 687 2912 n.
702 2892 752 2920 703
767 2894 782 2912 e
796 2892 866 2920 7043
885 2888 1000 2920 Misus,
1056 2889 1103 2914 del
1123 2897 1228 2923 regno3
1247 2890 1322 2915 Beda
1341 2889 1462 2916 l’intero
1482 2890 1600 2923 periodo
1621 2890 1664 2915 del
1681 2897 1784 2923 regno:
1803 2890 1968 2924 3669-3707.

94 2926 152 2954 vol·
168 2927 226 2959 eit..
244 2935 274 2961 p.
293 2933 355 2961 559.
1128 2929 1151 2947 ¹⁰
1169 2932 1254 2964 Dopo
1274 2933 1374 2964 questo
1394 2932 1514 2966 periodo
1535 2934 1564 2957 ln
1585 2932 1658 2957 Beda
1678 2939 1776 2965 segue=
1798 2932 1968 2958 “Sostratus

6 2994 10 3002 ,
30 2986 33 2987 ν
54 2975 69 3003 ς
183 2968 196 2986 ⁷
213 2970 255 2996 La
276 2970 457 2997 Indicazione
476 2971 502 2996 d’
510 2971 616 2997 Oresio
641 2972 690 3004 qui
709 2970 724 2997 ὲ
743 2973 852 2998 errata:
871 2972 898 2997 la
917 2972 1000 2999 fonte
1058 2973 1135 2999 “etc.
1146 2991 1170 3006 η.
1189 2980 1209 2997 R
1227 2974 1273 2999 del
1285 2981 1347 3007 cap.
1359 2974 1484 3000 bediano
1498 2975 1546 3008 qui
1560 2974 1598 2999 ha
1612 2975 1755 3007 rIportato
1769 2975 1855 3008 pochi
1874 2976 1967 3007 brani,

94 3009 187 3036 unde
204 3018 224 3037 ι
240 3013 331 3038 trasse
356 3013 461 3038 siffatte
481 3013 588 3039 notizie
612 3012 627 3039 ὲ
646 3013 674 3038 la
694 3014 768 3040 Hist.
786 3014 877 3043 Μίνω,
897 3014 946 3040 lib.
963 3015 999 3047 11,
1056 3017 1231 3042 mutandone
1249 3016 1378 3043 l'ordine.

104 458 260 496 “rocam,
292 461 327 488 et
357 455 490 488 Pellam
520 453 639 487 urbes'
671 452 856 492 condidit„
877 453 898 485 ¹.
950 451 1055 484 Anno
1087 451 1224 484 scilicet
1254 450 1299 483 ab
1330 449 1417 482 urbe
1449 450 1591 483 condita
1615 449 1869 484 CCCCLXIV.
1918 449 1971 483 Eo
2009 445 2031 487 τ’,
2047 445 2072 486 ξ

157 1555 166 1559 ”
191 1553 297 1588 Anno
321 1553 365 1587 ab
389 1553 476 1586 urbe
501 1552 643 1586 condita
665 1552 973 1593 CCCCLXXVII,
999 1562 1077 1585 cum
1094 1553 1228 1585 clarum
1243 1553 1339 1587 urbis
1354 1553 1470 1587 Rome
1492 1563 1634 1586 nomem
1651 1559 1752 1593 esset,
1776 1564 1900 1587 census
1924 1559 1977 1587 est
2013 1570 2034 1585 a.

100 1606 248 1641 habitus.
293 1607 397 1640 Tunc
420 1607 563 1639 inuenta
586 1612 664 1639 sunt
689 1606 818 1639 ciuium
842 1606 959 1649 capita
983 1606 1137 1640 ducenta
1163 1606 1354 1650 nonaginta
1382 1607 1451 1639 duo
1478 1607 1575 1640 milia
1607 1617 1794 1640 cccxxxiv
1818 1618 1861 1640 eo
1892 1613 1978 1641 tem-

0 1660 14 1757 ,ἱ
99 1670 186 1704 pore
209 1665 374 1722 argentus
397 1670 556 1692 nummus
579 1659 727 1702 primum
751 1658 787 1691 in
809 1659 896 1692 urbe
920 1659 1087 1703 figuratus
1111 1665 1163 1693 est
1177 1659 1200 1693 ⁷.
1247 1660 1350 1693 Tunc
1375 1660 1479 1693 etiam
1501 1659 1644 1693 Attilius
1667 1661 1827 1705 Regulus
1856 1661 1978 1694 consul

0 1723 5 1742 l

2012 272 2089 297 Mun„
2102 277 2136 294 cc.
2152 272 2214 297 36-37

2011 1215 2090 1238 Mun..
2105 1220 2126 1235 e.
2142 1219 2167 1239 37

2051 1570 2073 1584 u·
2089 1569 2127 1589 477
2137 1565 2163 1590 (ἲ)

2014 1891 2036 1905 a.
2052 1891 2083 1905 m.
2097 1890 2150 1910 ³707

2011 2052 2032 2067 c.
2046 2053 2096 2072 551¹

182 2629 196 2648 ¹
213 2631 352 2663 Οκοεωε,
369 2632 420 2663 Iv,
443 2639 454 2658 1
477 2640 492 2658 e
512 2639 526 2658 ι
547 2631 588 2666 (p.
609 2639 661 2658 100
678 2631 734 2666 sg).
1058 2635 1164 2661 Orosio
1184 2635 1238 2669 aig
1261 2641 1291 2667 ις
1307 2636 1386 2662 dice:
1402 2636 1416 2651 “
1427 2638 1601 2662 ....corium
1615 2638 1710 2662 autem
1724 2637 1784 2662 eius
1805 2635 1969 2668 (serpentis)
2000 2641 2034 2660 πο

33 2762 51 2842 ἵ
95 2843 166 2868 πατὰ
183 2842 319 2868 Ἀπιώνος
329 2842 338 2856 ’
356 2843 369 2875 β
387 2844 524 2875 πρότερος,
547 2845 615 2877 1833
633 2844 763 2875 δευτερος,
783 2849 833 2877 373
848 2845 1002 2872 HmRoNv-
1140 2845 1181 2871 ⁹R
1200 2855 1285 2880 segna
1295 2855 1346 2881 per
1356 2848 1496 2873 Tolomeo
1508 2843 1763 2881 H(Phl]adelphus)
1774 2847 1872 2874 l'anno
1884 2849 1969 2875 finale
1997 2853 2030 2881 25

35 2843 51 3160 ξ
95 3057 129 3086 ²3
149 3050 188 3087 (p.
207 3053 242 3086 36
258 3054 328 3088 eit).
1130 3055 1218 3101 ¹¹¹Cf.
1244 3058 1376 3084 mems
1403 3058 1564 3092 Iossrnus,
1594 3058 1742 3092 δοδεκάτη,
1774 3066 1816 3092 ιι,
1847 3067 1879 3086 12
1907 3068 1968 3097 sgg.
1995 3068 2031 3095 30
