2398 3470
124 270 176 306 [A.
195 271 230 299 c.
249 271 323 305 sse]
892 262 1208 318 CHRONICON
1931 262 1976 298 91

125 340 158 345 ....
160 334 1981 345 ..............................................................................................................................................................................................................................

124 397 224 430 Hanc
246 394 393 428 Maximi
415 394 647 437 perditionem
672 392 792 426 beatus
814 393 985 425 Martinus
1009 398 1088 425 ante
1110 391 1264 434 predixit
1277 391 1287 409 ¹
1310 392 1472 436 quoniam
1495 392 1572 435 ipse
1597 394 1769 426 Maximus
1791 392 1983 426 Britaniam

125 449 218 482 omni
239 458 329 491 pene
352 452 484 480 armata
506 447 687 491 juuentute
709 446 889 488 copiisque
912 445 1117 478 militaribus
1139 444 1362 487 spoliauerat,
1378 445 1438 488 qui
1455 446 1649 489 tyrannidis
1673 446 1747 490 ejus
1769 446 1917 491 uestigia
1932 457 1984 479 se-

125 502 196 535 cuti
219 502 255 533 in
279 500 420 538 Gallias,
444 510 631 542 numquam
653 498 742 532 ultra
765 498 904 531 domum
927 497 1073 531 rediere.
1121 497 1295 530 Videntes
1318 498 1546 531 transmarine
1562 505 1684 542 gentes
1707 499 1883 532 seuissime
1899 499 1985 533 Sco-

123 556 262 589 thorum
284 565 305 586 a
328 553 458 592 Circio‚
482 553 659 585 Pictorum
682 552 726 584 ab
748 551 939 595 Aquilone,
963 551 1160 584 destitutam
1182 551 1301 589 milite,
1325 561 1368 583 ac
1392 551 1580 584 defensore
1604 552 1762 591 insulam,
1785 553 1929 585 ueniunt
1951 558 1987 585 et

81 607 100 641 5
124 613 291 641 uastatam
316 606 554 649 direptamque
571 615 648 638 eam
670 604 795 637 multos
817 615 880 646 per
897 614 1006 637 annos
1021 604 1232 647 opprimunt.
1278 603 1545 637 Valentinianus
1561 612 1705 647 recepto
1722 606 1820 638 Italie
1836 606 1985 648 imperio

123 660 253 703 potitus
276 666 338 692 est.
385 659 621 703 Andragatius
645 667 762 691 comes
785 658 926 700 cognita
949 657 1095 690 Maximi
1118 663 1240 695 morte,
1264 657 1471 699 precipitem
1494 667 1568 689 sese
1592 667 1611 690 e
1635 659 1716 691 naui
1733 659 1766 690 in
1790 659 1901 691 undas
1924 659 1986 691 de-

124 714 186 752 dit,
210 723 253 745 ac
275 712 466 744 suffocatus
490 718 552 744 est.
597 710 818 744 Theodosius
848 710 1063 742 incruentam
1094 710 1276 743 uictoriam
1307 711 1384 742 Deo
1407 717 1618 752 procurante
1641 711 1795 753 suscepit
1806 711 1829 744 ².
1877 712 1987 755 Igitur

123 765 389 800 Valentinianus
409 765 526 808 junior
549 764 724 797 restitutus
746 763 783 795 in
807 762 955 796 Galliam
978 763 1114 796 transiit
1126 763 1149 796 ³.
1194 763 1282 796 Mox
1312 773 1451 806 quoque
1483 763 1662 796 Victorem
1692 764 1838 798 Maximi
1869 765 1986 804 filium,

125 829 227 863 quem
250 820 496 861 imperatorem
518 823 618 859 pater
634 816 744 849 Gallis
759 815 958 859 reliquerat,
983 816 1117 850 occidit
1127 816 1152 849 ⁴.
1198 817 1277 859 Ipse
1300 826 1385 848 uero
1409 816 1676 850 Valentinianus
1689 817 1701 836 ⁵
1717 828 1796 850 cum
1813 818 1848 850 in
1872 818 1987 851 Gallia

10 875 16 887 ‘¹
62 875 101 906 10
123 872 342 916 tranquillam
366 870 616 913 rempublicam
639 870 675 902 in
697 880 786 912 pace
810 875 941 912 ageret,
965 870 1061 912 apud
1083 869 1258 902 Viennam
1283 869 1364 902 dolo
1381 868 1586 913 Arbogastis
1602 871 1737 903 comitis
1753 871 1805 903 sui
1828 877 1986 915 strangu-

124 926 224 964 latus,
248 931 363 969 atque,
385 930 423 956 ut
446 923 676 964 uoluntariam
700 922 765 955 sibi
789 922 1000 955 consciuisse
1016 929 1160 955 mortem
1176 928 1365 965 putaretur,
1383 922 1507 966 laqueo
1531 933 1716 966 suspensus
1739 930 1800 957 est.
1846 924 1988 958 Mortuo

126 978 371 1012 Valentiniano
395 976 563 1020 Augusto,
587 975 801 1020 Arbogastes
823 975 1016 1019 Eugenium
1040 982 1223 1019 tyrannum
1248 986 1329 1008 mox
1345 985 1466 1008 creare
1481 986 1582 1008 ausus
1605 984 1658 1010 est
1665 989 1674 1015 3
1699 971 1852 1021 legitque
1877 978 1989 1011 homi-

127 1042 218 1070 nem,
243 1031 300 1064 cui
322 1030 458 1063 titulum
480 1029 699 1072 imperatoris
722 1030 928 1071 imponeret,
953 1029 1026 1071 ipse
1051 1035 1191 1062 acturus
1213 1029 1406 1071 imperium.
1453 1028 1518 1062 Vir
1541 1029 1718 1068 barbarus,
1743 1031 1871 1070 animo,
1904 1042 1989 1065 con-

7 1119 21 1124 ,
125 1085 213 1124 silio,
237 1094 352 1122 manu,
375 1083 531 1121 audacia,
555 1082 789 1126 potenciaque
814 1082 948 1121 nimius,
972 1082 1147 1115 contraxit
1170 1082 1324 1125 undique
1346 1082 1556 1124 innumeras,
1572 1083 1768 1127 inuitasque
1785 1084 1916 1127 copias,
1932 1086 1991 1118 uel

63 1137 101 1171 15
125 1147 345 1171 romanorum
369 1135 533 1179 presidiis
555 1135 611 1168 uel
635 1135 772 1168 auxiliis
794 1134 1031 1173 barbarorum,
1056 1135 1133 1167 aliis
1163 1140 1346 1178 potestate,
1379 1135 1453 1167 aliis
1485 1135 1750 1179 cognationibus
1763 1136 1775 1155 ⁶
1803 1136 1988 1177 admixtus,

126 1190 277 1234 denique
301 1189 442 1223 extabat
463 1199 593 1232 genere
617 1189 784 1228 Francus,
807 1188 870 1220 sed
893 1188 1051 1220 excultor
1074 1188 1282 1222 sordidimus
1310 1188 1508 1232 ydolorum.
1553 1188 1732 1232 Eugenius
1755 1190 1861 1234 igitur
1885 1197 1990 1235 atque

125 1243 339 1288 Arbogastes
362 1243 547 1275 instructas
570 1242 664 1275 acies
688 1242 820 1284 campis
836 1241 1080 1284 expedierant:
1099 1247 1172 1274 arta
1187 1241 1315 1284 alpium
1332 1241 1451 1280 latera,
1468 1247 1574 1284 atque
1589 1242 1809 1276 ineuitabiles
1824 1245 1988 1278 transitus

126 1298 321 1330 munierant
333 1295 356 1329 ⁷.
409 1298 423 1314 “
436 1294 484 1328 At
507 1306 590 1328 uero
613 1295 844 1334 Theodosius,
868 1295 1042 1337 premissis
1065 1295 1134 1327 suis
1158 1295 1201 1327 ab
1224 1294 1432 1338 Arbogaste,
1449 1295 1608 1327 omnibus
1623 1295 1830 1336 interfectis,
1847 1298 1922 1341 ipse
1938 1298 1989 1331 al-

133 1350 261 1394 “pibus
284 1350 491 1383 constitutus
513 1360 534 1381 a
557 1359 678 1381 somno
703 1348 970 1391 expergiscitur,
994 1348 1108 1381 sciens
1131 1349 1226 1392 quod
1249 1348 1432 1381 destitutus
1454 1348 1534 1387 suis,
1558 1349 1719 1382 nesciens
1742 1351 1837 1394 quod
1853 1352 1991 1386 clausus

12 1407 16 1422 ²
61 1405 104 1437 20
133 1402 493 1442 “alienis,-dominum
517 1402 692 1435 Christum
716 1402 808 1434 solus
831 1401 952 1440 solum,
976 1401 1035 1444 qui
1058 1407 1176 1444 posset
1198 1401 1324 1440 omnia,
1348 1411 1498 1444 corpore
1520 1402 1614 1434 humi
1639 1403 1747 1442 fusus,
1771 1411 1887 1438 mente
1911 1407 1989 1440 celo

133 1458 247 1490 “fixus
270 1456 402 1490 orabat.
448 1456 559 1488 Deinc
583 1461 765 1498 postquam
787 1454 977 1487 insomnem
1008 1460 1147 1487 noctem
1177 1465 1321 1498 precum
1352 1454 1612 1488 continuatione
1644 1457 1760 1500 exegit
1771 1455 1794 1495 ⁸,
1820 1464 1855 1491 et
1885 1465 1990 1493 testes

133 1513 148 1530 ⁸
160 1511 424 1554 propemodum,
442 1520 526 1553 quas
547 1510 584 1541 in
607 1510 755 1551 pretium
779 1508 922 1551 presidii
938 1508 1075 1541 celestis
1097 1508 1325 1551 adpenderat,
1342 1508 1562 1541 lacrimarum
1578 1509 1720 1542 lacunas
1736 1510 1885 1554 reliquit,
1901 1513 1991 1547 fidu-

132 1564 296 1597 “cialiter
320 1573 416 1595 arma
439 1562 606 1605 corripuit
629 1562 733 1602 solus,
757 1562 870 1595 sciens
893 1572 930 1594 se
954 1572 1025 1594 non
1047 1561 1157 1594 solum
1180 1572 1273 1600 esse3
1297 1559 1496 1606 signo(que)
1518 1559 1783 1606 crucis'signum
1798 1565 1909 1607 prelio
1926 1568 1991 1600 de-

133 1617 223 1656 “dit,
247 1627 289 1650 ac
312 1627 349 1649 se
372 1617 407 1648 in
430 1616 572 1654 bellum,
595 1615 700 1648 etiam
724 1615 752 1647 si
775 1625 877 1648 nemo
908 1620 1123 1657 sequeretur,
1147 1615 1261 1647 uictor
1291 1615 1427 1647 futurus
1454 1615 1603 1648 immisit.
1649 1616 1766 1649 Prima
1789 1618 1907 1651 salutis
1930 1621 1991 1653 uia

62 1670 103 1704 25
134 1670 273 1704 “extitit
295 1669 433 1702 Arbitio
457 1669 633 1702 hostilium
657 1669 806 1711 partium
829 1678 965 1707 comes;
989 1669 1049 1711 qui
1067 1679 1145 1700 cum
1163 1668 1321 1711 ignarum
1337 1670 1583 1711 imperatorem
1609 1669 1862 1713 circumpositis
1884 1683 1990 1706 exce-

6 1718 29 1729 ”
133 1724 268 1767 “pisset
299 1723 443 1763 insidiis,
474 1733 664 1755 conuersus
694 1723 740 1755 ad
771 1722 1002 1755 reuerentiam
1033 1723 1204 1764 presentis
1234 1721 1395 1766 Augusti,
1418 1732 1489 1754 non
1513 1722 1622 1754 solum
1646 1723 1803 1765 periculo
1827 1725 1992 1761 liberauit

109 1774 116 1784 “
133 1778 252 1817 “eum,
275 1787 396 1809 uerum
422 1776 526 1809 etiam
550 1775 710 1808 instruxit
732 1775 871 1808 auxilio.
917 1774 967 1808 At
988 1775 1048 1807 ubi
1072 1775 1117 1808 ad
1141 1775 1328 1819 contingua
1353 1776 1530 1808 miscende
1562 1786 1680 1819 pugne
1703 1778 1816 1820 spatia
1839 1789 1990 1822 peruen-

133 1832 149 1849 “
161 1837 233 1864 tum
257 1836 319 1869 est,
342 1829 506 1863 continuo
529 1839 674 1872 magnus
696 1829 756 1861 ille
779 1834 815 1861 et
838 1828 1025 1862 ineffabilis
1041 1828 1140 1861 turbo
1157 1834 1340 1861 uentorum
1355 1829 1391 1861 in
1407 1830 1494 1862 hora
1510 1829 1660 1862 hostium
1676 1830 1762 1868 ruit3
1786 1831 1991 1867 ferebantur

133 1886 226 1927 “per
257 1893 339 1916 aera
368 1883 502 1926 spicula
532 1882 635 1915 missa
666 1888 875 1921 nostrorum,
907 1888 1010 1925 atque
1034 1882 1124 1914 ultra
1147 1891 1344 1915 mensuram
1367 1882 1510 1914 humani
1530 1882 1654 1926 jactus,
1678 1894 1743 1926 per
1766 1895 1929 1929 magnum
1954 1888 1990 1921 in

30 1965 32 1968 ,
63 1939 106 1972 30
134 1939 244 1971 “aera
274 1937 470 1979 deportata,
500 1946 670 1979 nusquam
701 1935 953 1979 propemodum
986 1934 1125 1975 cadere,
1155 1936 1251 1978 prius
1282 1946 1385 1979 quam
1416 1937 1532 1969 hostes
1563 1937 1756 1980 infigerent,
1778 1938 1989 1974 sinebantur.

135 1991 274 2024 “Porro
299 1995 413 2023 autem
437 1989 538 2023 turbo
562 1989 746 2022 continuus
769 1989 855 2022 hora
876 1994 1090 2033 pectoraque
1114 1989 1264 2021 hostium
1289 2000 1380 2022 nunc
1402 1989 1513 2023 inlisis
1528 1990 1683 2033 grauiter
1698 1992 1827 2024 secutis
1844 1994 1990 2027 euerbe-

133 2046 149 2063 ‘⁴
160 2044 271 2084 rabat,
294 2054 386 2076 nunc
410 2042 576 2085 inpressis
598 2042 825 2085 pertinaciter
847 2042 1026 2075 obstructa
1042 2042 1239 2082 claudebat,
1255 2052 1348 2075 nunc
1365 2043 1494 2076 auulsis
1508 2044 1682 2076 uiolenter
1699 2045 1865 2079 destituta
1880 2048 1991 2081 nuda-

133 2097 233 2136 “baa,
257 2107 350 2130 nunc
373 2096 541 2139 oppositis
560 2096 689 2140 jugiter
711 2096 749 2127 in
771 2102 872 2140 terga
893 2095 1066 2128 trudebat.
1111 2096 1202 2128 Tela
1218 2097 1331 2135 etiam,
1349 2107 1416 2140 que
1432 2097 1499 2139 ipsi
1522 2098 1748 2131 uehementer
1771 2099 1990 2142 intorserant,

133 2153 148 2170 ⁸
161 2157 308 2194 excepta
331 2149 427 2182 uenti
450 2150 584 2192 impetu
596 2149 619 2189 ⁹,
643 2159 685 2182 ac
708 2156 896 2183 retrorsum
921 2155 1056 2189 coacta,
1079 2149 1185 2192 ipsos,
1217 2150 1409 2182 infeliciter
1437 2150 1672 2195 configebant.
1719 2151 1905 2196 Prospexit
1926 2154 1992 2188 sibi

0 2217 2 2221 ’
61 2203 104 2238 35
133 2206 148 2223 ⁴⁴
161 2206 312 2237 humane
336 2203 548 2236 conscientie
571 2213 693 2246 pauor3
717 2213 797 2235 nam
822 2203 987 2235 continuo
1009 2213 1118 2245 parua
1141 2213 1281 2236 suorum
1303 2214 1407 2236 manu
1430 2204 1509 2236 fusa
1538 2204 1663 2237 uictori
1695 2205 1897 2240 Theodosio
1929 2209 1992 2241 ho·-

221 2353 244 2371 ι.
262 2345 419 2370 Maximam
439 2345 635 2378 perdicionem
655 2345 680 2370 C
695 2357 706 2363 -
731 2344 906 2370 Brittaniam
930 2345 953 2370 C
968 2358 1001 2363 —
1021 2352 1046 2378 3.
1066 2341 1167 2370 redire'
1182 2345 1205 2370 C
1222 2359 1255 2364 —
1276 2353 1331 2380 3-4.
1357 2345 1530 2371 scothorum
1553 2346 1576 2371 C
1593 2360 1625 2365 -
1645 2346 1670 2372 6.
1695 2347 1896 2381 Andragacius
1919 2349 1943 2374 C
1959 2364 1992 2368 —

133 2394 223 2413 ιο-ιι.
247 2387 440 2420 strangulatus
459 2389 502 2412 est
519 2387 542 2411 C
559 2401 591 2406 —
614 2394 654 2420 13.
666 2388 801 2412 auct-urus
817 2386 841 2411 C
857 2398 890 2405 —-
913 2394 953 2420 15.
965 2388 1140 2420 cognatione
1159 2381 1307 2413 subniixus
1323 2387 1347 2412 C
1363 2402 1396 2407 --
1418 2387 1459 2414 16.
1471 2390 1514 2413 set
1531 2389 1553 2413 C
1570 2402 1603 2406 —
1627 2396 1665 2422 17.
1685 2390 1757 2415 Arta
1775 2390 1798 2414 C
1815 2403 1848 2409 —
1871 2390 1910 2417 18.
1931 2394 1990 2417 suis

130 2432 159 2456 et
179 2430 214 2455 ab
236 2429 259 2454 C
275 2443 287 2448 -
305 2429 453 2454 interfecit
475 2429 498 2453 C
515 2443 547 2447 —
570 2436 609 2462 19.
630 2436 751 2462 sompno
775 2429 798 2453 C
810 2443 841 2447 —-
857 2436 898 2454 21.
917 2429 1009 2454 Deinc
1033 2430 1055 2454 C
1070 2443 1082 2449 -
1102 2431 1282 2464 insompnem
1305 2430 1328 2454 C
1340 2445 1372 2449 —
1393 2437 1434 2455 22.
1448 2431 1545 2464 precio
1568 2431 1592 2455 C
1607 2444 1618 2450 -
1637 2432 1813 2465 appenderat
1832 2433 1859 2457 B
1876 2446 1888 2452 -
1906 2434 1992 2459 lacri-

0 2493 8 2510 r*
37 2502 39 2504 q
131 2479 241 2498 marum
259 2472 376 2497 lacunas
395 2472 519 2504 reliquid
541 2471 564 2496 C
581 2486 613 2490 —
633 2478 675 2504 ²3·
694 2479 753 2497 esse
771 2472 912 2505 signoque
931 2473 1022 2497 crucis
1042 2473 1155 2506 signum
1175 2480 1268 2498 manca
1286 2474 1316 2498 in
1334 2473 1360 2497 B
1372 2487 1404 2491 —
1426 2480 1468 2507 ²4·
1487 2474 1601 2498 inmisit
1624 2474 1647 2498 C
1664 2488 1697 2492 —
1717 2481 1759 2508 25
1778 2476 1897 2501 Arvitio
1920 2476 1943 2500 C
1959 2490 1993 2496 —

4 2514 6 2517 ’
48 2520 49 2523 ’
85 2522 100 2549 5
133 2521 175 2550 27.
194 2514 300 2540 Attubi
317 2514 340 2538 C
356 2528 388 2532 —
410 2513 451 2539 28.
470 2513 542 2539 hora
559 2514 581 2538 C
598 2528 630 2533 —
651 2520 692 2547 29.
706 2521 821 2539 manum
839 2514 918 2543 BC,-
936 2514 1066 2540 ORosms
1085 2523 1218 2549 magnum
1240 2530 1270 2534 —
1291 2523 1333 2548 31.
1346 2516 1418 2541 hora
1441 2515 1492 2540 C·
1511 2516 1642 2541 illisB-
1662 2517 1766 2542 secutis
1790 2517 1813 2541 C
1830 2531 1862 2536 —
1883 2525 1924 2552 3²·
1938 2519 1993 2544 im-

46 2551 49 2560 ”
133 2558 237 2591 pressis
255 2557 283 2581 B
300 2571 333 2575 —-
354 2564 396 2590 33.
415 2559 491 2582 terra
513 2555 563 2580 C·
581 2556 720 2582 tundebat
742 2557 765 2581 C
776 2570 808 2575 -
823 2564 866 2590 35.
886 2557 978 2582 fusam
1000 2557 1024 2582 C

217 2648 227 2666 ¹
245 2650 301 2674 Fin
321 2650 371 2682 qui
390 2649 515 2679 Faunus,
534 2649 595 2681 ΧΠ,
615 2655 627 2673 ι
646 2657 660 2674 e
678 2655 713 2675 11.
1176 2649 1188 2666 ⁶
1207 2650 1347 2682 Onosms,
1373 2650 1435 2680 VII,
1454 2658 1496 2684 35,
1520 2658 1614 2676 10-12:
1642 2650 1739 2676 “alibi
1758 2654 1899 2685 potestate
1918 2653 1989 2679 alibi

215 2690 227 2708 ²
247 2691 274 2716 A
293 2692 468 2717 comlnciare
493 2692 529 2716 da
551 2691 799 2717 “Valentinianus
810 2709 825 2723 η
842 2693 901 2717 fino
927 2700 943 2717 a
967 2700 1032 2725 que·
1089 2691 1102 2704 ⁸
1114 2693 1290 2726 cognatione
1309 2694 1448 2719 subnixus
1460 2713 1484 2726 η.
1522 2694 1546 2718 ΙΙ
1565 2694 1656 2718 brano
1676 2697 1810 2727 seguente
1828 2693 1843 2720 ὲ
1857 2695 1875 2719 l’
1884 2695 1990 2720 ultimo

21 2767 23 2769 ι
129 2736 174 2760 sto
193 2736 299 2768 punto:
318 2733 458 2765 Gnosius,
477 2733 537 2765 VH,
557 2740 599 2767 35,
619 2739 650 2766 5;
664 2741 714 2767 per
726 2735 888 2767 riprendere
907 2734 1032 2767 ΡΑυιυε,
1087 2735 1208 2767 periodo
1228 2735 1259 2760 di
1278 2735 1404 2767 PAULus,
1424 2735 1485 2767 ΧΗ,
1504 2742 1543 2760 ιιι
1564 2735 1601 2769 (p.
1623 2736 1693 2769 190).

25 2783 27 2786 ·
47 2802 50 2809 ι
71 2779 104 2799 10
130 2776 192 2808 ΧΠ,
210 2783 257 2802 ιιι.
1175 2776 1186 2793 7
1205 2777 1293 2809 Inau,
1312 2777 1374 2809 VII,
1394 2785 1437 2811 35,
1457 2785 1489 2810 13
1509 2778 1545 2802 da
1565 2778 1755 2811 “Eugenius,‚
1776 2786 1792 2803 a
1812 2779 1825 2793 ‘¹
1836 2779 1990 2805 inevitabi-

217 2817 229 2835 ³
247 2819 333 2850 Initia,
353 2819 407 2844 loc.
428 2819 492 2844 cit.=
515 2818 528 2832 “
539 2826 603 2843 cum
623 2820 654 2844 in
674 2818 802 2844 Galliam
821 2821 993 2852 transisset„
1012 2827 1032 2844 n
1087 2817 1100 2831 ‘⁴
1112 2819 1153 2844 les
1172 2821 1311 2845 transitus
1326 2821 1483 2852 praemissis
1493 2829 1527 2853 ,,·
1545 2827 1564 2844 ιι
1583 2820 1656 2845 salta
1675 2820 1778 2853 quindi
1798 2821 1825 2846 al
1845 2822 1859 2854 ξ
1881 2828 1921 2855 ι4,
1940 2823 1991 2847 che

130 2863 237 2887 omette
255 2861 278 2886 11
298 2864 390 2886 resto:
410 2861 532 2893 “ibique
551 2861 710 2893 tranquilla
728 2863 780 2886 etc.
793 2878 814 2892 η.
1086 2862 1164 2887 dice:
1185 2863 1244 2887 “At
1261 2870 1321 2887 vero
1343 2862 1501 2887 Theodosius
1525 2863 1555 2886 in
1579 2863 1691 2887 summis
1708 2863 1815 2895 alpibus
1832 2865 1991 2890 constitutus

220 2901 230 2919 ⁴
247 2903 336 2935 Inna,
363 2902 424 2932 XII,
452 2909 494 2928 ιιι
522 2905 535 2919 ‘⁴
547 2902 692 2928 Victorem
717 2910 829 2935 quoque
854 2903 975 2928 Maximi
1001 2904 1032 2928 fi·
1087 2903 1100 2916 “
1112 2907 1205 2936 expers
1223 2905 1278 2929 cibi
1294 2911 1324 2928 ac
1341 2905 1429 2929 somni
1446 2907 1492 2929 etc.
1503 2921 1526 2936 η.

49 2964 52 2966 -
131 2944 146 2959 “
157 2946 230 2971 num
237 2962 304 2971 .....
314 2963 328 2977 „
347 2953 363 2970 e
381 2945 494 2970 (inlucez
514 2944 631 2970 “aetate
650 2945 813 2978 reliquerat,
832 2946 961 2970 exttnxit
972 2964 995 2978 „.
1175 2944 1188 2962 ⁸
1206 2946 1362 2979 Transegt‘t,
1381 2947 1443 2971 dice
1463 2946 1600 2976 Onosius,
1620 2946 1681 2977 vn,
1702 2954 1744 2981 35,
1766 2954 1805 2980 15.

18 2999 22 3014 v„
47 3006 52 3020 ,s
72 2988 103 3016 15
220 2986 231 3003 θ
251 2987 391 3019 Gnosius,
409 2987 471 3019 VII,
491 2993 533 3021 35,
555 2994 588 3012 xo
605 2994 621 3012 e
640 2987 763 3019 Pauus,
787 2987 849 3018 XII,
873 2993 926 3013 m:
947 2987 1032 3021 “lpse
1175 2986 1186 3004 ⁹
1205 2987 1309 3020 Impetus
1327 2989 1462 3020 supinato,
1482 2989 1544 3014 dice
1563 2988 1703 3021 Gnosius,
1722 2989 1783 3022 VH,
1802 2998 1845 3024 35,
1867 2989 1907 3016 18.

133 3029 148 3044 ¹¹
156 3030 186 3056 in
198 3028 326 3055 Gallum
337 3030 464 3061 transiit,
475 3029 525 3054 ubi
537 3036 602 3054 curn
615 3029 774 3062 tranquilla
788 3029 934 3064 republica
947 3031 1000 3055 etc.
1007 3046 1031 3062 ‚-

2008 273 2086 297 Mn„
2101 278 2135 294 cc.
2149 279 2213 299 91-92

2019 2786 2054 2804 20

2020 2997 2052 3025 ²5
