2398 3470
161 255 236 280 Mus..
248 261 282 276 cc.
299 260 386 280 zoa-203
398 243 471 279 248

220 542 239 557 t.
255 542 293 561 757
302 535 314 555 h

221 1231 270 1250 apr.
288 1226 311 1246 16

217 1338 237 1353 c.
253 1333 293 1357 238
299 1338 313 1352 ιι

337 2269 370 2287 10

337 2692 371 2709 20

338 2903 369 2929 ²5

388 682 535 715 'modum
561 679 751 713 concordie
776 679 1000 711 deuenerunt.

1161 235 1473 273 CHRONICON
2022 242 2074 279 [Α.
2093 242 2127 272 c.
2149 241 2241 277 11⁶1]

397 367 469 399 eius
492 364 651 407 captione
674 361 859 405 plurimum
883 360 1036 393 doluisse
1061 364 1095 391 et
1118 358 1212 401 quod
1235 368 1299 401 pro
1323 367 1366 398 eo
1388 357 1571 390 liberando
1595 368 1673 391 cum
1701 368 1763 390 sua
1792 357 1914 392 militia
1942 358 2114 392 ueniebat.
2160 358 2241 392 Rex

397 425 511 452 autem
534 415 696 448 malitiam
720 415 794 447 eius
816 422 1011 457 agnoscens
1034 418 1069 445 et
1091 410 1341 444 conscientiam
1363 421 1470 449 suam,
1493 410 1695 444 conditione
1720 411 1888 454 temporis
1902 412 2077 456 exigente,
2092 412 2241 446 abscon-

397 472 492 508 dens,
518 469 639 513 legatis
661 466 751 499 illius
774 466 925 508 benigne
950 464 1130 507 respondit
1154 469 1189 496 et
1212 474 1272 496 eos
1296 473 1373 496 cum
1397 463 1585 506 gratiarum
1608 463 1745 496 actione
1767 463 1908 498 remisit.
1954 464 2008 498 Illi
2031 472 2158 504 autem,
2181 466 2240 510 qui

397 534 514 567 regem
538 526 703 564 ceperant
725 525 760 552 et
782 518 947 561 palatium
972 516 1254 560 expoli'auerunt‚
1277 517 1400 549 timore
1423 516 1517 559 regis
1539 516 1585 548 ad
1607 515 1787 549 Matheum
1809 516 1988 551 Bonellam
2010 518 2139 561 pariter
2155 529 2240 552 con-

396 577 559 620 fugerunt
574 574 593 606 ¹.
620 572 782 605 Matheus
805 577 919 604 autem
944 581 1023 603 cum
1048 570 1234 603 Guillelmo
1257 576 1294 602 et
1317 569 1470 613 Symone
1485 569 1497 587 ²
1520 575 1555 602 et
1577 570 1766 603 Tancredo
1783 570 1971 604 comitibus
1983 577 2020 605 et
2034 572 2151 606 multis
2165 572 2241 605 aliis
2286 571 2305 604 5

397 639 505 673 usque
529 627 699 660 Fabaram
722 626 830 664 uenit,
853 631 887 657 et
910 623 1154 667 frequentibus
1177 623 1307 656 nuntiis
1330 623 1423 656 inter
1453 632 1513 656 eos
1545 628 1579 655 et
1608 633 1724 667 regem
1756 623 2039 664 discurrentibus,
2069 626 2116 659 ad
2144 626 2239 659 hunc

1047 677 1126 709 Rex
1149 676 1358 709 liberalitate
1382 686 1445 708 sua
1467 682 1502 708 et
1523 676 1637 720 gratia
1661 676 1820 710 omnibus
1850 677 1900 710 eis
1930 677 2109 718 offensam,
2138 689 2240 722 quam

396 736 433 767 in
456 745 533 768 eum
557 734 729 770 fecerant,
752 731 891 769 remisit,
915 729 1059 762 Matheo
1084 728 1229 762 Bonelle
1253 734 1288 761 et
1310 728 1387 761 aliis
1418 728 1606 762 baronibus
1635 728 1754 762 Sicilie
1783 729 1931 773 gratiam
1962 735 1997 763 et
2027 736 2136 764 terras
2163 741 2241 765 suas

396 787 558 826 restituit,
582 784 819 827 W[illelmum]
843 783 1030 827 Symonem
1055 787 1088 814 et
1111 782 1334 814 Tancredum
1359 781 1505 814 comites
1527 792 1606 814 cum
1628 781 1745 815 multis
1767 782 1854 822 aliis,
1878 782 1937 826 qui
1959 783 1994 815 in
2017 789 2111 817 terra
2131 794 2241 818 rema-

397 851 479 873 nere
503 839 679 878 nolebant,
702 837 817 870 saluos
839 842 873 868 et
896 836 1014 869 illesos
1037 845 1115 868 cum
1137 834 1242 867 rebus
1264 835 1334 867 suis
1356 844 1465 878 usque
1488 834 1724 868 Terracenam
1748 845 1827 868 cum
1838 835 1939 880 galea
1954 835 2042 869 fecit
2057 837 2206 870 conduci
2217 839 2242 876 ⁸,

398 895 483 927 alios
505 903 590 925 uero
613 891 850 924 Ierosolimam
873 890 926 922 ire
949 889 1116 932 permisit.
1163 887 1324 921 Metuens
1348 894 1462 920 autem
1485 898 1556 927 rex,
1580 899 1626 920 ne
1649 888 1796 921 comites
1826 888 1968 932 Apulie,
1997 889 2057 933 qui
2088 899 2168 923 cum
2197 901 2240 924 eo

395 946 579 981 occasione
603 944 775 977 ammirati
798 943 937 976 fuerant
961 941 1164 981 discordati,
1187 940 1336 974 rebelles
1357 941 1493 980 fierent,
1520 941 1751 974 Romoaldum
1784 941 2040 976 Salemitanum
2069 943 2242 988 archiepi-

395 1011 538 1043 scopum
564 1010 642 1032 cum
665 997 790 1031 litteris
813 997 881 1029 suis
904 996 941 1027 in
964 995 1128 1038 Apuliam
1152 995 1256 1034 misit,
1279 1000 1315 1027 et
1337 1004 1401 1037 per
1424 1004 1503 1027 eum
1525 994 1695 1038 predictis
1718 995 1904 1029 comitibus
1926 996 2072 1039 gratiam
2095 1007 2190 1030 suam
2206 1003 2242 1031 et

396 1064 545 1086 amorem
569 1051 729 1084 restituit.
777 1049 848 1088 Qui
870 1049 1015 1082 ueniens
1038 1054 1108 1081 tam
1134 1048 1261 1080 ciuium
1285 1058 1389 1090 quam
1412 1047 1583 1080 baronum
1607 1054 1642 1081 et
1665 1049 1828 1082 comitum
1851 1049 2009 1082 turbatos
2032 1049 2166 1083 animos
2178 1050 2244 1084 mi-

395 1107 520 1151 tigauit
544 1112 578 1139 et
601 1115 661 1138 eos
684 1105 729 1137 ad
752 1114 903 1136 amorem
925 1109 959 1135 et
982 1102 1186 1135 fidelitatem
1207 1102 1340 1145 regiam
1362 1101 1591 1134 uehementer
1613 1102 1775 1143 adtraxit,
1798 1103 1887 1136 adeo
1912 1104 2007 1146 quod
2033 1103 2242 1137 unanimiter

394 1159 560 1194 uolebant
581 1158 618 1191 in
642 1157 801 1191 Siciliam
824 1165 971 1199 pergere
995 1160 1029 1187 et
1052 1154 1146 1199 regis
1169 1154 1330 1187 iniuriam
1353 1154 1534 1188 uindicare
1549 1155 1573 1187 ⁴.
1619 1153 1841 1192 Adueniente
1872 1161 1989 1189 autem
2019 1156 2153 1199 pascha
2181 1167 2244 1190 rex

393 1224 458 1257 per
479 1213 611 1246 litteras
634 1221 712 1243 suas
734 1209 900 1254 predictis
924 1208 1106 1241 comitibus
1130 1208 1317 1247 mandauit,
1341 1213 1380 1240 ut
1401 1213 1628 1249 sacramenta,
1652 1219 1719 1252 que
1734 1209 1906 1248 fecerant,
1922 1208 2133 1250 abiurarent‚
2149 1210 2244 1254 quod

395 1267 461 1310 ipsi
483 1266 679 1299 nullatenus
695 1265 813 1296 facere
829 1263 1024 1296 uoluerunt.
1071 1261 1145 1295 Sed
1161 1262 1205 1295 de
1221 1262 1313 1306 regis
1336 1262 1580 1304 recuperanda
1601 1262 1714 1306 gratia
1731 1263 1967 1306 desperantes,
1991 1273 2111 1296 omnes
2125 1269 2245 1306 preter

397 1321 559 1353 comitem
586 1318 777 1352 Gilbertum
801 1323 836 1349 et
859 1316 1019 1350 comitem
1043 1315 1285 1348 Boamundum
1308 1315 1354 1348 ad
1378 1314 1580 1348 'Robertum
1612 1316 1774 1349 comitem
1806 1317 1850 1350 de
1880 1316 2072 1350 Lauritello
2095 1317 2244 1358 inerunt,

395 1380 430 1407 et
452 1374 547 1406 facto
571 1372 604 1405 ei
627 1371 782 1403 hominio
805 1369 906 1402 simul
930 1380 1008 1402 cum
1031 1369 1107 1412 ipso
1130 1374 1257 1401 terram
1279 1368 1374 1412 regis
1396 1368 1565 1402 inuadere
1582 1375 1617 1402 et
1632 1379 1806 1413 occupare
1822 1376 2001 1413 ceperunt.
2046 1370 2246 1414 Roggerius
2267 1373 2311 1404 20

395 1433 508 1460 autem
532 1425 658 1459 Sclauo
681 1424 780 1457 simul
804 1434 883 1456 cum
906 1422 1114 1455 Lombardis
1137 1421 1233 1465 cepit
1254 1422 1461 1455 seditionem
1484 1422 1521 1454 in
1545 1422 1667 1456 Sicilia
1690 1423 1860 1463 excitare,
1881 1428 2009 1456 terram
2025 1423 2070 1456 de
2085 1423 2246 1458 demanio

394 1480 487 1524 regis
508 1478 674 1512 inuadere
699 1483 734 1509 et
755 1476 968 1509 Sarracenos
989 1476 1199 1518 ubicumque
1221 1476 1381 1508 inuenire
1402 1481 1540 1518 poterat
1562 1476 1748 1509 trucidare.
1794 1475 1877 1515 Quo
1901 1477 2055 1521 cognite,
2070 1487 2133 1510 rex
2154 1477 2246 1520 W[i-

396 1532 554 1574 lhelmus]
578 1531 690 1574 primo
713 1530 892 1562 Matheum
916 1529 1096 1562 Bonellam
1120 1529 1201 1572 capi
1233 1534 1269 1561 et
1298 1529 1335 1561 in
1366 1538 1546 1562 carcerem
1576 1530 1710 1563 retrudi
1741 1530 1840 1568 fecit,
1870 1530 1998 1563 dehinc
2029 1536 2245 1575 congregato

397 1586 550 1619 exercitu
572 1584 730 1617 Plazzam
754 1583 851 1615 uenit
874 1589 909 1616 et
931 1594 1008 1615 eam
1031 1581 1201 1616 destruxit
1223 1588 1258 1615 et
1281 1582 1498 1616 Lombardos
1527 1583 1564 1615 in
1595 1583 1717 1628 fugam
1744 1583 1857 1616 uertit.
1903 1583 2101 1628 Roggerius
2130 1590 2243 1618 autem

395 1640 523 1673 Sclauo
547 1649 625 1672 cum
647 1637 763 1672 multis
785 1636 994 1670 Lombardis
1017 1648 1038 1669 a
1061 1636 1154 1669 facie
1178 1637 1270 1681 regis
1292 1635 1444 1680 fugiens,
1467 1636 1503 1669 in
1527 1636 1669 1669 Buteria
1692 1646 1729 1670 se
1758 1637 1895 1680 recepit
1908 1636 1930 1669 ⁶.
1977 1636 2060 1676 Quo
2089 1648 2153 1671 rex
2182 1647 2244 1672 eos
2266 1638 2308 1671 25

393 1698 596 1737 persecutus
620 1691 797 1724 Buteriam
819 1690 975 1734 undique
998 1700 1077 1723 cum
1101 1700 1163 1723 suo
1186 1689 1346 1723 exercitu
1368 1689 1518 1729 obsedit,
1542 1696 1578 1723 et
1600 1690 1683 1734 quia
1705 1700 1766 1723 rex
1782 1690 2015 1733 W[ilhelmus]
2029 1700 2192 1734 guerram
2206 1692 2244 1725 in

2269 837 2308 869 10

2269 1104 2306 1137 15

485 1830 508 1847 1.
527 1822 638 1847 milicia
659 1822 682 1846 C
698 1829 712 1846 e
730 1821 822 1846 Arndt
841 1833 874 1839 —
894 1827 918 1845 2.
938 1820 1083 1845 maliciam
1104 1820 1128 1845 C
1143 1828 1156 1844 e
1174 1820 1265 1845 Arndt
1283 1833 1295 1839 -
1320 1820 1513 1845 consienciam
1542 1820 1578 1850 C?
1605 1822 1812 1845 conscienciam
1836 1821 1928 1846 Arndt
1951 1833 1962 1839 —
1988 1821 2160 1847 condicione
2187 1821 2212 1847 C
2230 1830 2246 1847 e

394 1867 485 1891 Arndt
504 1880 536 1884 -—-
556 1873 580 1898 3.
600 1866 718 1890 accione
740 1863 764 1888 C
778 1871 792 1887 e
809 1863 904 1888 Arndt
923 1876 956 1881 —
977 1871 1001 1896 5.
1020 1863 1180 1888 Guilielmo
1199 1863 1226 1887 B
1242 1870 1256 1887 e
1274 1863 1352 1888 Sauo
1370 1876 1404 1882 —
1423 1862 1449 1888 6.
1468 1864 1583 1888 nunciis
1605 1863 1630 1888 C
1643 1871 1658 1887 e
1681 1863 1774 1888 Arndt
1798 1877 1831 1882 —
1855 1863 1881 1889 8.
1899 1864 2018 1890 Bonella
2040 1864 2064 1889 C
2081 1877 2112 1882 -
2131 1872 2158 1898 9.
2176 1863 2245 1891 Gui-

396 1909 523 1933 lielmum
541 1908 567 1932 B
585 1915 598 1931 e
618 1907 710 1936 Sasso3
731 1905 918 1931 Guillelmum
939 1906 962 1930 C
977 1914 991 1929 e
1009 1906 1085 1930 Sasso
1105 1920 1135 1924 —
1158 1912 1199 1930 11.
1218 1905 1446 1938 Hierosolymam
1464 1906 1491 1930 B
1507 1913 1521 1930 e
1538 1906 1632 1935 Sasso;
1656 1906 1873 1931 lherosolimam
1901 1906 1925 1930 C
1945 1914 1960 1930 e
1983 1907 2076 1932 Ande
2098 1920 2131 1926 —
2158 1914 2244 1941 11-13.

395 1951 531 1983 Archeps,
550 1950 570 1974 h
587 1957 619 1974 su
637 1956 735 1974 rasura
757 1948 781 1972 C
796 1961 830 1966 —
852 1947 893 1972 18.
912 1955 976 1980 rege
998 1948 1022 1972 C
1037 1961 1073 1965 —
1093 1955 1134 1981 ¹9·
1153 1950 1181 1972 et
1203 1947 1227 1972 C
1243 1961 1275 1965 —
1296 1954 1337 1972 21.
1363 1948 1442 1980 capit
1459 1948 1492 1978 A,
1516 1948 1540 1972 C
1554 1956 1569 1972 e
1586 1948 1678 1973 Arndt
1695 1961 1706 1966 -
1724 1948 1899 1972 sedicionem
1922 1948 1946 1972 C
1961 1956 1974 1973 e
1992 1948 2083 1975 Arndt
2101 1963 2134 1967 —
2153 1956 2244 1976 2142.

396 1994 521 2018 excitare
540 1993 574 2017 de
599 1992 733 2017 demanio
758 1991 833 2022 regis
851 1991 879 2015 et
898 1989 1068 2015 Sarracenos
1091 1990 1114 2014 C
1131 2002 1163 2007 —
1184 1996 1273 2022 22-23.
1293 1989 1469 2015 Guilieimus
1488 1990 1514 2015 B
1530 1998 1544 2014 e
1562 1990 1639 2015 Sasso
1658 2004 1691 2008 -
1712 1996 1754 2023 23.
1775 1990 1891 2015 Matheo
1920 1990 1944 2015 C
1965 2004 1974 2009 -
2000 1993 2078 2024 capit
2102 1991 2136 2016 d!
2151 1993 2244 2025 prim

395 2043 479 2067 mano,
496 2035 545 2067 poi
552 2033 595 2065 fu
611 2041 673 2059 rasa
692 2033 719 2058 10
737 2035 757 2062 t,
776 2033 816 2062 A;
836 2033 912 2066 cepit
934 2031 958 2056 C
973 2040 987 2056 e
1005 2032 1096 2057 Arndt

485 2134 492 2149 ¹
514 2135 581 2161 Uco
601 2136 769 2167 FALcANDo,
790 2143 817 2168 p.
836 2134 872 2168 63
890 2142 905 2159 e
927 2142 998 2167 sega
1012 2135 1146 2160 “Interea
1160 2136 1294 2161 Panormi

1351 2142 1389 2166 lu,
1411 2136 1460 2161 Gli
1475 2136 1622 2161 Ales-amici
1638 2145 1652 2160 e
1669 2138 1683 2160 1
1699 2137 1855 2162 Normannt
1870 2138 1900 2161 ἐκ
1920 2137 2017 2163 staua
2035 2145 2048 2161 t
2069 2137 2138 2162 nelle
2148 2137 2250 2172 Agla

396 2178 409 2192 ⁶¹
422 2180 590 2204 nunciatum
610 2180 652 2203 est
664 2177 826 2211 Symonem,
838 2185 920 2209 quem
933 2177 1093 2211 principem
1106 2179 1297 2210 appellabant,
1352 2179 1410 2208 cit.,
1429 2186 1455 2211 p.
1475 2183 1506 2210 5¹
1528 2185 1543 2202 e
1556 2180 1625 2203 nota
1639 2185 1664 2211 3.
1701 2177 1831 2203 Secondo
1851 2178 1873 2203 il
1892 2178 2063 2211 Fucumo,
2082 2187 2110 2212 p.
2129 2178 2172 2212 67,
2190 2181 2247 2205 tra-
2274 2185 2311 2211 30

398 2221 411 2234 ⁸
422 2221 601 2246 Tancredum
620 2221 699 2245 ducis
718 2220 818 2250 filium,
838 2220 1016 2244 Willelmum
1042 2219 1202 2250 Alesinum,
1228 2221 1295 2245 Ale·
1352 2221 1421 2245 mite
1440 2220 1517 2245 della
1540 2228 1609 2253 pace
1635 2221 1749 2246 sarebbe
1774 2222 1850 2246 stato
1870 2222 1891 2246 il
1913 2222 2053 2246 canonico
2071 2221 2198 2248 Roberto
2217 2223 2247 2248 di

398 2262 412 2277 ³
423 2264 562 2288 xandrum
582 2261 856 2292 Conversanensem‚
876 2261 1033 2295 Rogerium
1055 2261 1188 2287 Sclavum
1202 2263 1294 2288 filium
1347 2263 1373 2288 S.
1395 2262 1545 2288 Giovanni
1563 2263 1593 2288 di
1613 2264 1746 2288 Venezia.

398 2305 539 2331 “comitis
563 2304 697 2339 Symonis
722 2306 851 2337 spurium
876 2305 1006 2336 aliosque
1025 2306 1168 2336 quotquot
1193 2306 1223 2329 in
1249 2313 1293 2330 ca-
1436 2303 1448 2322 ⁸
1467 2305 1625 2331 Terracina
1644 2308 1675 2331 in
1695 2314 1777 2338 prov.
1799 2306 1829 2330 di
1851 2305 1953 2332 Roma.

399 2348 412 2361 ‘⁴
423 2348 524 2380 ptione
543 2347 618 2380 regis
638 2348 851 2376 consenserant,
871 2353 933 2371 curn
952 2346 1068 2371 Matheo
1094 2347 1214 2372 Bonello
1240 2346 1293 2372 Ca·
1436 2348 1447 2365 ⁴
1466 2348 1505 2373 Di
1524 2350 1623 2382 questa
1642 2349 1782 2374 missione
1799 2349 1876 2374 assai
1898 2349 2022 2374 delicata
2047 2351 2109 2374 tace
2133 2350 2156 2374 n
2181 2349 2248 2374 Fal·

396 2390 409 2404 ⁸
421 2390 482 2414 cabi
512 2397 570 2414 esse
599 2389 807 2423 plurimamque
836 2389 962 2414 militum
975 2386 1204 2413 ‘multitudinem
1230 2389 1293 2414 illis
1347 2391 1457 2423 cand03
1476 2392 1507 2417 di
1527 2392 1601 2416 fatto
1621 2390 1689 2424 pero
1710 2392 1739 2416 lo
1759 2393 1849 2417 stesso
1868 2390 1901 2417 R.
1915 2392 1977 2417 dice
1990 2392 2042 2417 che
2055 2391 2202 2418 all'invito
2216 2392 2247 2417 di
2274 2398 2307 2426 35

399 2431 412 2445 “
423 2433 588 2457 adiunctam
598 2451 622 2464 η.
1347 2441 1376 2458 re
1396 2433 1563 2466 Guglielmo
1582 2433 1659 2458 della
1672 2433 1783 2465 Pasqua
1799 2433 1875 2464 1161,
1889 2434 1951 2458 solo
1965 2434 1975 2458 i
1988 2434 2067 2459 conti
2081 2434 2248 2459 Boemondo

484 2473 495 2490 ²
508 2473 746 2501 Evidentemente
760 2476 860 2507 questo
873 2473 990 2498 Simone
1003 2472 1018 2499 ὲ
1034 2473 1054 2497 il
1069 2473 1149 2506 figlio
1163 2475 1294 2499 naturale
1347 2483 1361 2500 e
1381 2474 1515 2500 Gilberto
1534 2475 1563 2500 di
1584 2474 1715 2500 Gravina
1734 2476 1901 2506 aderlron03
1919 2477 1989 2500 tutti
2009 2476 2053 2509 gli
2072 2475 2139 2501 altri
2153 2482 2247 2502 resero

397 2518 425 2542 di
447 2526 474 2542 re
494 2518 638 2550 Ruggiero
656 2519 745 2543 avuto
771 2516 848 2542 dalla
874 2515 981 2541 sorella
1007 2515 1036 2540 di
1063 2515 1127 2548 Ugo
1153 2518 1238 2541 conte
1263 2518 1293 2542 di
1348 2518 1483 2551 omaggio
1502 2525 1516 2543 e
1535 2519 1559 2542 si
1580 2519 1704 2543 unirono
1725 2525 1778 2543 con
1798 2518 1924 2543 Roberto
1943 2519 2029 2543 conte
2047 2517 2078 2543 di
2089 2517 2246 2544 Loreter.

397 2560 510 2589 Meliss,
530 2560 588 2589 che,
609 2559 638 2584 E.
659 2559 786 2590 Cnsran,
813 2559 901 2591 Roger
925 2558 962 2588 ΙΙ,
989 2559 1045 2590 cit.,
1072 2565 1099 2590 p.
1125 2564 1187 2591 4²9·
1215 2566 1242 2583 n.
1270 2566 1294 2588 2,
1347 2561 1387 2585 Dr
1406 2560 1484 2592 Mae,
1505 2560 1540 2592 X,
1561 2566 1621 2593 271,
1640 2561 1703 2585 dice
1723 2561 1774 2586 che
1791 2559 1825 2585 R.
1846 2562 1891 2585 nei
1912 2561 1999 2593 primi
2012 2560 2058 2586 del
2073 2559 2139 2586 1161
2154 2567 2202 2586 era
2214 2561 2246 2585 in

399 2603 542 2627 consonde
561 2609 615 2627 con
641 2602 758 2626 Simone
783 2603 868 2626 conte
893 2601 923 2626 di
947 2600 1116 2630 Policastro,
1140 2600 1221 2633 figlio
1247 2602 1293 2626 del
1348 2603 1525 2633 continente,
1537 2602 1648 2628 avendo
1667 2603 1762 2636 egilii
1779 2609 1809 2635 15
1822 2610 1885 2636 gen.
1898 2603 1929 2628 di
1941 2602 2116 2636 queu’anno,
2129 2602 2183 2628 vn
2200 2603 2247 2628 del
2274 2608 2309 2634 40

398 2644 491 2669 Conte
509 2645 614 2669 Enrico
633 2645 662 2669 di
683 2643 816 2669 Paterno.
854 2644 880 2667 A
899 2645 999 2676 questa
1018 2642 1158 2675 opinione
1178 2643 1224 2668 del
1239 2643 1293 2669 Ca·
1348 2652 1399 2670 suo
1413 2645 1637 2675 arcivescovam,
1648 2646 1824 2670 conformato
1837 2645 1848 2670 i
1862 2646 1927 2670 beni
1941 2645 1992 2670 che
2002 2644 2151 2670 Giovanni
2164 2645 2248 2670 abate

398 2693 463 2720 spat
482 2686 564 2711 diede
584 2687 697 2718 origine
717 2688 738 2711 il
759 2687 900 2711 richiamo
921 2686 996 2711 fatto
1016 2686 1052 2710 da
1078 2685 1111 2710 K.
1138 2685 1172 2709 Α.
1199 2685 1294 2715 ΚεΗιι,
1348 2687 1379 2712 dl
1401 2687 1428 2712 S.
1448 2686 1597 2712 Glovanni
1618 2695 1705 2713 aveva
1729 2688 1758 2712 in
1784 2687 1877 2712 Eboli.
1914 2686 1987 2712 Pero
2013 2687 2112 2712 l'anno
2140 2686 2205 2712 1161
2231 2685 2247 2712 ὲ

399 2730 597 2761 Ergdnsungen
609 2737 642 2753 su
652 2730 730 2755 Falco
741 2737 791 2754 von
803 2730 944 2758 Benevent,
958 2729 992 2754 N.
1007 2728 1119 2753 Archi
1129 2736 1164 2759 V„
1179 2728 1293 2760 XXVII,
1349 2730 1469 2754 secondo
1489 2730 1562 2755 i'uso
1581 2730 1855 2755 dell’incarnazione
1875 2737 1890 2754 e
1909 2729 2047 2763 risponde
2065 2730 2092 2754 al
2114 2728 2190 2754 1162.

398 2769 466 2803 4683
486 2771 532 2795 nel
552 2771 644 2803 quale,
664 2771 859 2804 correggendo
878 2779 916 2796 un
936 2778 1032 2796 errore
1052 2772 1082 2795 in
1103 2771 1152 2795 cui
1177 2778 1223 2796 era
1252 2773 1294 2795 in·
1437 2770 1448 2786 ⁵
1467 2771 1613 2805 Ruggiero
1635 2771 1778 2798 “Sclavus
1790 2790 1805 2805 ‚,
1819 2780 1836 2796 o
1848 2771 1861 2784 “
1873 2771 1975 2797 Sclavo
1986 2787 2010 2802 ,‚
2022 2771 2102 2804 figlio
2116 2771 2247 2796 naturale

398 2820 479 2837 corso
500 2814 520 2836 il
542 2812 688 2838 Gaudenzi
708 2813 780 2847 (Ign.
801 2814 924 2838 Monac-bi
945 2813 1125 2838 Cisterclenstt
1143 2812 1171 2837 S.
1190 2813 1295 2837 Mart'ae
1348 2813 1392 2838 del
1414 2815 1498 2839 conte
1517 2813 1635 2840 Simone
1653 2815 1684 2840 di
1703 2815 1877 2844 pulicesne,
1905 2813 2084 2843 “Buteriam‚
2109 2813 2247 2844 Piscium,
2273 2820 2306 2847 45

398 2855 429 2878 de
446 2855 575 2879 Ferraria
589 2855 719 2880 Chronica
738 2857 794 2885 cit.,
815 2865 840 2888 p.
856 2856 898 2886 28,
912 2864 938 2881 n.
956 2854 989 2889 1),
1004 2862 1094 2881 aveva
1107 2855 1182 2880 fatto
1196 2857 1295 2880 notare
1350 2856 1519 2890 “ceteraque
1544 2856 1768 2883 Lombardorum
1796 2857 1914 2890 oppida,
1939 2864 1992 2889 que
2017 2858 2098 2889 pater
2121 2857 2182 2881 eius
2206 2857 2245 2880 te-

396 2896 448 2921 che
461 2895 680 2930 SImone,figlio
697 2899 825 2922 naturale
838 2899 866 2922 di
888 2905 917 2922 re
936 2898 1092 2930 Ruggiero,
1113 2904 1171 2922 non
1192 2899 1295 2931 poteva
1352 2898 1364 2911 “
1376 2901 1484 2928 nuerat,
1504 2900 1658 2932 occupavit
1669 2910 1697 2932 „5
1723 2900 1893 2928 Fucinum,
1916 2906 1942 2931 p.
1969 2905 2010 2932 7⁰·
2049 2898 2093 2923 Cf.
2121 2897 2246 2926 Ganun,

399 2946 488 2964 essere
508 2940 638 2971 principe
657 2940 684 2963 di
707 2939 813 2972 Capua,
828 2948 906 2965 come
919 2941 1059 2965 dicevano
1072 2939 1196 2964 Falcone
1209 2940 1294 2964 Bene-
1350 2940 1402 2965 Gli
1416 2940 1588 2966 Ater-amica
1601 2943 1614 2966 ι’
1624 2941 1785 2973 Nomannr‘,
1798 2942 1853 2967 loc.
1866 2942 1928 2970 cit.;
1941 2940 1981 2965 La
1991 2943 2081 2966 conten
2093 2939 2246 2964 aestum

398 2982 522 3004 ventano
542 2988 556 3004 e
577 2981 596 3004 il
619 2980 716 3005 Chron.
740 2981 916 3010 cisterciense,
936 2982 971 3006 da
991 2983 1036 3005 cui
1057 2981 1165 3011 deriva,
1185 2988 1230 3006 ma
1249 2988 1296 3006 era
1346 2991 1359 3006 e
1371 2983 1384 3006 ι·
1395 2983 1427 3006 de
1443 2981 1517 3012 Luci,
1539 2985 1568 3008 in
1587 2983 1640 3008 Per
1658 2983 1685 3008 la
1702 2985 1786 3009 ,γωνία
1798 2983 1843 3008 aet
1853 2990 1900 3008 sec.
1914 2982 1982 3007 XI:
1995 2980 2059 3013 XII,
2074 2979 2244 3005 Mxeuama

398 3022 528 3056 principe
549 3024 577 3047 di
592 3023 719 3048 Taranto
734 3031 813 3049 come
832 3024 894 3049 dice
914 3024 933 3049 il
956 3023 1116 3054 Falcand03
1136 3024 1174 3049 cf.
1195 3022 1293 3049 GARU-
1349 3026 1406 3056 cit.,
1427 3027 1493 3051 estr.
1514 3033 1540 3058 p.
1560 3025 1592 3059 85
1614 3034 1628 3050 e
1647 3033 1702 3059 seg.
2272 3027 2306 3054 5⁰
