2398 3470
202 216 277 241 Mum,
293 223 313 237 c.
331 219 368 242 198
407 208 483 243 240

226 560 246 574 c.
262 559 300 577 237

248 663 297 685 1156

254 1086 299 1106 iun.

349 1746 378 1764 10

348 1961 380 1988 ¹5

348 2172 383 2191 20

349 2386 381 2412 25

349 2598 385 2623 3(>

351 2810 383 2838 35

352 3023 387 3050 40

1177 198 1492 241 CHRONICON
2041 213 2093 247 [Α.
2113 213 2147 242 c.
2168 214 2264 248 11³6]

404 328 545 367 nobiles,
570 334 606 361 et
627 329 765 361 stolium
788 339 831 360 ac
855 327 1044 371 pecuniam
1067 327 1222 367 multam,
1247 334 1282 360 et
1304 328 1422 370 plures
1446 328 1491 360 de
1518 327 1735 371 baroni[bus]
1749 328 1902 372 Ap[ulie]
1917 337 1952 364 et
1967 331 2188 375 homfinibus]
2203 332 2265 376 qui

404 383 436 415 ei
459 381 609 415 rebelles
632 381 833 421 extiterant,
858 381 902 414 de
927 381 1051 424 quibus
1075 381 1201 414 multos
1223 381 1390 424 suspendi
1413 386 1449 414 et
1464 382 1626 414 excecari
1642 382 1730 415 tecit
1745 381 1766 414 ¹.
1813 382 1894 422 Quo
1910 384 2006 418 facto
2024 384 2152 419 Barum
2168 386 2265 419 uenit

403 442 437 469 et
460 446 536 467 eam
561 434 666 477 cepit,
690 440 725 467 et
748 434 829 477 quia
853 434 1025 467 Barenses
1048 440 1200 467 castrum
1232 434 1325 479 regis
1356 435 1607 473 destruxerant,
1639 446 1702 468 rex
1733 436 1784 468 ira
1815 443 2008 471 commotus
2039 438 2213 472 ciuitatem
2245 450 2266 471 a

404 488 640 522 fundamentis
669 487 839 521 subuertit
853 488 875 520 ².
922 488 1060 520 Dehinc
1092 498 1154 531 per
1185 488 1390 521 maritimam
1424 487 1552 531 Apulie
1583 489 1722 522 rediens
1753 499 1872 523 omnes
1903 490 2062 525 ciuitates
2092 492 2263 526 maritime

405 542 509 585 cepit,
534 547 568 574 et
591 540 714 574 totam'
737 547 865 574 terram
889 552 993 586 quam
1017 541 1231 585 perdiderat,
1255 542 1329 574 sine
1353 542 1446 575 bello
1470 542 1695 585 recuperauit
1706 542 1728 576 ⁸.
1776 543 1855 587 Ipse
1872 549 1988 577 autem
2012 551 2110 579 recto
2125 546 2263 579 tramite

403 596 642 628 Beneuentum
665 595 772 635 uenit,
796 605 866 638 quo
889 595 1023 628 inimici
1048 601 1083 628 et
1106 595 1255 628 rebelles
1279 595 1352 628 eius
1376 596 1422 629 ad
1445 595 1613 628 auxilium
1630 595 1747 630 domni
1763 607 1854 639 pape
1876 597 2119 642 confugerant.
2164 598 2265 632 Rob-

405 650 523 682 bertus
544 659 631 682 uero
655 649 900 692 Capuanorum
924 649 1099 692 princeps,
1123 649 1204 682 dum
1228 659 1291 692 pre
1316 649 1441 682 timore
1465 649 1556 693 regis
1579 649 1688 682 uellet
1711 650 1879 694 aufugere
1902 657 1938 684 et
1958 651 2028 683 iam
2044 651 2260 686 Garilianum

403 703 545 736 fluuium
568 703 806 746 pertransiret,
831 702 1030 735 Riccardus
1053 703 1097 735 de
1122 702 1253 747 Aquila
1277 712 1394 735 comes
1426 703 1616 736 Fundanus
1629 702 1651 742 ⁴,
1684 703 1743 747 qui
1773 703 1879 738 homo
1910 704 2069 738 eiusdem
2098 705 2267 750 principis

406 763 490 795 erat,
514 756 635 799 positis
657 756 792 789 insidiis
816 756 929 799 ipsum
953 756 1049 799 cepit
1074 762 1108 790 et
1130 757 1224 800 regis
1247 756 1373 790 baiulis
1396 756 1597 801 assignauit,
1621 756 1741 801 sicque
1765 757 1829 791 sub
1852 758 1920 791 hoc
1944 764 2114 801 tempore,
2145 757 2266 802 pro'di-

404 811 507 843 tionis
530 820 671 854 genere,
695 810 843 854 gratiam
866 810 970 854 regis,
994 820 1097 854 quam
1113 809 1331 853 perdiderat,
1347 811 1581 853 recuperauit.
1628 810 1708 844 Rex
1723 817 1841 844 autem
1856 811 2054 855 predictum
2070 812 2267 855 principem

404 865 696 897 incarcerandum
719 864 756 896 in
780 863 940 898 Siciliam
963 863 1150 896 transmisit
1163 862 1186 896 ⁵.
1235 862 1409 897 Comitem
1432 863 1664 903 Robbertum,
1688 863 1870 898 Andream
1894 865 1939 898 de
1961 865 2210 909 Rupe-canina
2233 871 2269 899 et

403 918 556 962 reliquos
577 918 738 951 inimicos
760 928 851 958 suos,
875 918 935 961 qui
957 918 1199 951 Beneuentum
1222 918 1267 951 ad
1284 919 1449 951 domnum
1472 928 1599 961 papam
1624 918 1870 962 confugerant,
1892 919 2049 952 eiusdem
2071 929 2164 963 pape
2186 930 2268 963 pre-

405 971 503 1005 cibus
526 971 653 1005 liberos
676 977 712 1005 et
733 971 852 1004 illesos
875 982 954 1004 cum
977 971 1080 1004 rebus
1104 970 1172 1003 suis
1197 971 1241 1004 de
1265 981 1375 1016 regno
1400 971 1494 1004 exire
1517 971 1675 1014 permisit
1687 970 1710 1005 ⁶.
1756 972 1836 1015 Ipse
1860 978 1976 1006 autem
2000 973 2117 1007 multis
2139 972 2269 1007 nuntiis

404 1025 716 1059 intercurrentibus
740 1030 776 1059 et
799 1025 963 1069 capitulis
985 1025 1085 1069 pacis
1116 1025 1199 1058 hinc
1230 1025 1314 1058 inde
1346 1024 1532 1068 dispositis,
1564 1035 1644 1058 cum
1676 1036 1769 1069 papa
1799 1026 2035 1060 concordatus
2064 1031 2127 1060 est.
2172 1026 2267 1060 Nam

403 1078 581 1113 Adrianus
593 1090 685 1123 papa
700 1090 779 1112 cum
797 1079 1036 1112 cardinalibus
1051 1079 1120 1112 suis
1137 1078 1182 1112 ad
1199 1078 1387 1112 ecclesiam
1404 1079 1515 1113 sancti
1531 1079 1716 1118 Marciani,
1734 1089 1802 1123 que
1818 1090 1930 1123 prope
1946 1080 2110 1114 Calorem
2125 1080 2268 1114 fluuium

403 1134 469 1166 sita
493 1139 555 1172 est,
578 1134 734 1173 ueniens,
757 1142 879 1177 regem
902 1132 1155 1175 W[ilhelmum]
1180 1133 1226 1166 ad
1249 1133 1359 1175 pedes
1382 1143 1462 1166 suos
1484 1133 1661 1166 humiliter
1677 1132 1907 1167 accedentem
1922 1133 2078 1177 benigne
2093 1133 2231 1177 recepit
2243 1136 2269 1168 ⁷.

404 1186 477 1227 Qui
499 1188 596 1221 iacto
620 1187 823 1226 iuramento,
847 1193 886 1219 ut
910 1187 1016 1220 moris
1041 1193 1127 1226 erat,
1151 1186 1279 1230 liggius
1303 1186 1408 1219 homo
1432 1196 1524 1230 pape
1548 1187 1701 1227 deuenit,
1734 1193 1769 1220 et
1798 1198 1891 1231 papa
1921 1187 2036 1230 ipsum
2066 1198 2130 1231 per
2159 1198 2268 1221 unum

496 1314 517 1331 1.
537 1313 569 1331 ac
588 1313 682 1330 manca
703 1306 727 1331 C
743 1319 752 1324 -
770 1305 891 1338 pecunia
911 1305 1002 1330 multa
1024 1306 1048 1330 C
1062 1304 1235 1336 suprascr-tuo
1254 1305 1289 1328 da
1308 1312 1385 1329 mano
1404 1304 1449 1329 del
1465 1312 1513 1329 sec.
1532 1305 1620 1330 XVII
1637 1313 1698 1330 cum
1718 1318 1730 1324 -
1750 1305 1906 1331 baronibus
1925 1305 2033 1338 ApuIIe
2052 1307 2080 1331 et
2100 1305 2267 1331 hominibus

403 1351 431 1375 B
448 1356 462 1373 a
480 1349 558 1373 Scuto
578 1361 611 1367 —-
631 1356 655 1381 4.
675 1349 792 1373 ueniens
814 1349 861 1373 Ce
878 1347 968 1372 Arndt
988 1361 1019 1365 —
1039 1355 1064 1379 9.
1084 1347 1231 1379 asIgnauit
1253 1347 1278 1372 C
1294 1354 1307 1370 e
1324 1346 1415 1371 Arndt
1432 1359 1443 1365 -
1462 1348 1585 1380 tempori
1609 1349 1633 1374 C
1649 1360 1683 1366 -
1701 1354 1775 1381 9-10.
1795 1348 1976 1380 prodicionis
1999 1347 2023 1372 G
2037 1356 2051 1372 e
2069 1348 2161 1374 Arndt
2173 1362 2206 1366 ———
2228 1355 2269 1381 13.

406 1392 520 1416 nunciIs
541 1392 566 1417 C
581 1398 595 1414 e
613 1391 705 1415 Arndt
724 1405 757 1408 —
779 1396 818 1421 15.
838 1390 1002 1414 Hadrianus
1021 1389 1047 1413 B
1066 1398 1079 1413 ε
1098 1389 1180 1414 sasso
1198 1402 1232 1407 —
1255 1388 1295 1413 16.
1315 1388 1492 1414 Gulielmum
1510 1390 1537 1413 B
1554 1397 1566 1413 ι
1586 1389 1663 1414 Sasso
1682 1402 1716 1408 —
1738 1395 1778 1421 17.
1797 1391 1858 1423 ipse
1879 1391 1903 1416 C

498 1479 506 1496 ¹
525 1480 647 1505 Annales
669 1479 814 1508 Casinam„
835 1481 865 1503 in
885 1478 925 1503 M.
947 1478 980 1503 G.
1001 1478 1047 1508 H„
1069 1478 1127 1510 SS.‚
1148 1478 1224 1509 XIX,
1244 1485 1312 1510 311;

408 1524 528 1548 Annales
548 1523 700 1548 Ceccanens.
719 1523 850 1547 all’anno
873 1521 950 1554 1156,
969 1522 1009 1546 M.
1031 1521 1064 1546 G.
1084 1521 1130 1552 E,
1155 1521 1215 1551 SS.‚
1235 1521 1310 1550 XIX,

408 1565 474 1599 2845
495 1565 689 1591 Gmnmrmtus
707 1572 746 1590 ms
765 1565 859 1596 Timo,
880 1567 921 1596 op.
940 1565 995 1593 cit„
1014 1564 1036 1595 Ι,
1059 1563 1127 1596 831:
1154 1564 1220 1589 Uco
1240 1564 1311 1589 Fu.-

407 1616 517 1639 cumo,
535 1609 580 1634 ed.
599 1609 658 1638 cit..
678 1615 726 1637 2ο;
752 1608 870 1633 Nxcav.
897 1607 1067 1637 Canium-E,
1093 1607 1128 1636 ΙΙ,
1155 1612 1179 1639 7,
1206 1614 1231 1640 p.
1254 1613 1312 1638 125.

407 1650 448 1676 La
467 1651 602 1676 sconfitta
621 1651 666 1676 dei
688 1650 772 1675 Greci
794 1650 826 1674 su
845 1649 999 1683 completa,
1017 1656 1032 1674 e
1046 1649 1090 1673 fra
1102 1649 1145 1682 gii
1159 1649 1229 1673 altri
1248 1649 1313 1673 cad·

407 1694 475 1719 dero
494 1694 668 1727 prigionieri
694 1694 814 1717 insieme
832 1692 1020 1721 coll’armata,
1039 1691 1189 1717 Giovanni
1208 1691 1311 1720 Ducas,

407 1737 523 1762 Aiessio
543 1736 699 1769 Brycnnio,
718 1743 732 1760 e
753 1735 838 1760 moiti
857 1734 1019 1760 Normanni
1038 1734 1145 1759 ribelli.

497 1779 537 1804 La
557 1779 671 1804 notizia
690 1779 719 1803 di
739 1778 773 1803 R.
794 1778 839 1803 sui
858 1777 983 1809 castighi
1004 1777 1104 1801 inflitti
1125 1776 1160 1801 da
1180 1776 1312 1810 Gugliel-

408 1830 455 1847 mo
475 1822 488 1847 1
507 1822 535 1847 ai
554 1821 652 1846 ribelli
677 1819 692 1846 'e
717 1821 896 1846 confermata
922 1820 971 1844 dal
996 1820 1127 1852 diploma
1151 1820 1312 1844 conceduto

408 1865 457 1890 dal
477 1872 506 1890 re
524 1872 540 1889 a
559 1864 642 1898 Lupo
656 1865 841 1889 arcivescovo
855 1863 883 1888 di
898 1862 1026 1887 Brindisi
1042 1863 1214 1895 nell'agosto
1232 1862 1312 1895 1156:

411 1908 512 1933 “anno
531 1915 599 1932 vero
619 1908 699 1939 regni
720 1907 832 1931 domini
852 1905 899 1931 W.
918 1906 973 1930 Dei
992 1906 1087 1939 gratia
1106 1905 1311 1938 gloriosissimi

409 1951 423 1965 ¹¹
434 1951 510 1983 regis
521 1950 622 1975 Slciiie
635 1949 755 1974 ducatus
767 1949 875 1983 Apulie
886 1950 914 1973 et
924 1949 1105 1981 principatus
1116 1949 1214 1981 Capue
1223 1949 1313 1977 sexto,

411 1993 554 2019 “ducatus
573 2000 642 2018 vero
661 1993 773 2018 domini
799 1991 921 2025 Rogerii
945 1991 1071 2024 gloriosi
1096 1992 1179 2016 ducis
1204 1990 1313 2024 Apuiie

410 2036 489 2061 “filii
509 2036 556 2061 sui
581 2043 659 2060 anno
684 2036 779 2068 primo
789 2051 815 2068 ‚,.
851 2034 906 2059 Nel
932 2034 1098 2067 preambolo
1125 2034 1271 2059 s’accenna
1298 2042 1313 2059 a

409 2080 507 2112 questa
527 2079 647 2103 vittoria
665 2085 680 2104 e
699 2079 723 2102 si
743 2078 807 2103 dice
826 2077 877 2103 che
895 2077 980 2102 molti
1002 2077 1097 2102 ribeiii
1120 2077 1224 2102 furono
1248 2078 1313 2102 but-

409 2122 464 2147 tati
482 2128 500 2146 a
519 2127 610 2150 σιω-ες
630 2120 666 2145 cs.
685 2120 833 2149 Bcffluzm,
861 2119 915 2144 Str.
936 2119 986 2149 St„
1012 2120 1070 2148 cit„
1095 2119 1165 2151 Reg.
1191 2127 1219 2144 n.
1248 2125 1313 2152 1373

409 2163 444 2189 K.
463 2164 499 2188 A.
518 2162 612 2193 Kana,
631 2165 671 2194 op.
690 2163 746 2194 cit„
765 2169 791 2195 p.
811 2168 865 2194 309
884 2168 900 2186 e
919 2169 948 2186 n.
967 2160 993 2186 6.

497 2204 509 2222 ²
527 2205 594 2231 Uoo
611 2204 782 2236 Finem-no,
801 2207 842 2236 op.
861 2206 919 2233 cie„
945 2211 973 2236 p.
999 2210 1047 2233 αις
1073 2204 1195 2229 Annales
1222 2203 1313 2229 σεισα-

409 2256 481 2274 nens.
503 2249 533 2273 ln
551 2247 591 2273 M.
612 2248 646 2273 G.
664 2247 710 2277 H„
730 2247 790 2278 SS.‚
808 2246 883 2276 xtx,
903 2246 964 2279 284,
984 2254 1029 2272 an.
1047 2246 1123 2278 1156.
1160 2246 1223 2272 Due
1236 2248 1313 2272 carte

409 2293 522 2326 private
542 2291 570 2316 di
590 2290 657 2316 Bari
675 2290 750 2323 (gen.
771 2296 849 2323 1157,
869 2289 930 2314 ind.
949 2289 983 2318 V,
1003 2297 1018 2314 e
1032 2296 1046 2314 2
1065 2290 1214 2314 settembre
1237 2294 1313 2322 1177,

410 2334 471 2359 ind.
489 2332 526 2366 X)
545 2340 711 2359 accennano
737 2328 796 2358 aila
818 2332 996 2357 distruzione
1015 2332 1045 2357 di
1071 2332 1147 2357 Bari.
1184 2332 1313 2357 Kirama-

410 2378 454 2402 ria
473 2376 487 2390 ¹¹
499 2377 571 2402 olim
590 2375 724 2401 Barensis
748 2374 809 2400 filia
833 2374 972 2400 Roberti.
984 2394 989 2399 .
1002 2391 1027 2399 ..
1054 2382 1131 2399 nunc
1157 2382 1314 2399 commora-

410 2420 495 2444 “trix
522 2420 653 2444 civitatis
680 2417 833 2443 Iuvenacie
845 2435 870 2450 η,
895 2418 970 2442 oltre
994 2417 1098 2442 alcune
1123 2418 1198 2442 terre
1223 2418 1314 2442 vende

409 2463 518 2495 quanto
538 2461 565 2486 le
584 2462 776 2495 apparteneva
799 2459 813 2473 ³
823 2460 855 2485 in
875 2467 933 2484 uno
953 2460 1041 2484 casali
1062 2460 1160 2485 dituto
1180 2460 1257 2492 quod
1271 2461 1314 2485 est

412 2504 511 2529 “lutus
524 2503 621 2528 diruta
630 2504 752 2528 civitate
761 2502 827 2527 Bari
839 2509 928 2535 prope
938 2501 1087 2526 ecclesiam
1098 2509 1120 2527 s.
1134 2501 1265 2535 Angeli..
1274 2521 1280 2527 .
1290 2519 1314 2535 ‚,‚

411 2547 474 2572 dIce
492 2546 521 2572 la
539 2546 632 2579 prima
651 2547 743 2575 cartn
764 2545 841 2570 neila
859 2545 981 2569 seconda
1002 2544 1075 2569 Mele
1095 2545 1123 2569 di
1144 2545 1219 2574 Bari,
1233 2544 1313 2576 figlio

411 2590 607 2619 d’Ameruno,
627 2589 757 2614 dichiara
771 2588 801 2613 di
815 2595 884 2613 aver
898 2587 1015 2612 creduto
1029 2587 1151 2620 perduta
1165 2595 1222 2612 una
1236 2589 1313 2612 carta

411 2631 442 2656 di
461 2631 572 2656 credito
593 2631 681 2655 “dum
700 2631 846 2655 exivimus
871 2637 907 2655 ex
932 2629 1061 2662 predicta
1086 2629 1208 2654 civitate
1236 2630 1314 2654 iussu

414 2674 428 2687 “
439 2674 561 2707 predicti
577 2673 691 2699 domini
705 2673 799 2698 nostri
814 2673 889 2704 regis
902 2671 1044 2696 Wiilelmi
1057 2678 1119 2696 cum
1134 2671 1234 2696 multis
1248 2672 1315 2696 aliis

412 2717 568 2742 “brebibus
587 2717 630 2741 ibi
650 2716 763 2741 ammisi
781 2716 810 2741 et
828 2715 971 2740 curricula
991 2715 1114 2747 vigintis
1140 2721 1243 2739 novem
1267 2722 1315 2739 an·

413 2760 426 2774 ‘⁴
439 2766 540 2784 norum
561 2760 590 2783 in
612 2760 675 2792 ipsa
693 2758 873 2783 immissione
892 2757 1089 2790 expleverunt,
1110 2757 1263 2781 clamorem
1283 2757 1315 2782 in

415 2802 428 2815 ‘⁴
437 2802 517 2826 curia
536 2802 599 2826 misi
611 2818 619 2826 .
631 2820 636 2826 .
649 2819 655 2825 .
667 2820 673 2827 .
693 2802 828 2833 quatinus
843 2801 936 2833 ipsum
949 2799 1032 2824 brebe
1046 2799 1121 2831 quod
1135 2799 1315 2824 ammiseram

414 2845 427 2859 α
438 2846 469 2869 in
489 2844 685 2869 destructione
705 2843 836 2869 civitatis
848 2859 855 2868 .
866 2862 872 2868 .
884 2862 889 2867 .
902 2862 907 2868 .
919 2859 945 2876 ‚,.
1105 2844 1106 2849 ¹

501 2884 513 2902 ³
532 2887 620 2916 Boso,
633 2885 689 2911 Lib.
703 2885 810 2917 Pontffi,
824 2885 859 2915 11,
872 2890 1004 2919 394-3952
1022 2884 1035 2898 “
1045 2903 1051 2909 .
1063 2903 1068 2909 .
1081 2883 1194 2909 ..Unde
1208 2884 1316 2908 factum

414 2931 428 2945 ⁸
434 2932 477 2956 est
487 2930 562 2963 quod
577 2931 668 2954 totam
681 2928 819 2962 Apuliam
829 2929 859 2954 et
868 2928 929 2953 elus
938 2927 1007 2953 fines
1017 2928 1115 2952 tantus
1124 2926 1213 2951 timor
1222 2927 1251 2951 et
1261 2927 1316 2950 tre-

415 2973 428 2987 ¹‘
438 2980 499 2998 mor
512 2973 628 3005 repente
647 2972 758 2996 invasIt
778 2973 809 2996 ut
822 2972 849 2996 ei
864 2971 999 3004 deinceps
1013 2971 1144 2995 resistere
1158 2968 1256 2993 nuilus
1270 2975 1318 2993 au-

416 3016 429 3029 “
440 3015 526 3045 deret,
546 3017 589 3040 set
607 3015 733 3040 universi
755 3022 770 3039 a
791 3014 865 3039 facie
879 3014 972 3047 ipsius
987 3013 1139 3046 fugientes,
1152 3012 1216 3037 sine
1229 3011 1315 3036 armis

1368 1478 1420 1504 “et
1441 1480 1592 1505 coactione
1616 1479 1714 1512 aliqua
1739 1480 1874 1505 civitates
1899 1481 1927 1505 et
1953 1487 2031 1505 arces
2056 1480 2270 1505 munitissimas

1369 1522 1478 1547 “illico
1497 1523 1631 1547 dominio
1650 1524 1712 1547 eius
1733 1524 1921 1548 restituerunt
1938 1540 1961 1555 ‚,.

1456 1563 1467 1581 ⁴
1484 1564 1627 1590 Riccardo
1640 1564 1778 1597 d’Aquila
1798 1567 1884 1590 conte
1903 1565 1934 1590 di
1953 1564 2059 1596 Fundi,
2080 1566 2112 1591 fu
2130 1565 2212 1599 figlio
2238 1565 2269 1591 dl

1368 1607 1502 1633 Goffredo
1522 1607 1661 1640 d’Aquila
1680 1609 1775 1633 morto
1795 1608 1817 1633 il
1839 1615 1879 1640 14,
1904 1608 1926 1640 1,
1956 1607 2033 1642 1148.
2070 1608 2116 1634 Cf.
2142 1607 2270 1639 Ganun,

1366 1651 1394 1676 It
1409 1651 1568 1683 Nemlogro
1587 1650 1631 1675 del
1648 1650 1729 1676 Liber
1751 1650 1843 1682 Cor-fr.
1862 1651 1920 1680 cit„
1934 1659 1982 1684 pp.
2002 1651 2027 1683 8,
2044 1658 2102 1685 152,
2115 1658 2166 1684 342
2180 1659 2196 1677 e
2209 1650 2270 1685 362.

1365 1694 1419 1719 Per
1437 1694 1460 1719 il
1479 1696 1564 1719 conte
1583 1694 1613 1718 dl
1631 1693 1735 1723 Fotidi,
1758 1693 1795 1718 cs.
1813 1693 1900 1718 Codex
1912 1693 2102 1725 diplomaticus
2117 1692 2271 1728 cessamus,

1366 1736 1401 1766 11,
1421 1735 1480 1768 280,
1502 1744 1548 1762 an.
1570 1742 1646 1769 1153.
1671 1736 1813 1761 Riccardo
1827 1735 1962 1768 d’AquIIa
1976 1744 2030 1761 con
2044 1736 2073 1761 la
2086 1735 2184 1762 madre
2195 1734 2270 1762 Ade-

1367 1779 1444 1811 licia,
1466 1777 1513 1811 gii
1532 1780 1643 1804 vedova
1662 1779 1691 1803 di
1712 1778 1847 1804 Goffredo
1867 1778 1896 1803 di
1916 1778 2032 1811 Aquila,
2046 1785 2119 1804 sono
2131 1778 2272 1804 ricordati

1368 1823 1398 1847 in
1420 1821 1709 1855 Catahg.3Baronum,
1729 1821 1798 1846 ediz.
1818 1821 1882 1846 Dm.
1899 1820 1952 1853 Ra,
1974 1829 2002 1853 p.
2020 1820 2087 1853 582:
2114 1819 2129 1834 ‘¹
2140 1840 2146 1846 .
2157 1840 2163 1846 .
2174 1838 2182 1846 .
2193 1840 2199 1847 .
2213 1820 2272 1847 Co·

1369 1865 1383 1879 α
1393 1866 1512 1890 mitatus
1525 1865 1696 1890 Fundanus:
1710 1863 1868 1889 Riccardus
1886 1863 1963 1888 filius
1977 1863 2102 1888 Goffridi
2115 1863 2150 1888 de
2162 1863 2271 1896 Aqulla

1369 1907 1383 1921 “
1393 1909 1422 1933 et
1442 1907 1531 1933 mate'r
1556 1907 1616 1932 eius
1635 1906 1778 1936 Adeiicia,
1798 1906 1873 1932 sicut
1891 1906 2036 1936 dixerunt,
2055 1907 2156 1931 tenent
2174 1905 2271 1941 TraJe·

1370 1950 1384 1964 α
1395 1952 1471 1975 ctum
1490 1950 1565 1982 quod
1584 1951 1627 1974 est
1647 1949 1764 1974 feudum
1785 1949 1835 1973 VIl
1857 1948 1982 1973 militum
2000 1950 2029 1973 et
2047 1948 2137 1973 Itrum
2157 1947 2273 1974 feudum

1370 1992 1384 2006 ‘¹‘
1398 1999 1428 2018 11
1449 1993 1576 2017 militum
1587 2010 1611 2024 ‚,.

1456 2033 1468 2051 ὅ
1486 2035 1553 2060 Uoo
1572 2034 1741 2066 FALcANDo,
1761 2041 1788 2067 p.
1808 2040 1850 2063 22,
1871 2034 1933 2059 dice
1954 2034 2004 2059 che
2023 2033 2139 2058 Malone
2151 2033 2198 2059 nel
2212 2040 2271 2058 car-

1368 2085 1429 2104 cere
1447 2078 1478 2103 lo
1498 2078 1558 2103 fece
1577 2084 1721 2114 aceecarez
1742 2074 1930 2110 “[Robertus]
1951 2084 2034 2108 quem
2048 2076 2206 2102 admit-atus
2218 2076 2271 2101 Pa-

1370 2121 1384 2134 “
1395 2121 1491 2146 normi
1511 2127 1570 2145 non
1589 2119 1682 2144 multo
1702 2121 1768 2152 post
1787 2119 1818 2143 in
1840 2119 1959 2144 vincula
1978 2118 2151 2148 coniectum,
2177 2117 2271 2144 oculis

1369 2162 1463 2188 “fecit
1482 2162 1592 2196 privari
1604 2171 1631 2193 ,ς
1653 2169 1698 2186 ma
1719 2160 1910 2186 nessun’altra
1930 2161 2011 2186 sonte
2031 2162 2143 2186 accerta
2161 2159 2270 2186 siffatta

1368 2206 1490 2231 notizia.

1454 2246 1466 2264 θ
1483 2247 1610 2273 Roberto
1630 2248 1716 2272 conte
1735 2246 1766 2271 di
1786 2246 1935 2271 Loretelio
1954 2253 1970 2271 e
1989 2246 2106 2271 Andrea
2125 2245 2157 2270 dl
2175 2244 2270 2278 Rupe-

1367 2292 1473 2316 canina
1491 2291 1641 2315 restarono
1661 2290 1763 2314 armati
1785 2289 1861 2322 negli
1882 2287 2003 2313 Abruzzi
2017 2295 2033 2313 e
2046 2289 2271 2321 parteggiarono

1368 2335 1417 2366 poi
1438 2341 1491 2358 con
1512 2332 1645 2358 Manueie
1665 2331 1837 2356 Commeno:
1857 2330 1904 2356 Cf.
1923 2330 2099 2359 Cnnumus,
2117 2330 2153 2362 11,
2174 2336 2243 2363 2343
2256 2337 2272 2355 e

1369 2376 1518 2402 chronicon
1538 2375 1566 2400 S.
1587 2374 1784 2400 Bartholomae!
1800 2373 1832 2398 de
1854 2374 1995 2405 Car-pineto
2015 2374 2045 2397 in
2065 2371 2209 2403 Uonnu,
2234 2372 2271 2397 Ie.

1368 2418 1461 2449 Sacra,
1480 2417 1515 2446 X,
1535 2424 1581 2451 pp.
1608 2415 1738 2449 368-370.

1456 2459 1467 2476 ⁷
1486 2461 1574 2491 Boso,
1594 2459 1652 2484 La.
1672 2457 1782 2489 Pomm,
1800 2458 1836 2489 ΙΙ,
1855 2462 1917 2491 395,
1937 2455 1973 2482 ἀὲ
1991 2457 2135 2491 maggiori
2148 2457 2271 2490 partico—

1368 2503 1432 2535 lari,
1447 2503 1595 2528 accennati
1608 2508 1721 2534 appena
1734 2501 1770 2526 da
1779 2500 1813 2526 R.
1825 2500 1901 2525 colla
1914 2500 1990 2524 frase
2002 2500 2135 2532 generica
2150 2498 2272 2524 “multis

1370 2545 1508 2570 “nuntiis
1529 2544 1786 2570 intercurrentibus
1804 2544 1832 2568 et
1852 2542 1990 2575 capitulis
2009 2542 2089 2576 pacis
2108 2541 2178 2566 hinc
2204 2540 2272 2566 inde

1370 2588 1384 2602 ‘¹
1393 2588 1544 2621 dIspositis
1554 2605 1568 2619 ,‚
1579 2595 1586 2611 ε
1612 2586 1626 2601 ‘¹
1637 2584 1824 2618 [Willelmus]
1837 2604 1843 2610 .
1854 2602 1862 2610 .
1873 2602 1880 2610 .
1893 2604 1898 2610 .
1924 2592 1941 2610 a
1955 2584 2150 2617 superioribus
2163 2582 2272 2616 Apulie

1371 2630 1526 2664 “partibus
1546 2637 1608 2655 cum
1634 2630 1762 2654 exercitu
1785 2628 1887 2656 movit,
1907 2628 1935 2652 et
1949 2626 2142 2651 Beneventum
2155 2626 2272 2651 civItsti

1371 2672 1384 2686 “
1395 2681 1483 2706 usque
1497 2673 1531 2698 ad
1551 2672 1608 2697 duo
1623 2671 1750 2697 miliaria
1763 2670 1980 2704 propinquavit.
2017 2669 2099 2694 Tunc
2111 2668 2272 2703 sepedictus

1372 2715 1386 2729 “
1395 2716 1532 2749 pontifex
1557 2714 1735 2740 venerabiles
1748 2714 1827 2738 viros
1841 2712 2001 2746 predictum
2011 2708 2178 2745 U[baldum]
2189 2710 2272 2736 tituli

1371 2757 1385 2771 “
1395 2759 1494 2783 sancte
1512 2756 1660 2786 Praxeffls,
1673 2753 1802 2790 1[uiium]
1817 2755 1899 2779 tituli
1911 2754 2006 2779 sancti
2020 2753 2149 2778 Marcelli
2162 2754 2192 2778 et
2203 2750 2273 2787 R[o-

1372 2800 1385 2813 ⁸
1396 2798 1527 2834 landum]
1546 2799 1628 2825 tituli
1649 2799 1741 2823 sancti
1761 2798 1860 2827 Marci,
1874 2797 1947 2822 sedis
1963 2796 2122 2829 apostolice
2135 2794 2272 2820 cancella-

1370 2842 1383 2856 ¹¹
1393 2844 1477 2874 rium,
1492 2842 1666 2875 presbiteros
1681 2840 1851 2869 cardinales,
1866 2838 1900 2864 ad
1914 2838 2033 2864 eundem
2048 2844 2141 2871 regem
2155 2837 2271 2868 direxit,

1369 2885 1382 2899 ¹¹
1393 2886 1530 2917 quatinus
1543 2892 1578 2910 ex
1598 2885 1679 2917 parte
1691 2884 1766 2908 beati
1780 2882 1860 2907 Petri
1873 2889 1936 2906 eum
1950 2881 2090 2906 attentius
2109 2886 2270 2905 commone-

1371 2926 1385 2940 “
1396 2929 1460 2952 rent
1474 2929 1505 2952 ut
1518 2927 1552 2952 ab
1567 2926 1681 2951 offensis
1694 2927 1756 2950 eius
1769 2926 1891 2950 omnino
1905 2924 2025 2948 cessaret
2035 2939 2043 2948 .
2055 2942 2060 2948 .
2071 2941 2079 2949 .
2091 2942 2096 2947 .
2107 2941 2122 2955 „
2139 2922 2153 2935 u
2165 2941 2170 2946 .
2183 2940 2188 2946 .
2199 2939 2207 2947 .
2217 2937 2225 2947 .
2244 2922 2272 2946 et

1370 2968 1384 2982 “
1397 2970 1514 2994 veniens
1533 2969 1569 2994 ad
1587 2968 1738 2993 ecclesiam
1757 2967 1783 2992 S.
1803 2966 1944 2991 Marciani
1969 2966 2050 2990 iuxta
2077 2963 2272 2989 Beneventum

1373 3010 1387 3024 ¹‘
1397 3011 1524 3044 positam
1535 3027 1543 3035 .
1556 3027 1564 3036 .
1574 3027 1581 3035 .
1594 3029 1598 3035 .
1611 3027 1636 3042 ‚,.
