2398 3470
179 265 264 300 [ΑΛ.
285 265 318 294 c.
339 267 490 300 682-6871
768 262 1056 299 ROMUALDI
1084 263 1453 299 SALERNITANI
1971 266 2040 302 133

178 337 2031 349 ..........................................................................................................................................................................................................

267 392 517 426 Constantinus
539 394 740 437 imperator,
763 393 945 438 postquam
969 404 1062 427 xvm
1089 405 1199 428 annos
1214 395 1393 438 imperium
1417 402 1566 435 rexerat,
1589 397 1684 439 apud
1707 397 2045 441 Constantinopolim

179 431 334 480 moritur.
352 484 354 486 ,
379 446 446 480 Cui
467 448 637 481 successit
660 448 870 481 Iustinianus
893 448 982 481 filius
1012 448 1086 482 eius
1109 448 1230 482 minor.
1277 448 1416 481 Interea
1444 450 1626 492 predictus
1656 450 1798 494 Agatho
1821 461 1963 484 romane
1988 461 2046 484 ec-

181 499 285 533 clesie
308 500 471 542 pontifex
494 501 587 534 diem
612 501 710 535 obiit.

267 552 335 586 Cui
358 554 527 587 successit
548 555 635 594 Leo,
661 555 720 598 qui
743 556 857 588 dictus
880 561 933 588 est
955 555 1082 594 iunior,
1106 555 1247 589 natione
1272 555 1422 595 Siculus,
1439 557 1483 588 de
1500 563 1600 600 patre
1623 557 1744 596 Paulo,
1769 558 1928 601 seditque
1946 569 2044 591 men-

137 607 155 638 5
180 605 275 640 sibus
311 616 345 639 x,
392 607 458 639 Vir
491 608 642 641 omnium
677 609 842 641 uirtutum
875 608 1008 641 meritis
1042 608 1236 642 decoratus.
1290 609 1376 641 Erat
1404 609 1497 641 enim
1534 610 1835 653 eloquentissimus
1858 612 1894 643 in
1918 611 2049 644 diuinis

178 659 362 702 scripturis
385 660 598 693 sufficienter
619 661 821 700 instructus,
837 671 944 705 greca
973 662 1150 705 latinaque
1165 661 1286 706 lingua
1307 662 1463 695 eruditus
1484 668 1587 706 atque
1611 664 1826 697 scolasticus.
1861 664 2047 698 Cantilena

178 722 221 744 ac
245 712 440 755 psalmodia
462 714 662 756 precipuus,
685 720 721 747 et
742 714 779 746 in
803 724 924 747 corum
955 714 1111 748 sensibus
1141 715 1364 748 subtilissima
1395 716 1646 749 exercitatione
1679 717 1828 750 limatus.
1867 718 2045 750 Bonorum

180 767 333 799 omnium
356 772 537 800 exortator
559 777 714 810 operum,
738 767 961 801 solertissime
985 769 1164 802 scientiam
1191 769 1287 812 plebi
1309 769 1587 802 florentissimam
1613 771 1808 814 ingerebat,
1832 772 2049 815 paupertatis

179 826 323 859 amator,
347 831 431 864 erga
461 820 603 863 inopum
633 821 864 863 prouisionem
894 831 963 854 non
994 822 1104 854 solum
1140 823 1266 856 mentis
1288 823 1419 865 pietate
1450 824 1513 856 sed
1536 828 1571 856 et
1594 825 1699 857 studii
1725 824 1844 857 labore
1869 826 2047 858 sollicitus.

65 878 72 887 ²
118 873 157 904 10
181 872 249 905 Hic
273 879 308 905 et
330 879 463 906 sextam
486 874 640 917 suscepit
663 873 845 918 Synodum
865 873 1103 908 condemnans
1128 886 1170 908 ea
1193 886 1261 920 que
1285 877 1410 909 eadem
1434 876 1599 920 Synodus
1623 878 1929 911 condemnauerat.
1978 878 2046 910 Hic

68 928 74 932 “
181 926 408 959 constitutum
431 927 519 959 fecit
540 933 579 960 ut
601 927 660 970 qui
684 927 865 960 ordinatus
887 928 995 961 fuerit
1010 928 1296 972 archiepiscopus
1320 930 1449 962 nullam
1472 930 1761 963 consuetudinem
1777 941 1842 974 pro
1866 942 1931 964 usu
1955 931 2052 974 pallii

179 984 239 1012 aut
262 979 408 1012 diuersis
431 980 553 1013 officiis
575 980 727 1013 ecclesie
750 981 950 1023 persoluere
975 981 1112 1020 debeat,
1136 988 1196 1015 aut
1220 982 1306 1016 alius
1321 993 1387 1026 pro
1409 984 1477 1016 hoc
1501 984 1666 1026 accipere
1683 984 1741 1027 qui
1765 985 1869 1017 etiam
1891 985 2048 1028 sepultus

181 1038 234 1065 est
256 1033 303 1066 ad
326 1032 465 1066 beatum
489 1033 630 1066 Petrum
651 1034 848 1076 apostolum
861 1034 882 1067 ¹.

270 1086 362 1119 Huic
374 1093 491 1119 autem
503 1087 671 1120 successit
681 1088 906 1128 Benedictus,
921 1095 1150 1133 cognomento
1162 1089 1288 1129 iunior,
1304 1090 1448 1123 natione
1465 1091 1646 1124 Romanus
1663 1092 1707 1125 de
1723 1098 1822 1134 patre
1851 1093 1865 1109 ‘⁴
1875 1093 2042 1131 Iohanne,

60 1130 63 1146 ³
106 1140 160 1172 '15
191 1139 382 1183 “seditque
404 1140 579 1173 mensibus
602 1149 638 1173 x.
684 1140 754 1173 Hic
777 1140 823 1173 ab
839 1141 982 1175 ineunte
1006 1141 1108 1176 etate'
1132 1153 1191 1176 sue
1224 1143 1373 1176 ecclesie
1403 1144 1568 1177 militauit
1591 1150 1696 1188 atque
1719 1145 1772 1178 sic
1796 1156 1833 1178 se
1857 1146 1895 1178 in
1919 1146 2046 1179 diuinis

185 1194 200 1210 ⁴⁴
213 1193 396 1235 scripturis
418 1199 454 1226 et
476 1193 654 1226 cantilena
676 1205 697 1226 a
720 1194 845 1237 puerili
869 1201 972 1234 etate,
987 1196 1075 1229 etin
1097 1196 1306 1240 presbyterii
1329 1197 1497 1240 dignitate
1512 1198 1656 1231 nomine
1679 1198 1811 1241 pariter
1834 1205 1869 1232 et
1885 1200 2051 1242 operibus

183 1246 198 1262 ⁴⁶
215 1245 385 1285 exhibuit,
409 1253 447 1280 ut
470 1246 576 1291 digne
599 1248 646 1280 ad
667 1248 891 1290 pontificatus
913 1248 1082 1282 honorem
1098 1251 1316 1292 perueniret3
1343 1251 1559 1293 paupertatis
1575 1262 1725 1295 namque
1742 1252 1809 1285 fuit
1824 1260 1969 1292 amator,
1985 1253 2050 1286 hu-

185 1299 200 1315 “
213 1294 314 1337 milis,
338 1306 537 1333 mansuetus
560 1307 596 1333 et
611 1300 772 1334 omnibus
789 1302 1070 1344 compatientiam
1094 1302 1228 1336 habens
1246 1314 1456 1347 manumque
1473 1305 1668 1348 largissima
1681 1329 1713 1344 ,μ
1752 1306 1820 1338 Hic
1843 1306 1990 1339 instituit
2012 1314 2050 1340 ut

181 1352 227 1385 ad
249 1353 488 1386 tumulandum
511 1363 691 1386 romanum
713 1355 926 1397 pontificem,
951 1365 1071 1389 omnes
1095 1356 1248 1390 eiusdem
1279 1357 1428 1390 ecclesie
1453 1358 1574 1390 clerici
1599 1366 1861 1398 concurrerent,
1893 1360 2052 1393 similiter

64 1427 66 1430 >
115 1407 158 1438 20
182 1411 217 1439 et
239 1405 315 1448 ipse
338 1406 375 1438 in
399 1417 519 1439 eorum
542 1407 678 1440 faceret
700 1407 887 1452 obsequiis.
919 1409 933 1425 ‘⁶
949 1409 1061 1442 Huius
1083 1410 1299 1452 temporibus
1315 1411 1477 1454 apparuit
1500 1412 1602 1444 stella
1625 1411 1719 1445 iuxta
1741 1412 1885 1456 uigilias
1900 1424 1965 1456 per
1988 1414 2052 1446 ali-

187 1460 299 1502 “quot
322 1459 400 1492 dies
423 1465 458 1492 et
480 1466 614 1500 noctes,
638 1461 716 1493 celo
739 1471 864 1494 sereno
887 1461 978 1495 inter
1001 1463 1153 1495 natalem
1169 1463 1312 1496 Domini
1328 1470 1362 1496 et
1378 1464 1601 1507 epiphaniam
1620 1466 1819 1499 omnimodo
1843 1466 2049 1500 obumbrata

187 1514 202 1530 ‘⁴
215 1512 326 1545 ueluti
351 1512 431 1546 luna
454 1514 519 1547 sub
541 1513 634 1547 nube
649 1537 680 1554 „.
702 1515 787 1548 Post
802 1515 869 1547 hec
894 1516 1017 1548 eodem
1034 1526 1137 1555 anno,
1154 1527 1272 1550 mense
1295 1518 1431 1556 martio,
1447 1528 1547 1550 mons
1563 1518 1737 1551 Vesuuius
1752 1519 1812 1562 qui
1829 1527 1879 1552 est
1895 1520 1932 1552 in
1949 1521 2051 1553 Cam-

180 1566 286 1609 pania
309 1567 507 1599 eructuauit
529 1567 732 1600 incendium
757 1574 792 1601 et
814 1569 932 1601 omnia
963 1569 1237 1614 circumquaque
1267 1571 1468 1604 adiacentia
1499 1582 1562 1614 pre
1594 1572 1714 1606 cinere
1747 1572 1857 1615 ipsius
1888 1574 2050 1606 extermi-

37 1649 38 1652 ,
61 1663 62 1666 ¹
181 1625 263 1652 nata
278 1626 369 1653 sunt.
416 1621 499 1653 Non
514 1627 593 1663 post
608 1621 735 1655 multos
751 1631 837 1655 uero
853 1622 929 1655 dies
944 1622 1040 1655 idem
1057 1634 1151 1666 papa
1167 1624 1356 1658 defunctus
1380 1630 1432 1657 est
1448 1631 1483 1657 et
1499 1625 1654 1668 sepultus
1669 1627 1715 1659 ad
1732 1633 1890 1659 sanctum
1906 1627 2050 1660 Petrum

73 1682 75 1684 ·
119 1672 160 1706 25
187 1673 383 1716 apostolum
397 1673 421 1706 ².
974 1679 977 1685 ¹

69 1727 71 1730 ’
271 1726 450 1760 Successit
474 1733 590 1760 autem
614 1728 647 1760 ei
676 1728 887 1767 “Iohannes,
903 1730 1044 1763 natione
1062 1729 1184 1773 Syrus,
1209 1731 1252 1763 de
1270 1731 1452 1774 prouincia
1475 1731 1663 1765 Antiochie
1688 1743 1732 1765 ex
1754 1739 1854 1776 patre
1878 1734 2044 1777 Cyriaco,

187 1779 378 1822 “seditque
402 1790 493 1813 anno
520 1781 545 1813 I.
591 1780 660 1813 Uir
682 1781 787 1814 ualde
811 1789 972 1815 strenuus
1002 1789 1109 1826 atque
1137 1784 1285 1816 scientia
1316 1785 1476 1826 preditus
1509 1791 1543 1817 et
1573 1786 1775 1819 omnimodo
1807 1787 2003 1821 moderatus
2017 1811 2047 1828 „.

182 1832 249 1865 Hie
272 1838 387 1866 autem
410 1833 506 1866 iuxta
528 1834 709 1876 pristinam
734 1836 1023 1869 consuetudinem
1055 1836 1092 1869 in
1122 1837 1275 1869 ecclesia
1299 1837 1501 1876 Saluatoris,
1534 1850 1602 1882 que
1626 1840 1824 1882 appellatur
1852 1839 2054 1874 Constanti-

71 1921 72 1924 *
181 1886 295 1926 niana,
320 1886 454 1920 electus
488 1893 541 1920 est
570 1888 786 1931 temporibus
817 1888 998 1922 Iustiniani
1031 1891 1168 1933 augusti
1200 1896 1304 1934 atque
1335 1892 1372 1923 in
1405 1892 1529 1925 eodem
1561 1893 1741 1936 episcopio
1774 1901 1997 1928 consecratus
2033 1907 2052 1928 a

30 1948 54 1963 ’ν
117 1939 160 1971 30
182 1939 293 1973 tribus
316 1940 501 1983 episcopis,
525 1940 693 1974 uidelicet
717 1941 913 1981 Hosffiense,
937 1942 1130 1976 Portuense
1165 1949 1200 1976 et
1224 1943 1485 1982 Bellsternense,
1513 1946 1604 1978 sicut
1628 1946 1859 1988 predecessor
1883 1948 1957 1980 eius
1974 1949 2050 1982 Leo

67 1995 69 1998 '
183 2003 286 2036 papa.
332 1993 400 2026 Hic
417 1995 521 2027 etiam
539 1994 664 2028 librum
681 1996 726 2029 de
743 1995 843 2028 Pallii
861 1995 1040 2039 digni'tate
1057 1998 1262 2040 composuit.
1310 1996 1381 2036 Qui
1398 1998 1552 2041 sepultus
1568 2005 1621 2032 est
1637 2000 1681 2032 ad
1698 2006 1855 2033 sanctum
1872 2001 2013 2034 Petrum
2026 2002 2049 2035 ³.

272 2046 357 2080 Post
379 2048 474 2080 hunc
495 2048 615 2091 itaque
639 2048 763 2082 Conon
789 2049 944 2082 Thracia
971 2051 1148 2090 oriundus,
1179 2052 1347 2085 educatus
1379 2053 1473 2095 apud
1504 2052 1670 2092 Siciliam,
1702 2055 1922 2096 postmodum
1954 2057 2047 2098 apud

187 2100 383 2133 Romanam
407 2102 594 2134 ecclesiam
616 2102 779 2141 militans,
802 2103 988 2146 presbyter
1011 2104 1171 2144 effectus,
1188 2105 1410 2148 pontificatus
1424 2106 1556 2139 honore
1580 2106 1784 2139 sublimatus
1808 2113 1860 2141 est
1889 2110 2048 2153 seditque

59 2195 62 2198 ἢ
185 2153 360 2187 mensibus
384 2164 435 2188 XI.
487 2156 555 2188 “In
578 2156 677 2189 cuius
701 2155 872 2189 electione
896 2157 978 2190 dum
1014 2158 1060 2191 ad
1091 2159 1330 2201 episcopatum
1353 2166 1562 2202 quereretur
1595 2171 1666 2193 non
1697 2162 1840 2194 minima
1871 2165 2051 2197 contentio

121 2206 163 2240 35
193 2208 208 2225 “
221 2207 318 2240 facta
340 2214 402 2246 est,
427 2218 469 2241 eo
492 2209 587 2252 quod
611 2209 725 2241 clerus
746 2210 784 2242 in
806 2209 948 2242 Petrum
980 2211 1320 2255 archipresbyterum
1345 2212 1565 2251 intendebat;
1591 2215 1764 2247 exercitus
1789 2220 1902 2248 autem
1926 2217 1964 2249 in
1987 2217 2052 2259 [se-

28 2270 31 2277 ’
66 2258 70 2259 ’
135 2299 138 2302 Δ
186 2266 347 2303 quentem
371 2262 457 2304 eius]
480 2262 707 2295 Theodorum
730 2262 972 2307 presbyterum
986 2287 1017 2304 „.
1063 2264 1109 2297 Et
1132 2265 1213 2298 dum
1237 2266 1366 2298 diutius
1389 2271 1536 2311 utreque
1568 2273 1684 2309 partes
1714 2267 1780 2300 sibi
1812 2279 1883 2302 non
1915 2272 2054 2313 acquie-

185 2320 334 2353 scerent,
357 2315 499 2348 tandem
522 2315 668 2349 consilio
693 2316 790 2349 ducti
824 2317 1026 2350 sacerdotes
1049 2324 1086 2351 et
1109 2318 1224 2351 clerus
1254 2320 1268 2336 ‘⁴
1281 2320 1488 2352 unanimiter
1511 2320 1749 2363 ingredientes
1772 2323 1809 2354 in
1832 2323 2048 2366 episcopium

192 2370 207 2385 ¹⁶
219 2367 454 2401 Lateranense
477 2379 547 2401 una
564 2379 642 2401 curn
659 2369 845 2412 episcopis,
862 2370 922 2414 qui
946 2376 1030 2404 tunc
1052 2371 1101 2404 ibi
1117 2372 1275 2411 aderant,
1291 2373 1476 2406 nominatis
1492 2373 1548 2406 his
1572 2374 1682 2407 tribus
1704 2376 1861 2418 personis
1884 2382 1970 2408 nutu
1985 2378 2051 2410 Dei

191 2419 399 2464 “elegerunt
421 2421 600 2455 Cononem
624 2422 775 2455 omnium
799 2434 933 2456 morum
956 2424 1139 2458 honestate
1162 2425 1374 2468 preclarum:
1397 2426 1435 2458 in
1459 2437 1529 2470 quo
1553 2438 1636 2460 uere
1665 2435 1826 2470 aspectus
1850 2435 1924 2462 erat
1948 2441 2053 2474 ange-

26 2472 36 2485 *
62 2465 80 2506 s.
123 2474 165 2506 40
195 2473 211 2491 “
224 2473 321 2513 licus,
337 2474 538 2508 ueneranda
555 2475 712 2514 canities,
728 2476 841 2509 fermo
857 2486 971 2515 uerus,
989 2484 1156 2520 prouecta
1179 2485 1263 2517 etas,
1279 2479 1426 2522 simplex
1450 2481 1595 2520 animus,
1617 2482 1726 2524 quieti
1750 2492 1874 2520 mores,
1891 2483 2053 2526 religiose

64 2526 68 2538 '
191 2526 302 2566 “uite‚
327 2528 387 2570 qui
418 2538 455 2560 se
478 2538 665 2572 numquam
697 2528 885 2572 aliquando
919 2530 956 2562 in
982 2531 1095 2564 causis
1125 2537 1274 2575 actuque
1306 2533 1456 2566 seculari
1481 2534 1762 2573 commiscum-an
1794 2541 1829 2568 et
1857 2546 1875 2568 e
1903 2537 2052 2580 uestigio

277 2628 301 2655 5.
321 2624 416 2649 decem
437 2625 472 2654 (ἒς
491 2624 522 2650 L.
542 2625 582 2655 P„
600 2625 623 2657 Ι,
642 2630 772 2659 359=....
792 2633 880 2652 mens.
899 2627 925 2652 X
944 2627 1004 2652 dies
1023 2628 1104 2653 XVII
1123 2641 1156 2648 —
1177 2634 1200 2661 7.
1214 2631 1421 2655 exercitatione
1442 2631 1466 2655 C
1484 2644 1516 2649 —
1536 2630 1560 2655 8.
1575 2633 1710 2656 exorator
1729 2631 1806 2656 Sasso
1826 2645 1836 2651 -
1856 2633 2053 2659 sollertissime

189 2666 224 2696 Cz
243 2665 274 2691 L.
286 2667 335 2692 R:
357 2666 607 2699 “noi-entissime„
623 2682 656 2687 —
678 2675 720 2693 10.
739 2671 866 2694 sanctam
886 2677 938 2694 rum
958 2672 1067 2695 sextam
1088 2671 1164 2700 C;L.
1178 2672 1227 2697 Ρ..-
1250 2672 1263 2685 ‘¹
1275 2674 1402 2697 sanctam
1422 2674 1530 2698 sextam
1551 2688 1584 2691 —
1607 2681 1696 2699 10-11.
1710 2675 1969 2708 condempnaverat
1985 2678 2008 2701 C
2021 2691 2051 2695 —

192 2714 233 2740 13.
242 2709 406 2741 apostolum
420 2717 514 2734 manca
526 2711 557 2735 ln
569 2710 594 2735 A
604 2711 674 2735 B-
689 2715 727 2742 ις.
739 2711 835 2736 decem
848 2713 913 2737 c—
930 2711 970 2738 16.
985 2714 1128 2739 cantilene
1148 2722 1164 2739 a
1183 2715 1349 2747 puerilitate
1365 2717 1399 2745 C;
1412 2716 1437 2740 Α
1451 2715 1620 2746 Bconforml
1631 2716 1662 2741 L.
1675 2717 1715 2747 R,
1727 2716 1748 2745 1,
1762 2716 1811 2750 363
1829 2731 1861 2735 -
1877 2717 1917 2743 18.
1932 2727 2016 2744 manu
2033 2721 2056 2744 C

189 2763 223 2769 —
245 2757 285 2784 19.
305 2751 473 2785 pontificum
493 2759 643 2778 romanum
659 2754 683 2778 C
700 2767 732 2771 —
752 2760 796 2779 20.
811 2754 943 2787 virgilias
960 2755 985 2780 A
996 2757 1068 2786 BC3
1086 2763 1211 2789 correggo
1228 2758 1334 2782 secondo
1353 2758 1378 2782 tt
1393 2758 1424 2782 L.
1437 2758 1477 2788 P„
1497 2758 1554 2783 loc.
1572 2759 1619 2783 cit.
1640 2772 1673 2776 —
1695 2765 1736 2783 22.
1752 2760 1846 2784 nunbe
1862 2761 1885 2785 C
1901 2774 1912 2779 -
1932 2760 2053 2786 Uesvius

145 2798 159 2825 5
191 2792 294 2818 Beblus
309 2794 333 2819 C
349 2807 383 2813 —
397 2801 438 2827 23.
458 2796 601 2820 eructavit
616 2797 643 2821 Β
658 2803 672 2820 ε
691 2795 784 2827 δαεεος
805 2797 968 2823 incendium
987 2805 1081 2823 muca
1098 2799 1129 2823 tn
1150 2799 1173 2824 C
1190 2813 1222 2818 —
1243 2806 1287 2832 24.
1306 2800 1434 2833 sepultus
1452 2802 1495 2825 est
1517 2802 1540 2826 C
1557 2815 1590 2820 —
1611 2806 1652 2833 27.
1672 2809 1729 2826 uno
1750 2810 1825 2827 anno
1847 2803 1873 2827 B
1889 2810 1902 2827 a
1922 2803 2000 2828 Sasso
2021 2818 2052 2823 —

188 2841 231 2867 30.
245 2835 439 2861 Beliternense
453 2837 480 2861 B
497 2844 511 2861 e
529 2837 618 2866 Sauo,
630 2837 655 2862 Α
668 2839 695 2862 Β
711 2846 725 2862 e
743 2837 876 2869 conformi
887 2839 921 2865 L.
933 2839 965 2865 P.
979 2840 999 2869 1,
1012 2839 1066 2872 366
1080 2854 1113 2858 ——
1127 2847 1169 2873 32.
1183 2840 1287 2866 Traeis.
1302 2843 1326 2867 C
1337 2856 1370 2860 —-
1383 2842 1428 2875 36.
1440 2845 1590 2875 utrumque
1604 2845 1698 2876 partes
1714 2845 1737 2869 C
1755 2857 1788 2862 —
1801 2851 1842 2876 31.
1858 2845 1977 2870 aderant
1990 2847 2018 2871 et
2031 2846 2055 2870 A

190 2883 235 2910 4ο.
255 2877 390 2912 religiosa
408 2879 470 2904 ulta
491 2880 518 2904 B
537 2887 551 2904 e
568 2879 645 2905 Sasso
665 2893 698 2898 —
718 2887 762 2913 41.
781 2882 812 2906 et
830 2882 955 2915 uestigio
976 2883 1000 2908 C

276 2952 284 2969 ¹
302 2953 333 2979 L.
352 2955 393 2984 Β,
410 2954 432 2984 Ῑ,
451 2962 505 2988 359
524 2963 539 2980 e
559 2955 620 2988 360.
1065 2957 1068 2959 ’
1235 2957 1246 2976 ³
1265 2960 1295 2985 L.
1314 2960 1354 2990 P..
1373 2960 1394 2990 Ι,
1414 2960 1475 2993 366,
1494 2960 1556 2994 367.
1576 2961 1622 2986 Cf.
1637 2970 1663 2994 p.
1687 2968 1745 2995 132,
1760 2964 1829 2987 nota
1843 2970 1866 2996 3.
1880 2962 1921 2988 La
1936 2965 2046 2988 notizia

277 2993 395 3028 ⁸1nzn,
421 2996 442 3026 1,
471 2996 522 3030 363
552 3005 567 3022 e
585 2997 646 3031 364.
685 2998 730 3025 Cf.
757 2999 909 3032 vepltaffio
933 3000 965 3025 dl
990 3001 1030 3025 lui
1061 3002 1091 3026 in
1146 3002 1192 3027 del
1223 3002 1354 3028 “librum
1382 3003 1416 3028 de
1435 3004 1523 3028 Pallii
1554 3004 1723 3037 dlgnstate„
1756 3013 1813 3030 non
1845 3004 1859 3030 ὲ
1888 3006 1918 3030 in
1947 3005 1977 3031 L.
2005 3006 2051 3031 R:

130 3041 164 3061 10
189 3036 236 3063 D:
253 3037 351 3068 Rossx,
369 3042 410 3071 op.
429 3041 483 3069 cit„
503 3039 537 3072 11,
557 3048 603 3073 pp.
626 3047 676 3074 ¹²9
695 3049 710 3065 e
732 3046 790 3074 157.
1149 3044 1223 3069 “....
1236 3045 1312 3070 sedit
1331 3053 1388 3070 ann
1416 3045 1439 3077 1,
1459 3046 1520 3071 dies
1541 3052 1650 3078 vxxu„.

2071 277 2185 297 munster
2194 282 2280 302 1³1-132

2067 558 2114 577 Leo
2128 558 2156 577 ΙΙ
2167 559 2227 582 papa

2067 590 2088 605 a.
2105 584 2131 605 C.
2147 585 2235 609 682-683

2066 1092 2205 1112 Benedictus
2222 1092 2287 1117 11·p.

2066 1125 2087 1139 a.
2103 1119 2129 1139 C.
2147 1120 2235 1144 684-685

2108 1163 2127 1177 c.
2144 1159 2182 1177 161
2192 1157 2205 1177 b

2073 1724 2186 1744 lohannes
2201 1725 2221 1745 V
2228 1726 2291 1749 papa

2069 1757 2090 1771 a.
2107 1751 2133 1772 c.
2149 1753 2238 1776 685-686

2113 2020 2133 2033 c.
2149 2013 2211 2034 162&

2073 2047 2149 2067 Conon
2162 2049 2223 2071 papa

2071 2074 2098 2094 Α.
2114 2080 2134 2094 c.
2150 2075 2237 2098 oso-087
