2398 3470
2008 297 2083 321 Mum,
2099 300 2119 317 e.
2135 302 2174 321 ²¹⁴

0 263 9 350 ἒ
123 295 204 332 [ΑΔ-
224 295 258 324 c.
278 295 472 331 1172-11751
709 288 998 326 ROMUALDI
1026 287 1388 326 SALERNITANI

124 412 172 446 eis
193 418 471 457 quantacumque
495 418 631 456 poterat
651 412 836 445 inferebat.
881 411 1111 445 Alexandrini
1133 416 1246 444 autem
1270 417 1342 444 tum
1364 421 1428 455 per
1451 422 1488 444 se
1512 418 1583 444 tum
1606 410 1883 444 Lombardorum
1906 421 1966 442 au-

123 465 207 498 xilio
230 465 264 498 ei
286 465 432 499 uiriliter
454 465 671 504 resistebant,
694 471 729 498 et
751 464 866 498 uicina
889 464 978 503 loca,
1001 475 1068 508 que
1091 464 1293 507 imperatori
1316 464 1492 507 fauebant,
1515 464 1706 507 inpugnare
1730 469 1766 497 et
1788 463 1965 496 destruere

122 529 193 552 non
216 518 407 552 cessabant.
453 519 645 562 Imperator
667 517 776 561 [uero]
799 518 891 551 uires
913 528 991 551 suas
1015 517 1211 551 debilitatas
1234 523 1269 550 et
1283 517 1440 550 militiam
1456 527 1552 550 suam
1567 527 1632 559 pro
1647 517 1770 549 maiori
1785 522 1884 559 parte
1900 516 1963 549 de-

123 572 249 605 fecisse
272 571 512 611 considerans,
534 572 737 615 frequentes
760 571 897 604 nuntios
918 570 1135 613 principibus
1157 571 1227 603 suis
1249 571 1285 602 in
1301 570 1545 603 Alamanniam
1562 569 1701 610 direxit,
1716 579 1844 614 rogans
1859 574 1963 614 atque

78 625 98 658 5
121 625 329 669 precipiens,
352 631 390 658 ut
413 626 457 664 ei,
480 625 582 658 misso
606 624 742 657 militari
765 623 904 662 auxilio,
926 623 1085 666 proxima
1108 629 1216 656 estate
1240 629 1491 661 succurrerent,
1508 633 1577 666 quo
1592 633 1630 656 se
1646 629 1762 666 posset
1778 622 1823 656 ab
1838 622 1964 655 iniuria

121 678 173 712 illi
195 689 216 711 a
238 678 446 712 Lombardis
469 678 565 711 illata
586 677 737 711 uiriliter
759 676 951 710 uindicare.

996 676 1213 710 Christianus
1235 682 1349 709 autem
1373 676 1606 719 prenominati
1634 676 1851 719 imperatoris
1882 685 1965 709 can-
2071 690 2120 709 1172

121 731 294 772 cellarius,
317 741 420 775 quem
442 732 516 775 ipse
538 732 575 764 in
597 730 729 764 Tuscia
750 730 963 774 premiserat,
986 728 1083 762 sicut'
1114 729 1167 762 uir
1189 729 1356 772 prouidus
1387 735 1421 761 et
1452 729 1635 767 discretus,
1666 729 1789 772 partim
1820 728 1963 768 uiribus,
2063 753 2067 757 -
2085 743 2122 761 ψ

121 786 243 828 partim
266 784 429 828 precibus
451 785 615 818 Tusciam
637 784 847 827 pacificauit,
871 788 906 815 et
928 783 1144 826 imperatoris
1167 789 1371 826 preceptum
1394 783 1506 815 iurare
1522 783 1607 815 fecit
1622 782 1644 815 ¹.
1689 783 1826 815 Dehinc
1842 783 1888 815 ad
1903 782 1966 815 du·
2074 796 2125 815 117³

6 879 7 882 Ἴ
123 844 237 871 catum
260 837 471 881 Spolitinum
494 844 529 871 et
551 838 596 870 ad
618 837 822 881 Marchyam
845 836 1003 875 ueniens,
1027 835 1134 868 multa
1157 841 1270 868 castra
1291 835 1442 879 regionis
1464 835 1558 868 illius
1585 835 1816 878 depopulatus
1847 841 1900 869 est
1930 841 1966 868 et

9 899 11 903 ⁴
61 893 99 925 10
122 892 227 935 cepit,
249 891 398 925 Asisiam
421 892 598 925 ciuitatem
621 896 657 924 et
680 890 886 934 Spolitinam
909 899 969 922 suo
993 889 1147 923 dominio
1170 889 1324 923 subdidit
1337 889 1362 922 ².
1407 889 1590 922 Anconam
1614 900 1692 923 cum
1720 890 1866 923 Uenetis
1881 895 1966 923 tem-

121 955 207 988 pore
232 945 335 989 longo
352 945 499 984 obsedit,
514 944 681 978 credebat
696 943 787 976 enim
804 943 957 976 Grecum
973 942 1156 986 quemdam
1172 942 1546 985 Constantinopolitani
1560 942 1779 984 imperatoris
1795 944 1964 981 nuntium,
2045 955 2151 977 ann-oet.

120 999 180 1042 qui
202 999 239 1031 in
263 997 386 1032 eadem
409 998 549 1031 ciuitate
573 1003 658 1039 erat,
683 1007 761 1030 cum
784 1007 845 1030 sua
867 996 1018 1039 pecunia
1040 1006 1168 1039 capere
1181 998 1211 1034 8;
1235 996 1299 1029 sed
1329 996 1411 1040 quia
1442 996 1538 1029 ciues
1568 995 1723 1029 eiusdem
1755 995 1903 1029 ciuitatis
1934 996 1966 1029 ei

120 1051 268 1085 uiriliter
290 1050 506 1089 resistebant,
529 1057 565 1084 et
587 1050 763 1084 comitissa
786 1050 831 1082 de
855 1049 1070 1082 Berthenora
1082 1048 1094 1066 ⁴
1111 1059 1189 1081 cum
1206 1048 1409 1091 W[illelmo]
1426 1049 1470 1081 de
1487 1048 1702 1093 Markysella
1718 1049 1827 1082 nobili
1842 1051 1966 1083 Ferra-

120 1105 225 1138 riensi
249 1104 396 1143 catanio,
419 1114 497 1137 cum
520 1113 645 1148 magna
667 1102 884 1136 multitudine
908 1102 1053 1136 militum
1075 1107 1111 1135 et
1132 1102 1289 1146 peditum
1319 1102 1366 1135 ad
1396 1112 1597 1135 succursum
1628 1102 1782 1135 eiusdem
1815 1102 1968 1135 ciuitatis

60 1158 97 1190 15
120 1157 295 1196 ueniebat,
319 1168 390 1191 non
413 1156 522 1200 potuit
545 1157 639 1200 quod
661 1154 864 1189 intendebat
885 1156 1066 1198 purficere‚
1089 1156 1153 1188 sed
1175 1161 1318 1198 recepta
1341 1154 1385 1188 ab
1407 1155 1638 1188 Anconitanis
1659 1165 1785 1199 magna
1805 1155 1966 1198 pecunia,

121 1210 165 1244 ab
188 1209 370 1244 obsidione
401 1209 554 1242 recessit.
599 1208 738 1242 Interea
766 1208 944 1251 predictus
974 1207 1203 1241 cancellarius
1233 1218 1277 1241 ex
1306 1208 1471 1241 mandato
1502 1207 1722 1251 imperatoris
1752 1208 1891 1241 nuntios
1921 1208 1966 1241 ad
2074 1223 2124 1242 1174

122 1263 360 1305 W[illelmum]
384 1262 503 1296 Sicilie
519 1272 637 1306 regem
661 1261 857 1301 transmisit,
880 1262 1028 1295 suadens
1049 1267 1084 1294 et
1098 1261 1286 1304 postulans,
1301 1266 1340 1294 ut
1353 1262 1440 1303 ipse,
1457 1261 1674 1304 imperatoris
1688 1261 1758 1294 filia
1774 1261 1811 1294 in
1827 1272 1968 1295 uxorem

119 1322 276 1359 accepta,
300 1326 379 1349 cum
403 1326 447 1350 eo
469 1326 593 1359 pacem
615 1320 820 1358 perpetuam
842 1314 975 1348 faceret
997 1319 1031 1347 et
1054 1314 1119 1357 ipsi
1142 1324 1180 1347 se
1203 1314 1434 1347 amicabiliter
1456 1315 1615 1348 couniret
1627 1313 1649 1347 ⁵.
1697 1313 1770 1347 Sed
1792 1325 1854 1347 rex
1878 1315 1967 1357 W[i-

122 1369 290 1412 lhelmus]‚
313 1374 433 1412 utpote
458 1368 761 1402 christianissimus
783 1373 818 1400 et
841 1367 1019 1412 religiosus
1042 1368 1219 1410 princeps,
1242 1368 1355 1400 sciens
1382 1367 1449 1400 hoc
1479 1368 1733 1401 matrimonium
1765 1367 1967 1401 Alexandro

215 1507 239 1525 1.
258 1507 311 1533 pro
335 1499 356 1524 C
374 1513 406 1517 —
427 1506 451 1524 2.
470 1500 497 1524 ei
515 1500 608 1525 invec-
623 1499 669 1524 εὖ.
686 1498 854 1532 imperatori
875 1499 932 1528 Aa,
961 1499 986 1523 B
1003 1507 1017 1523 a
1035 1499 1116 1524 Sauo
1136 1512 1168 1517 -—
1188 1505 1212 1530 3.
1240 1506 1307 1523 uero
1332 1507 1426 1524 manca
1450 1499 1488 1527 Α,
1513 1499 1540 1523 Β
1563 1507 1578 1522 e
1603 1499 1683 1524 Sauo
1708 1512 1717 1516 -
1743 1499 1884 1524 miliciam
1913 1499 1934 1522 C
1956 1508 1969 1523 e

126 1543 218 1568 Arndt
236 1556 269 1561 —
289 1551 315 1574 4.
334 1542 457 1568 nuncios
480 1541 503 1566 C
517 1551 530 1566 e
549 1541 641 1567 Arndt
658 1555 690 1559 —
711 1546 735 1574 5.
755 1542 864 1576 inJurla
882 1543 909 1566 B
926 1549 941 1566 ε
953 1541 1033 1566 Sam
1052 1555 1085 1559 —
1098 1540 1153 1574 6-7.
1172 1541 1343 1566 canellarius
1366 1541 1389 1565 C
1405 1541 1435 1565 di
1445 1535 1540 1572 prima
1557 1548 1644 1572 nano,
1662 1541 1733 1566 altri
1755 1549 1801 1566 con
1825 1542 1970 1567 inchiosaero

124 1585 240 1610 sbiaddto
253 1585 388 1618 aegium«
400 1591 415 1609 e
428 1597 461 1604 -
476 1590 500 1617 7.
513 1584 631 1609 nuribus
647 1583 670 1608 C
680 1584 809 1617 diprima
822 1591 911 1614 mano,
922 1587 1041 1609 corrono
1058 1591 1105 1608 con
1123 1590 1222 1609 rasura
1242 1597 1274 1601 —
1294 1582 1318 1608 8.
1338 1583 1373 1608 ad
1392 1591 1486 1609 manca
1508 1583 1531 1607 C
1547 1596 1580 1602 --
1598 1591 1623 1616 9.
1644 1583 1799 1609 Marchiam
1813 1585 1841 1609 B
1857 1583 1879 1608 C
1889 1584 1969 1610 Sasso

125 1636 139 1652 e
157 1627 250 1652 Arndt
266 1641 299 1644 —
320 1634 360 1652 10.
380 1627 522 1652 Assisiam
543 1627 577 1656 A,
595 1626 646 1650 B·
665 1626 746 1651 Sauo
759 1639 768 1644 -
780 1625 959 1658 Spolitinum
976 1625 999 1650 C
1014 1639 1047 1644 —
1069 1632 1110 1651 11.
1130 1626 1267 1650 nuncium
1290 1626 1313 1650 C
1329 1634 1343 1649 e
1361 1625 1460 1656 Arndt,
1478 1633 1556 1651 nano
1573 1629 1676 1650 recente
1693 1633 1741 1651 con
1752 1626 1893 1652 incitauere
1905 1633 1970 1652 nero

79 1675 94 1702 5
124 1670 219 1696 scrisse
237 1677 284 1694 um
302 1677 332 1694 su
350 1676 450 1695 rasura
463 1683 495 1687 ——
511 1675 551 1694 η.
565 1669 613 1694 Set
630 1668 675 1692 Ce
687 1668 818 1693 Arndt—
839 1675 881 1701 13.
895 1667 1052 1693 Guillelmo
1074 1668 1097 1692 C
1111 1676 1126 1692 e
1143 1668 1247 1697 Arndt;
1268 1667 1425 1693 Guilielmo
1444 1669 1472 1693 B
1490 1676 1505 1692 e
1523 1669 1605 1694 Sauo
1625 1681 1656 1686 —
1679 1674 1719 1700 15.
1738 1667 1787 1693 Set
1808 1668 1831 1693 C
1847 1677 1860 1693 ι
1879 1668 1972 1694 Arndt

0 1712 2 1715 ’
125 1724 136 1731 —
155 1719 257 1745 magna
275 1720 370 1737 manca
391 1711 413 1736 C
431 1725 462 1729 —
486 1711 524 1736 16.
545 1711 667 1736 nuncios
690 1710 712 1735 C
727 1719 740 1735 a
759 1711 897 1736 Arnde-
913 1717 954 1744 17.
973 1709 1161 1735 Guiuelmum
1183 1710 1205 1734 C
1221 1718 1234 1734 e
1253 1710 1357 1741 Aru-dn
1377 1709 1566 1736 GuilIelmum
1587 1711 1637 1735 A2
1657 1711 1684 1736 B
1702 1718 1717 1734 e
1736 1711 1818 1736 Sauo
1832 1723 1862 1728 —
1881 1709 1969 1744 18-19.

0 1765 3 1774 τ
126 1754 299 1780 Guilielmus
319 1755 379 1785 Aa,
399 1755 426 1779 B
444 1763 458 1778 s
478 1754 572 1783 Saum
593 1753 754 1778 willelmus
778 1753 800 1777 C
815 1762 829 1778 ε
847 1753 939 1779 Arndt

0 1807 4 1824 ι

0 1843 7 1887 ξ
212 1843 221 1860 ¹
246 1843 415 1869 Christianus
435 1843 599 1876 Magantine
618 1843 689 1867 sedis
708 1843 935 1874 Archiepiscopus,
957 1843 1019 1867 Ger·
1073 1843 1164 1872 Bonan,
1187 1841 1263 1876 1899,
1281 1850 1309 1875 p.
1327 1849 1354 1875 9.
1391 1842 1493 1867 Insatti
1515 1841 1662 1866 Cristiano
1689 1842 1872 1867 nell’ottobre
1899 1849 1966 1875 1173

0 1886 7 1921 ζ’
124 1886 211 1911 mania
231 1885 488 1911 archicancellarius
507 1887 534 1909 et
551 1885 627 1909 sacri
643 1884 753 1915 imperii
764 1887 818 1915 per
845 1884 957 1909 Italian
980 1885 1018 1909 le·
1075 1884 1106 1909 fu
1119 1885 1153 1909 ad
1166 1884 1289 1909 Ancona
1302 1882 1435 1917 (Annales
1451 1884 1553 1913 Pisani,
1567 1885 1609 1909 ll!-
1629 1885 1660 1910 G.
1677 1885 1714 1910 H.
1729 1885 1789 1913 SS..
1803 1884 1875 1917 XIX,
1892 1883 1968 1916 265);

0 1933 7 1961 ‚2
65 1935 98 1954 10
120 1931 215 1962 gatus,
229 1927 572 1956 scansus-Boxcaonsr,
582 1927 640 1951 Zur
659 1926 748 1952 Gescla.
762 1927 808 1950 des
822 1926 890 1950 ΧΙΙ
898 1934 921 1950 ιι.
936 1925 1019 1954 XIII,
1074 1926 1110 1951 da
1129 1924 1151 1950 n
1171 1925 1254 1960 passo
1275 1926 1322 1951 nel
1341 1926 1446 1951 ducato
1466 1926 1495 1951 di
1517 1925 1644 1959 Spoleto,
1657 1933 1737 1952 come
1750 1934 1841 1959 prova
1854 1934 1893 1951 un
1906 1927 1970 1951 doc.
1997 1934 2031 1959 40

0 1970 4 2001 ζ
126 1970 225 2003 Jahrb.
245 1970 302 1999 tlt„
322 1977 348 2002 p.
368 1975 420 2002 399
438 1977 454 1994 e
471 1976 513 2002 sg.
549 1968 594 1995 Cs.
615 1975 683 2001 pure
696 1968 936 1997 Wmsumrr,
951 1969 1020 1993 Erz-
1075 1969 1144 1994 dato
1157 1969 1194 1994 da
1212 1969 1253 1994 lui
1267 1976 1284 1994 a
1297 1968 1421 2001 Fossgno
1436 1969 1458 1993 il
1475 1975 1505 2001 13
1521 1969 1595 1994 sebb.
1610 1974 1687 2002 1174,
1700 1976 1715 1993 e
1728 1968 1830 2001 quintii
1843 1977 1858 1994 a
1871 1968 1970 1999 Terni,

0 2012 2 2019 ¹
124 2013 230 2047 bisalos
245 2012 366 2038 Cristian
385 2020 436 2037 voa
456 2012 560 2042 Μαίη,
580 2011 682 2042 Bernn,
706 2009 781 2042 1867,
801 2018 828 2044 p.
847 2009 882 2043 48
901 2018 915 2035 e
933 2018 973 2044 ες.
1076 2012 1098 2035 il
1117 2012 1162 2036 cul
1183 2011 1301 2044 popolo,
1321 2012 1382 2036 dice
1401 2010 1432 2035 lo
1451 2013 1542 2036 stesso
1562 2010 1741 2036 Cancelliere
1760 2011 1907 2044 imperiale
1932 2011 1969 2036 le-

212 2053 224 2071 ¹
242 2054 479 2085 vunnu-rann,
498 2057 539 2085 op.
557 2055 613 2083 cit„
633 2053 675 2086 58.
1074 2054 1142 2086 gato
1161 2053 1192 2078 ln
1218 2053 1302 2078 Italia
1331 2054 1360 2078 in
1387 2053 1463 2078 altro
1490 2053 1551 2078 doc.
1581 2053 1628 2078 del
1658 2054 1858 2087 marzo-aprile
1885 2059 1970 2085 1174:

213 2096 225 2113 ³
244 2096 403 2129 meuuo,
415 2098 474 2128 cit„
488 2096 536 2126 VI,
550 2103 588 2128 11,
603 2104 629 2129 p.
641 2095 707 2125 286;
721 2097 837 2121 NxcarA
851 2096 1021 2124 Cnomxrsz.
1075 2096 1089 2109 ‘¹
1102 2096 1312 2128 multiplicibus
1330 2097 1500 2121 criminibus
1522 2098 1551 2121 et
1575 2097 1696 2122 dlversis
1724 2097 1902 2121 facinoribus
1928 2098 1970 2121 in-

68 2148 98 2175 15
127 2142 182 2172 cit„
202 2139 263 2170 Vn.
283 2140 304 2171 1,
325 2147 351 2173 p.
371 2139 421 2165 262
442 2148 456 2164 e
475 2147 532 2173 sg.;
553 2139 680 2164 Historia
700 2139 792 2163 ducum
821 2139 906 2163 Venee.
927 2140 957 2163 in
980 2139 1021 2162 M
1076 2139 1247 2170 “crepitum,
1267 2137 1430 2172 specialiter
1449 2146 1533 2171 super
1546 2139 1619 2163 false
1632 2141 1745 2164 monete
1758 2139 1970 2172 compositione
1999 2149 2031 2174 45

132 2183 164 2208 6.
185 2182 222 2208 H-
243 2182 304 2213 SS.,
322 2181 397 2212 XIV,
414 2189 441 2215 p.
462 2180 509 2214 78:
530 2182 650 2206 Annales
678 2181 735 2206 Ven.
754 2181 849 2205 breves
868 2181 898 2204 in
919 2181 959 2205 M.
990 2181 1021 2205 G.
1078 2180 1091 2193 ⁴⁴
1102 2180 1215 2212 infami,
1234 2184 1353 2214 cogente
1372 2187 1489 2206 suorum
1510 2182 1703 2206 immensitate
1722 2181 1865 2213 scelerum,
1881 2181 1914 2206 ab
1929 2182 1970 2206 in-

130 2225 165 2250 H.
187 2224 247 2256 SS.‚
266 2223 341 2255 xw,
362 2231 388 2258 p.
409 2229 456 2255 71;
478 2224 710 2254 Vnum-anre,
731 2226 772 2254 op.
791 2223 845 2251 cit..
859 2230 885 2255 p.
907 2222 940 2255 58
952 2230 967 2247 e
981 2229 1020 2255 sg.
1077 2222 1090 2235 ¹‘
1102 2222 1197 2247 colntu
1216 2223 1448 2248 eliminavimus.
1462 2233 1546 2255 ‚..„;
1568 2224 1604 2248 cs.
1624 2223 1971 2254 Senarus-Bozenonm,

0 2275 4 2309 ἶ
214 2268 226 2284 ⁴
245 2267 362 2298 Anum,
382 2267 507 2291 anneta:
528 2265 542 2279 “
553 2265 676 2291 Altruds
687 2285 707 2298 ,.
1076 2266 1133 2290 Zur
1156 2265 1308 2290 Gsscln’clate
1335 2267 1361 2290 d.
1389 2266 1457 2290 XII
1471 2267 1526 2290 und
1553 2266 1637 2290 XIII
1660 2265 1771 2298 Jahrb„
1794 2267 1852 2297 clt.‚
1879 2267 1973 2291 Narni

0 2311 5 2345 ξ
214 2307 225 2323 ·”
243 2308 324 2334 Sulla
343 2308 409 2333 data
429 2308 466 2333 da
485 2315 633 2340 assegnnre
653 2315 668 2332 a
689 2308 802 2333 codeste
821 2309 970 2332 trattative
995 2307 1021 2331 le
1075 2309 1129 2333 und
1158 2309 1253 2337 Tarni,
1277 2315 1325 2341 pp.
1349 2314 1475 2342 397-400.
1513 2308 1721 2334 L’ambasceria
1741 2310 1772 2333 in
1791 2309 1894 2334 Sicilia
1913 2317 1971 2334 non

0 2361 6 2386 ²>
67 2356 100 2376 πο
127 2351 263 2383 opinioni
282 2358 354 2375 sono
373 2350 509 2375 discordi.
541 2349 735 2380 errmcn,
748 2349 907 2383 Pontificum
922 2349 1022 2374 Roma·
1074 2351 1152 2380 deve,
1172 2351 1282 2383 quindi,
1300 2351 1423 2376 riserirsi
1443 2352 1470 2376 al
1491 2351 1554 2376 solo
1574 2351 1687 2376 assedio
1707 2351 1736 2376 di
1756 2351 1878 2376 Ancona
1898 2359 1972 2385 apin·
1999 2355 2034 2381 50

0 2390 6 2423 ἕ
127 2401 218 2418 munt
236 2393 283 2426 qui
291 2393 411 2426 suerunt
423 2393 484 2417 inde
504 2393 536 2417 ab
556 2395 662 2417 exeunte
674 2393 779 2417 saeculo
799 2399 876 2424 usque
895 2393 933 2416 ad
936 2392 1020 2425 finem
1075 2394 1127 2418 ott.
1150 2398 1223 2425 1173,
1245 2401 1289 2418 ma
1308 2393 1397 2418 anche
1411 2393 1469 2418 alla
1483 2393 1648 2426 spedizlone
1668 2394 1714 2418 nel
1734 2393 1840 2419 ducato
1859 2394 1887 2419 di
1903 2392 1971 2426 Spo-

0 2427 8 2464 ',
126 2436 228 2461 saeculi
251 2435 336 2461 XIII
355 2436 429 2460 vitae
454 2435 488 2459 ab
512 2434 667 2466 aequalibus
691 2435 865 2465 conscriptae,
890 2433 1019 2467 Leipzig,
1074 2435 1141 2466 leto,
1164 2435 1310 2469 febb.-apr.
1334 2441 1416 2468 1174?
1440 2442 1538 2468 presso
1564 2443 1581 2460 a
1603 2443 1686 2468 poco,
1706 2434 1777 2464 cioe,
1803 2435 1849 2460 nel
1875 2437 1972 2470 tempo

0 2450 10 2526 Ξ
130 2477 205 2508 1862.
224 2480 304 2503 tomo
324 2478 358 2508 11,
384 2486 410 2510 p.
431 2476 490 2510 586.
517 2485 542 2501 n⁴
564 2483 587 2507 ²,
615 2478 640 2502 le
660 2484 727 2509 pose
746 2477 774 2502 al
796 2475 873 2510 1176,
891 2485 906 2502 e
924 2478 1020 2509 questa
1078 2479 1105 2501 in
1127 2479 1171 2502 cui
1191 2475 1358 2510 Guglielmo
1376 2477 1404 2502 11
1423 2479 1548 2503 trattava
1576 2478 1606 2502 dl
1631 2479 1787 2503 rinnovnre
1811 2478 1858 2503 eoi
1876 2476 1970 2503 Geno-

0 2527 7 2553 ³:
127 2521 203 2552 dats,
222 2528 307 2546 senza
320 2521 506 2549 discussione,
520 2518 630 2545 accetto
644 2518 769 2545 l’Arndt.
807 2519 845 2543 Al
861 2518 929 2551 1178
943 2519 970 2544 le
983 2521 1019 2544 ri·
1076 2520 1136 2545 vesi
1161 2519 1303 2545 l’accordo
1322 2518 1371 2553 ghi
1390 2520 1548 2546 conchiuso
1575 2520 1620 2545 col
1640 2521 1728 2554 padre
1747 2527 1812 2549 ευος
1832 2520 1868 2545 cf.
1888 2521 1972 2546 Liber

0 2562 7 2602 ’ζ
66 2569 98 2596 25
127 2561 212 2597 porto
224 2563 245 2588 11
257 2562 388 2594 Tozcun,
401 2563 503 2588 Kaisar
518 2562 656 2593 Heinrich,
666 2561 714 2591 VI,
724 2561 850 2595 Leipzig.
864 2561 939 2595 ¹867,
950 2569 978 2596 p.
990 2567 1004 2594 5
1016 2572 1022 2591 ;
1068 2562 1174 2595 jurium
1187 2562 1351 2594 respublicae
1369 2562 1523 2593 Genumsis,
1546 2563 1617 2588 Hist.
1637 2563 1717 2588 Patr.
1739 2563 1865 2593 Manum„
1884 2562 1904 2594 1,
1925 2570 1971 2596 pp.
2001 2568 2030 2595 55

0 2605 11 2640 ξ
128 2607 237 2631 ment-re
257 2606 276 2630 il
298 2606 532 2635 Vanam-rsus.
551 2612 579 2638 p.
597 2604 641 2638 65,
661 2605 895 2636 prudenter-nense
908 2611 966 2629 non
987 2611 1020 2630 ne
1075 2611 1205 2637 3⁰0·301·

0 2638 12 2672 ἴ
128 2646 248 2681 nssegno
266 2648 379 2673 alcuna.
416 2646 455 2671 Le
475 2647 623 2672 ritennero
642 2647 741 2671 invece
760 2646 832 2672 fatte
851 2647 895 2672 nel
918 2653 984 2680 ¹¹73
1000 2648 1019 2672 il
1162 2646 1362 2672 Giustamente
1375 2648 1438 2673 dice
1451 2648 1480 2672 lo
1491 2646 1690 2678 Cnsmnnon,
1702 2651 1744 2678 op.
1755 2648 1809 2678 cit.‚
1822 2647 1855 2679 11,
1871 2655 1897 2680 p.
1911 2652 1972 2680 375,

0 2671 9 2728 ἓ
129 2690 280 2719 nomen,
294 2690 347 2715 Die
361 2689 529 2721 aumartige
541 2689 643 2714 Politik
657 2690 702 2713 des
716 2689 896 2722 Konigreichs
910 2689 1021 2714 Sicilien
1074 2689 1124 2714 che
1145 2689 1159 2703 “
1170 2687 1336 2723 Gugllelmo
1355 2690 1381 2715 11
1401 2697 1544 2722 comprese
1564 2690 1622 2718 che,
1643 2689 1836 2715 rinunzlando
1855 2690 1914 2715 alls
1928 2696 1973 2724 po-

0 2729 5 2768 {
129 2740 187 2758 vom
213 2732 285 2757 Yode
311 2732 450 2764 Rogerius
473 2732 507 2756 ΙΙ
526 2731 566 2756 bis
584 2739 640 2756 tun·
667 2731 784 2756 Frieden
810 2740 861 2756 von
892 2730 1020 2764 Venedig,
1077 2730 1091 2744 ¹¹
1103 2731 1184 2756 liticn
1203 2732 1394 2757 tradizionale
1413 2733 1457 2757 dei
1482 2733 1544 2756 suoi
1570 2731 1763 2764 predecessori
1789 2739 1803 2756 e
1829 2732 1973 2757 abbando-

67 2779 102 2806 3⁰
129 2772 205 2806 8³10,
227 2773 302 2807 1892,
325 2782 351 2806 p.
371 2773 414 2803 81,
435 2781 461 2798 n.
484 2780 513 2804 13
533 2781 547 2798 e
567 2773 596 2797 F,
617 2771 814 2801 Cnsmnmt,
839 2777 880 2804 op.
905 2775 960 2803 cit„
986 2774 1018 2805 11,
1075 2775 1196 2800 “nando
1215 2775 1242 2800 la
1268 2783 1351 2800 causa
1378 2776 1423 2800 del
1449 2774 1569 2809 Papato,
1596 2775 1715 2800 avrebbe
1740 2775 1848 2800 tradito
1874 2775 1883 2799 i
1909 2776 1970 2800 suoi
2000 2772 2035 2797 60

129 2824 156 2850 p.
176 2822 227 2850 374
245 2824 260 2840 e
280 2824 307 2842 n.
327 2816 353 2847 6,
373 2816 547 2841 fondandosi
567 2815 640 2840 sulla
659 2815 775 2841 dizione
801 2817 829 2841 di
856 2815 890 2841 R.
915 2825 928 2841 e
954 2817 1020 2842 rite·
1076 2817 1157 2842 “veri
1180 2818 1317 2842 interessi.
1357 2818 1378 2842 11
1399 2825 1486 2850 regno
1506 2817 1537 2842 di
1556 2817 1657 2842 Sicilia
1672 2825 1729 2842 non
1744 2818 1863 2842 avrebbe
1878 2819 1972 2846 avuto,

130 2859 225 2884 nendo
245 2859 295 2884 che
315 2859 473 2889 Crhtlnno,
487 2859 563 2891 dopo
577 2858 602 2883 le
616 2859 766 2883 trattative
778 2858 849 2892 (apr.
861 2861 916 2885 ott.
933 2859 1020 2893 ¹¹⁷3)·
1075 2858 1088 2872 “
1100 2857 1206 2887 insntti.
1227 2859 1309 2883 alcun
1331 2860 1486 2891 vantsggio
1505 2859 1540 2883 ad
1562 2860 1669 2883 aiutare
1683 2859 1705 2883 u
1725 2859 1973 2883 consolidamento

129 2900 242 2926 ritorno
262 2902 290 2925 in
311 2900 474 2925 Germanis.
512 2900 548 2924 Al
573 2905 638 2932 1¹74
657 2900 683 2924 le
702 2900 886 2934 ripert-rouo
905 2907 957 2926 con
982 2901 1020 2926 fe·
1075 2900 1171 2926 ‘della
1190 2902 1313 2933 potenza
1334 2901 1480 2933 imperiale
1502 2902 1530 2924 in
1550 2901 1644 2931 Italis,
1663 2899 1779 2934 giacche
1798 2903 1903 2934 poten
1917 2908 1972 2925 cre-

129 2944 185 2968 lice
203 2943 314 2968 intuito
333 2943 355 2968 il
375 2942 413 2967 Dr
433 2943 510 2973 Μιο,
532 2942 640 2974 Annali,
661 2942 707 2974 1x,
727 2950 753 2975 p.
773 2941 835 2975 361,
857 2949 915 2967 non
930 2944 1019 2968 citato
1075 2942 1174 2968 “dersi
1193 2943 1243 2967 che
1262 2943 1398 2968 Federico
1411 2943 1432 2974 Ι,
1447 2950 1501 2967 una
1518 2943 1596 2967 volta
1612 2944 1693 2968 vinta
1708 2942 1813 2968 l’Itnlia
1827 2942 1871 2967 del
1885 2942 1973 2974 Nord,

67 2991 100 3018 35
129 2985 164 3010 da
182 2985 296 3014 «leuno,
315 2993 329 3009 e
349 2983 562 3015 voi-moon,
590 2985 644 3009 Die
671 2984 831 3018 Bagienng
856 2986 905 3009 der
928 2986 1020 3010 beiden
1076 2985 1158 3010 “non
1178 2986 1297 3010 avrcbbe
1317 2986 1504 3010 dimentieato
1527 2986 1545 3009 il
1568 2993 1618 3010 suo
1642 2985 1760 3017 dlsegno
1774 2987 1801 3010 di
1819 2986 1970 3018 rivolgersi
2000 2986 2032 3017 65

0 3330 4 3334 ¹
0 3294 8 3321 «π
0 2963 13 3286 ‘’-ss-‹wiwwwm-wvw-
0 2821 12 2959 ''vam-W*

129 3028 213 3052 [etun
233 3027 502 3059 Normannaenkllmye
522 3026 676 3051 Trankreds
690 3027 744 3051 und
761 3026 893 3051 Wn'llulms
911 3027 962 3051 ΙΙΙ
969 3035 1019 3052 von

133 3069 245 3095 Sin'h'en
267 3069 321 3093 und
345 3069 401 3093 ihre
429 3069 546 3101 Kampse
568 3077 661 3101 [egen
687 3069 788 3094 Kaiser
814 3069 942 3094 Heinrich
972 3069 1020 3101 Vl,

1077 3028 1088 3041 ‘⁴
1099 3030 1202 3052 contro
1224 3029 1248 3053 la
1268 3028 1369 3052 Sicilia
1385 3046 1405 3060 „.
