2398 3470
149 239 235 280 [Aa
254 251 298 273 m.
317 240 520 280 asso-³423]
927 231 1244 275 CHRONICON
1974 233 2022 271 25
2066 241 2143 270 Mun„
2159 250 2194 268 ce.
2204 246 2266 270 ,ει-29

156 373 170 390 “
183 371 323 411 bonum,
341 378 377 406 et
393 372 560 405 reducam
577 381 638 404 vos
656 371 700 404 ad
716 370 832 403 locum
850 369 965 409 istum,
979 369 1026 402 ait
1041 369 1221 402 Dominus.
1259 368 1394 402 Rursus
1411 368 1567 412 ejusdem
1584 367 1753 411 temporis
1764 368 1852 412 jam·
1868 367 2027 411 preteriti
2063 384 2083 399 c.
2098 384 2147 403 μα

154 425 293 459 “uerba
314 425 448 459 dierum
471 425 520 458 ita
541 425 789 459 recordantur:
813 422 852 456 Si
876 423 954 466 quis
978 428 1138 457 euaserat
1160 421 1326 467 gladium,
1342 421 1378 454 in
1394 420 1610 466 Babylonem
1628 422 1755 455 ductus
1777 421 1923 455 seruiuit
1936 421 2026 465 regi,

155 480 170 497 ⁸
185 484 220 512 et
242 478 322 511 filiis
345 480 437 525 ejus:
462 479 578 512 donec
601 478 791 521 imperaret
806 488 870 510 rex
886 476 1082 517 Persarum,
1099 481 1135 510 et
1152 475 1386 519 compleretur
1402 485 1515 508 sermo
1532 474 1673 508 Domini
1689 485 1733 507 ex
1749 485 1810 508 ore
1834 475 2026 516 Hieremie,

155 534 170 551 ‘⁴
183 538 219 566 et
241 532 438 566 celebraret
460 538 554 566 terra
579 531 733 566 Sabbata
756 541 834 564 sua:
860 530 997 563 cunctis
1019 530 1110 563 enim
1127 529 1252 563 diebus
1276 528 1503 562 desolationis
1520 528 1592 573 egit
1615 528 1804 562 Sabbatum
1820 540 1929 574 usque
1945 530 2029 563 dum

106 584 125 619 5
155 587 171 604 “
185 586 444 631 complerentur
467 585 687 629 septuaginta
709 585 804 618 anni.
846 582 951 617 Anno
975 589 1090 617 autem
1113 583 1229 627 primo
1253 582 1328 616 Ciri
1349 582 1446 627 regis
1461 581 1648 615 Persarum
1663 581 1710 615 ad
1727 582 1938 626 explendum
1953 593 2026 617 ser-

153 641 168 657 “
181 649 323 673 monem
344 639 496 680 Domini,
509 648 614 683 quem
630 638 767 672 locutus
790 637 907 671 fuerat
923 648 988 681 per
1011 647 1049 671 os
1072 636 1249 670 Hieremie
1273 636 1452 669 suscitauit
1466 635 1635 668 Dominus
1648 636 1814 680 spiritum
1832 635 1911 669 Ciri
1924 637 2026 680 regis

154 694 169 711 “
182 693 385 737 Persarum,
399 698 434 726 et
450 699 579 727 cetera.
625 690 764 730 Quibus
785 690 904 724 uerbis
928 691 1123 724 ostenditur
1146 690 1229 735 quia
1243 695 1379 723 uastata
1393 687 1506 733 Judea
1522 688 1682 728 chaldei,
1699 699 1771 722 non
1786 695 1823 723 ut
1838 690 1976 735 Assyrii
1991 690 2028 722 in

151 746 167 763 “
184 746 351 786 Samaria,
375 747 463 780 alios
484 747 610 780 misere
633 745 792 784 colonos3
816 743 879 778 sed
903 745 1077 778 desertam
1100 744 1276 788 reliquere
1299 749 1439 784 terram,
1456 743 1570 776 donec
1587 750 1666 786 post
1681 754 1791 777 annos
1807 753 1883 776 Lxx
1898 745 1936 777 in
1953 755 2030 777 eam

155 799 322 834 “rediere
345 799 462 845 Judei.
507 798 689 834 Consentit
711 798 766 832 his
788 798 938 843 Josepus
961 798 997 831 in
1026 799 1164 832 decimo
1188 797 1435 842 antiquitatum
1470 796 1561 830 libro
1595 796 1753 830 scribens
1783 798 1963 840 templum,
1996 803 2031 830 et

86 853 126 887 10
154 855 169 871 ‘⁶
182 853 412 893 Hierusalem,
425 859 460 887 et
475 863 613 887 omnem
625 853 773 897 Judeam
788 862 865 885 Lxx
881 852 980 885 annis
996 852 1226 896 permansisse
1244 850 1453 885 desolatam:
1470 851 1530 896 qui
1543 861 1661 884 rursus
1677 852 1914 885 enumerando
1929 861 2031 896 reges

155 907 376 952 “Babylonis
398 907 440 950 (si
463 913 579 940 tamen
601 906 661 939 ille
685 906 734 940 sic
758 905 909 950 scripsit,
933 912 968 940 et
997 916 1069 939 non
1093 904 1207 939 codex
1237 905 1330 938 fallit
1359 905 1560 947 mendosus)
1585 910 1724 938 eentum
1750 905 1827 938 fere
1853 916 1961 938 annos
1984 905 2030 938 ab

155 962 305 994 “euersa
327 961 546 994 Hierusalem
568 970 679 1004 usque
702 958 749 993 ad
771 960 992 993 ouer-sionem
1015 960 1117 1004 regni
1133 959 1371 993 chaldeorum
1388 959 1476 993 facit
1493 958 1613 1003 colligi
1626 960 1647 992 ¹.
1688 958 1819 992 Scribit
1842 959 1935 992 enim
1952 965 2032 1002 post

155 1017 171 1033 “
182 1015 522 1054 Nabuchodonosor,
535 1013 606 1058 qui,
618 1020 706 1048 teste
723 1014 906 1057 Scriptura
922 1013 1043 1054 Sacra,
1057 1023 1144 1054 xxv,
1157 1019 1236 1056 post
1252 1023 1410 1046 euersam
1423 1012 1652 1046 Hieru'salem
1667 1012 1758 1047 uixit
1774 1023 1895 1053 annos,
1907 1013 2029 1047 Euuil-
2067 1024 2146 1050 Mun..
2161 1030 2182 1045 e,
2193 1030 2218 1050 29

155 1071 171 1088 “
183 1069 376 1103 merodach
391 1069 498 1103 filium
516 1068 589 1113 ejus
605 1078 770 1114 regnasse
786 1079 897 1102 annos
912 1078 989 1101 XIX.
1024 1068 1107 1101 Post
1123 1079 1226 1112 quem
1242 1068 1391 1112 Eglesar
1406 1067 1514 1101 filium
1532 1068 1607 1113 ejus
1622 1066 1913 1102 Laborsordach'
1931 1079 2029 1101 men·
2067 1084 2087 1099 c.
2103 1079 2152 1104 μῦ

88 1122 126 1157 15
156 1123 278 1158 “sibus
300 1133 436 1157 nouem.
479 1123 559 1157 Hoc
584 1123 754 1157 defuncto
778 1123 824 1156 ad
846 1121 1036 1162 Balsamar,
1061 1122 1121 1168 qui
1144 1122 1294 1156 Naboan
1317 1127 1550 1166 nuncupatur,
1573 1122 1739 1156 transisse
1756 1123 1953 1166 imperium,
1971 1123 2031 1167 qui

156 1179 263 1210 “cum
283 1176 355 1221 jam
379 1177 504 1211 decem
528 1183 563 1210 et
585 1183 722 1220 septem
741 1176 946 1222 regnauerit
970 1177 1080 1216 annis,
1105 1182 1244 1220 captam
1273 1187 1293 1209 a
1318 1175 1401 1209 Ciro
1431 1176 1629 1215 Persarum,
1654 1182 1690 1209 et
1711 1175 1818 1209 Dario
1840 1176 2029 1211 Medorum

157 1232 172 1249 ²
183 1240 268 1275 rege
290 1229 437 1264 Assueri
458 1231 540 1264 filiis
563 1231 782 1264 Babiloniam
795 1230 818 1264 ¹.
864 1230 954 1264 Item
968 1230 1096 1263 Darius
1112 1236 1228 1264 autem
1245 1228 1400 1275 Astiagis
1415 1230 1505 1263 filius
1528 1229 1590 1274 qui
1613 1229 1874 1263 Babiloniorum
1891 1231 2035 1264 dextru-

157 1285 236 1318 “xit
258 1284 444 1328 imperium
471 1295 549 1318 eum
573 1284 659 1318 Ciro
692 1290 843 1328 cognato
867 1294 930 1317 suo
956 1284 1086 1329 agebat
1108 1294 1237 1317 annum
1260 1284 1512 1329 sexagesimum
1535 1284 1740 1323 secundum,
1765 1294 1845 1317 cum
1869 1283 2031 1329 Babylon

158 1339 173 1356 ⁸
186 1337 310 1371 fuisset
322 1338 452 1378 inuasa,
465 1338 524 1384 qui
539 1343 657 1371 tamen
673 1338 741 1371 alio
756 1337 898 1371 nomine
911 1337 1105 1372 uocabatur
1119 1348 1141 1370 a
1158 1337 1295 1378 Grecis,
1312 1337 1440 1382 quique
1453 1337 1661 1371 Danihelem
1674 1338 1882 1381 prophetam
1895 1349 2033 1371 sumens

54 1404 58 1406 ’
86 1392 130 1425 20
157 1393 172 1410 ‘⁴
186 1391 233 1425 ad
255 1402 293 1425 se
315 1391 352 1425 in
374 1392 533 1426 Mediam
556 1392 666 1433 duxit,
690 1398 726 1425 et
741 1391 836 1425 omni
852 1392 986 1425 honore
1004 1403 1083 1425 eum
1098 1390 1301 1425 celebrauit.
1336 1391 1451 1436 Hujus
1472 1391 1571 1425 Darii
1592 1391 1744 1425 Danihel
1759 1392 1835 1436 ipse
1850 1393 1900 1425 ita
1912 1392 2032 1425 memi-

157 1446 172 1464 “
184 1445 246 1480 nit.
271 1446 312 1479 In
328 1456 421 1479 anno
436 1445 549 1490 primo
566 1445 664 1479 Darii
680 1445 742 1478 filii
757 1444 903 1479 Assueri
920 1446 965 1480 de
981 1445 1112 1479 semine
1128 1445 1329 1486 Medorum,
1353 1446 1412 1489 qui
1426 1445 1613 1489 imperavit
1635 1456 1740 1489 super
1763 1456 1910 1490 regnum
1927 1446 2033 1480 Chal-

96 1518 100 1521 -
159 1499 343 1540 “·deorum,
358 1510 425 1544 ego
437 1499 600 1540 Danihel,
616 1499 775 1533 intellexi
790 1500 829 1533 in
844 1499 942 1533 libris
957 1510 1139 1533 numerum
1155 1509 1333 1538 annorum,
1351 1499 1396 1532 de
1414 1509 1483 1543 quo
1500 1499 1614 1532 factus
1631 1505 1683 1532 est
1699 1509 1812 1533 sermo
1828 1500 1971 1533 Domini
1987 1501 2033 1534 ad

156 1554 172 1570 “
187 1553 401 1587 Hieremiam
418 1554 628 1597 prophetam
643 1559 683 1586 ut
699 1553 960 1596 complerentur
983 1553 1209 1587 desolationis
1223 1553 1446 1586 Hierusalem
1471 1553 1693 1598 septuaginta
1709 1553 1791 1587 anni
1803 1552 1826 1587 ⁸.
1862 1553 2034 1587 Eusebius

159 1607 174 1624 ‘⁴
188 1606 224 1639 in
245 1612 441 1650 temporum
456 1607 546 1640 libro
563 1617 640 1639 xxx
656 1617 766 1640 annos
781 1607 826 1640 ab
843 1607 1027 1640 euersione
1043 1607 1265 1641 Hierusalem
1281 1616 1391 1652 usque
1406 1607 1453 1640 ad
1468 1607 1605 1640 initium
1621 1607 1695 1641 Ciri
1711 1607 1908 1648 Persarum,
1921 1607 2033 1652 Julius

87 1659 130 1693 25
160 1662 303 1694 “autem
325 1659 516 1694 Africanus
539 1671 616 1694 Lxx
640 1661 855 1704 computauit
863 1660 885 1694 ⁴.
932 1661 1043 1694 Porro
1065 1661 1259 1695 Ieronimus
1281 1661 1319 1694 in
1343 1661 1559 1703 expositione
1583 1662 1756 1704 prophete
1780 1662 1962 1695 Danihelis
1984 1662 2034 1694 ita

161 1716 176 1732 ‘⁴
190 1714 295 1748 dicit:
320 1715 483 1748 Tradunt
507 1715 641 1749 Hebrei
657 1715 900 1748 huiuscemodi
916 1715 1071 1748 fabulam
1086 1725 1197 1759 usque
1215 1715 1260 1748 ad
1276 1714 1571 1759 septuagesimum
1586 1726 1726 1756 annum,
1743 1726 1812 1759 quo
1836 1715 2034 1748 Hieremias

161 1769 176 1786 ⁸
188 1769 427 1812 captiuitatem
450 1769 572 1812 populi
594 1768 785 1813 Judeorum
809 1769 948 1802 dixerat
964 1779 1039 1802 esse
1055 1768 1270 1808 solvendam,
1288 1770 1332 1802 de
1349 1778 1418 1813 quo
1434 1774 1469 1802 et
1483 1769 1672 1803 Zacharias
1687 1770 1725 1802 in
1739 1770 1914 1813 principio
1934 1770 2034 1803 volu-

160 1823 176 1840 “
189 1821 292 1855 minis
315 1821 367 1855 sui
390 1822 556 1866 loquitur,
579 1822 713 1856 irritam
735 1822 877 1866 putans'
900 1822 967 1856 Dei
982 1823 1277 1866 pollicitationem
1293 1823 1487 1863 Balthasar,
1504 1823 1700 1867 falsumque
1716 1823 1934 1866 promissum,
1949 1834 2032 1857 uer·
2068 1840 2088 1855 c.
2103 1840 2152 1860 (ja

159 1876 174 1893 “
188 1885 246 1908 sus
269 1875 307 1910 in
328 1875 498 1921 gaudium
521 1875 610 1910 fecit
638 1876 772 1921 grande
801 1875 1000 1910 conuiuium
1031 1876 1222 1910 insalutans
1245 1875 1506 1921 quodammodo
1538 1877 1614 1920 spei
1636 1877 1842 1921 Judeorum,
1874 1883 1911 1911 et
1940 1877 2033 1911 uasis

88 1929 131 1962 30
153 1929 274 1973 templi
298 1929 378 1963 Dei.
424 1929 498 1963 Sed
521 1930 638 1963 statim
661 1929 748 1963 ultio
771 1936 893 1964 secuta
916 1935 979 1964 est.
994 1954 1008 1971 „
1029 1930 1050 1963 ⁵.
1096 1931 1185 1963 Item
1208 1930 1421 1964 Ieronimus:
1452 1930 1671 1964 “Sciendum
1694 1937 1747 1964 est
1762 1931 1946 1965 Balthasar
1961 1943 2033 1965 non

159 1984 174 2001 ‘⁴
188 1993 264 2016 esse
287 1982 395 2016 filium
418 1982 757 2024 Nabuchodonosor,
780 1989 818 2017 ut
840 1983 948 2028 uulgo
971 1983 1130 2028 legentes
1154 1983 1375 2025 arbitrantur,
1397 1984 1635 2018 testimonium
1659 1983 1705 2017 de
1721 1985 1894 2018 Danihele
1911 1986 2032 2028 profe-

160 2037 322 2075 “rentesg
346 2046 390 2069 eo
414 2035 510 2080 quod
533 2036 608 2080 ipse
632 2037 768 2070 dixerat
781 2037 988 2070 ⁴Balthasari
1004 2043 1105 2080 pater
1120 2042 1199 2071 tuus
1215 2037 1546 2071 Nabuchodonosor
1553 2050 1562 2077 3
1587 2038 1650 2072 sed
1664 2039 1764 2083 juxta
1780 2037 1948 2072 Berosum
1972 2039 2033 2082 qui

159 2089 379 2123 “chaldeam
413 2090 551 2134 scripsit
584 2090 788 2136 hystoriam,
811 2096 848 2125 et
877 2090 1055 2135 Josepum,
1086 2092 1148 2135 qui
1178 2091 1347 2125 Berosum
1379 2092 1549 2135 sequitur,
1580 2098 1660 2136 post
1690 2092 2034 2134 Nabuchodonosor,

159 2144 247 2187 ‘qui
269 2144 431 2188 regnauit
454 2145 554 2178 annis
578 2155 670 2178 xL111
695 2145 903 2179 successisse
925 2145 963 2178 in
984 2155 1133 2190 regnum
1155 2145 1230 2190 ejus
1252 2146 1372 2186 filium,
1397 2147 1457 2190 qui
1480 2152 1627 2180 uocatur
1657 2146 1965 2187 Euuilmerodach,
1989 2148 2034 2181 de

88 2194 131 2229 35
161 2197 176 2214 ‘⁴
189 2206 259 2241 quo
282 2197 403 2231 scribit
426 2204 462 2231 et
483 2198 690 2239 Hieremias,
714 2197 810 2242 quod
833 2198 871 2231 in
887 2199 1002 2242 primo
1018 2209 1112 2232 anno
1129 2199 1229 2243 regni
1245 2199 1298 2232 sui
1316 2199 1489 2233 leuauerit
1506 2201 1622 2243 capud
1644 2200 1806 2244 Joachim
1822 2200 1916 2244 regis
1931 2201 2033 2245 Jude,

160 2251 223 2285 “et
245 2249 364 2285 eduxit
387 2262 465 2284 eum
489 2252 535 2285 de
559 2251 664 2286 domo
689 2252 843 2286 carceris
855 2251 877 2285 Β.
924 2252 1054 2287 Refert
1086 2252 1237 2298 Josepus
1272 2253 1369 2298 quod
1391 2259 1472 2297 post
1502 2260 1651 2288 mortem
1675 2253 1972 2287 Euuilmerodach
1995 2254 2033 2287 in

159 2305 333 2349 “reguum
355 2305 464 2349 patris
486 2306 694 2341 successerit
718 2306 807 2342 filius
831 2307 906 2352 ejus
929 2306 1110 2351 Neglisar:
1134 2313 1214 2350 post
1237 2318 1340 2352 quem
1366 2318 1485 2341 rursus
1511 2307 1602 2341 filius
1626 2307 1699 2352 ejus
1722 2307 2032 2342 Laborsordoch⁷:

243 2448 270 2475 3.
289 2443 410 2476 imperat
433 2443 456 2468 C
475 2457 508 2462 —-
529 2451 554 2476 4.
574 2442 729 2475 Sabbatha,
749 2443 922 2470 Sabbathum
942 2444 968 2468 B
987 2457 1020 2463 -
1040 2443 1066 2471 6.
1086 2444 1147 2477 hos,
1167 2444 1193 2469 A
1207 2457 1240 2464 —-
1254 2450 1279 2477 7.
1298 2445 1379 2471 Iudei
1392 2445 1417 2470 A
1436 2459 1448 2464 -
1468 2445 1593 2472 Chaldea
1611 2446 1634 2470 C
1645 2459 1678 2464 —
1693 2446 1718 2473 8.
1733 2453 1764 2471 en
1784 2446 1809 2471 A
1823 2460 1856 2466 —
1878 2453 1919 2479 13.
1938 2446 2034 2471 Nabu-

154 2483 320 2513 hodone-or
341 2485 366 2511 G
382 2499 415 2505 —
437 2492 528 2519 13-14·
546 2485 784 2512 Euuilmerodach
800 2485 876 2512 filius
894 2488 955 2514 eius
974 2494 1106 2520 regnasse
1124 2495 1217 2515 annos
1236 2495 1286 2514 om.
1309 2488 1333 2512 C
1350 2501 1382 2507 —
1405 2493 1447 2520 15.
1466 2489 1498 2513 dt
1509 2489 1603 2521 prima
1621 2496 1718 2514 mano.-
1737 2488 1868 2514 transille
1888 2503 1921 2508 —
1938 2487 1978 2514 16.
1988 2495 2033 2514 re-

155 2528 294 2558 gumez-at
317 2526 341 2553 C
355 2540 367 2546 ·
385 2530 469 2561 capte
492 2527 516 2553 C
533 2542 566 2551 --
588 2532 628 2560 17.
648 2526 709 2554 filio
732 2528 755 2554 C
772 2541 806 2548 -
828 2528 870 2555 18.
890 2528 1011 2555 Babilon
1030 2529 1057 2553 B
1071 2529 1094 2554 C
1110 2543 1144 2548 —
1166 2536 1207 2562 19.
1226 2530 1253 2554 B
1277 2530 1312 2555 ha
1337 2532 1438 2563 oempre
1457 2530 1486 2554 la
1495 2529 1610 2562 forma.-
1631 2531 1735 2556 Daniel
1755 2544 1788 2548 —
1808 2537 1851 2557 20.
1871 2538 1936 2556 cum
1954 2530 1979 2555 Α
2002 2544 2033 2549 -

158 2573 198 2602 ²3·
215 2567 367 2595 Ierusalem
389 2569 412 2594 C
429 2583 462 2588 —
483 2577 526 2603 ²4·
546 2570 667 2595 inicium
690 2570 714 2595 C
731 2584 764 2589 —
784 2570 827 2598 26.
846 2570 981 2597 Ieremias
1003 2571 1027 2595 C
1043 2585 1076 2590 —
1091 2571 1184 2606 28-29.
1203 2579 1333 2599 reuersus
1356 2572 1380 2598 C
1391 2586 1424 2592 —
1439 2579 1482 2606 ²9·
1501 2571 1628 2606 fecitque
1652 2573 1696 2597 C·
1709 2573 1848 2599 insultans
1866 2573 1891 2598 A
1907 2573 1930 2597 C
1941 2587 1973 2591 —
1988 2579 2033 2606 31.

113 2613 127 2641 5
162 2609 294 2639 Belo-um
312 2612 338 2637 Α
357 2625 370 2631 -
387 2612 528 2639 Uei-osum
546 2612 571 2637 Α
590 2626 625 2632 -
645 2617 689 2647 35.
708 2612 851 2641 leuauerlt
868 2613 894 2639 Α
914 2627 947 2632 -
967 2612 1011 2646 36.
1030 2613 1137 2640 refer-th
1154 2614 1180 2640 A

253 2692 263 2710 ¹
281 2694 414 2723 naxus
433 2695 589 2728 bannus,
608 2698 649 2729 op.
662 2696 720 2726 cit„
732 2695 839 2729 δεκάτη,
852 2696 902 2729 184
916 2696 1000 2730 (ediz.
1013 2696 1071 2729 cit..
1124 2698 1261 2730 Dlndorf,
1283 2699 1361 2732 1829,
1379 2700 1429 2726 cit.
1447 2699 1482 2725 da
1500 2700 1711 2731 Hrmzommus,
1725 2699 1822 2726 Comm.
1836 2701 1866 2724 in
1878 2699 2031 2728 Danielem,
2063 2703 2094 2733 15

160 2735 197 2767 11,
216 2743 264 2771 pp.
281 2737 431 2772 354-355):
452 2737 467 2752 ⁰
533 2756 540 2764 .
567 2738 616 2762 καὶ
637 2738 681 2762 διὰ
700 2739 771 2764 τοῦτ’
790 2738 888 2771 ἔρημος
909 2739 926 2771 ἡ
952 2739 1070 2766 Ἰουδαία
1123 2740 1155 2766 in
1173 2740 1287 2773 Mmus,
1308 2741 1396 2773 XXV,
1417 2750 1444 2775 p.
1466 2742 1526 2774 518.

159 2776 173 2791 ⁸
185 2781 258 2806 πᾶσα
277 2780 327 2805 ’ez‘
346 2780 518 2813 Ἰεροσόλυμα
534 2781 583 2807 καί
603 2781 618 2806 ὁ
631 2781 696 2806 ναὸς
713 2781 838 2814 διὲμεινεν
857 2781 939 2808 ‘isam
956 2782 1067 2814 ἑβδομή·
1212 2782 1224 2800 ⁵
1244 2784 1380 2810 Smcros
1398 2785 1543 2811 Eusnmus
1562 2785 1773 2817 meoxvuvs,
1798 2786 1895 2811 Comm.
1920 2786 1951 2811 in
1975 2786 2033 2811 Da-

158 2821 172 2836 ·
184 2827 309 2855 κον-ιαμ
329 2823 366 2849 ἀει
383 2831 435 2849 san
456 2823 614 2855 Girolamo,
633 2826 673 2856 op.
692 2830 708 2850 e
720 2824 774 2850 loc.
787 2825 836 2851 cit.
872 2825 921 2851 Ma
939 2831 959 2850 R
976 2826 1068 2861 ripro·
1122 2826 1219 2851 nielem
1238 2826 1298 2856 lib„
1315 2833 1377 2860 cap.
1396 2827 1432 2858 V,
1451 2827 1507 2853 vol.
1528 2827 1563 2858 11,
1576 2827 1607 2851 in
1628 2827 1742 2859 Mzoun,
1755 2828 1844 2859 XXV,
1857 2835 1886 2860 p.
1901 2832 1961 2861 519.
1980 2829 2032 2854 Nel

96 2867 129 2887 ιο
156 2863 226 2893 duee
245 2864 267 2891 ss
284 2867 360 2892 testo
379 2866 511 2898 bediano,
530 2869 570 2898 op.
590 2869 649 2895 cit..
667 2866 724 2893 vol.
743 2867 805 2899 eit„
824 2874 851 2900 p.
873 2871 932 2901 107.
1121 2870 1196 2894 testo
1215 2868 1245 2894 dl
1264 2869 1344 2896 H1er.
1365 2869 1390 2894 si
1415 2869 1453 2895 ha
1472 2869 1557 2903 pero:
1586 2869 1845 2897 “....huiusmod1
1869 2869 1994 2897 fabulam
2007 2888 2032 2904 „-

247 2905 259 2924 ¹
277 2908 365 2935 Deest
383 2908 500 2935 uerbum
520 2910 675 2941 exequitur,
688 2910 763 2935 utin
776 2909 850 2935 Bede
862 2910 945 2937 textu
959 2908 1066 2943 (Sassi).
1120 2911 1174 2936 Flu
1193 2911 1243 2944 qul
1261 2918 1281 2936 a
1299 2919 1384 2945 segue
1403 2912 1487 2938 Beda.
2061 2911 2096 2930 20

245 2948 257 2967 ⁸
276 2951 367 2982 Βιυᾼ,
387 2952 441 2977 loc.
460 2951 517 2983 cit„
537 2952 665 2983 Dilmun,
678 2951 727 2983 XI,
748 2952 802 2977 vol.
820 2951 835 2976 1
853 2960 868 2978 e
885 2952 922 2979 Π.
1210 2952 1222 2969 ⁶
1240 2954 1335 2987 Ioum„
1355 2957 1397 2987 op.
1415 2955 1473 2984 cit..
1493 2955 1545 2981 loc.
1565 2956 1613 2982 cit.
1632 2962 1649 2981 u
1671 2956 1752 2990 parte
1775 2956 1931 2989 riproduoe,
1950 2958 2031 2990 parte

246 2990 258 3009 ⁴
276 2994 432 3024 Euumus,
456 2993 565 3022 chron..
584 2993 673 3024 XXX,
692 2994 754 3025 cit.3
779 2993 948 3020 Smcntms
975 2993 1064 3026 (Afri-
1118 2997 1203 3022 sunta
1219 2994 1278 3021 fino
1296 3003 1314 3022 s
1333 2995 1519 3023 “conduntur
1537 2998 1656 3031 reliquia
1668 3015 1691 3030 ,μ

155 3034 248 3070 canus)
273 3035 474 3069 chronograhla
502 3037 532 3061 ln
562 3035 663 3069 Corpus
688 3035 761 3061 Hist.
785 3036 964 3070 Bysantinae,
988 3037 1061 3063 edlz.
1207 3036 1218 3053 ⁷
1237 3038 1368 3063 1⁴¹1).va
1386 3038 1662 3071 Iosnruusmpmit..
1673 3039 1783 3073 δεκάτη,
1799 3039 1876 3074 §231
1895 3049 1937 3075 sg.
1953 3041 2031 3076 (ediz.
