2398 3470
201 259 317 281 Monet.
326 259 411 283 138-139

248 868 268 883 c.
283 864 323 887 169
331 862 343 881 b

298 979 319 993 a.
335 973 361 994 C.
378 978 414 997 73²

199 1059 326 1084 Gregorius
346 1059 374 1079 II
385 1061 410 1083 p.

267 1087 279 1111 †
293 1092 314 1106 a.
329 1087 356 1106 C.
372 1091 409 1111 73!

232 1113 361 1137 Gregorius
375 1113 412 1132 II!

250 1146 271 1160 a.
287 1141 313 1160 C.
324 1145 409 1164 731-741

248 1675 268 1689 c.
284 1674 344 1693 17oa

403 2031 405 2033 ’
430 2030 593 2074 gobardis
617 2029 797 2066 liberaret;
829 2028 940 2061 noluit
970 2028 1062 2061 enim
1087 2028 1130 2061 ab
1161 2029 1372 2071 imperatore
1400 2029 1798 2071 Constantinopolitano,
1830 2037 1934 2071 quem
1967 2027 2153 2060 admodum
2182 2028 2299 2060 fuerat

287 2097 308 2110 a.
325 2091 351 2110 C.
366 2096 405 2115 739

387 2642 400 2668 5

375 2889 406 2907 10

445 247 517 282 140
1208 243 1526 280 CHRONICON
1990 250 2074 284 [ΛΑ.
2095 250 2128 277 e.
2148 251 2297 285 ἰω-739]

440 317 2289 328 ..........................................................................................................................................................................................................

438 389 520 420 ceps
543 377 686 410 ueniens
709 376 960 419 preoccupauit
992 376 1072 409 illos
1095 375 1342 418 debellansque
1366 374 1444 407 illos
1466 375 1652 408 reuertitur
1665 373 1687 408 ¹.
1718 375 1790 408 Sub
1821 375 1956 408 hisdem
1987 377 2121 416 diebus,
2152 376 2294 410 euoluto

435 431 516 463 anni
539 429 683 467 circulo,
707 429 855 462 collecto
879 429 1016 472 agmine
1040 430 1178 461 Renum
1202 428 1346 460 fluuium
1368 428 1503 460 transiit
1526 427 1806 471 Alamannosque
1836 434 1872 461 et
1898 428 2031 463 Sueuos
2070 430 2235 462 lustratur
2261 435 2297 462 et

434 482 631 515 Danubium
653 492 762 525 usque
798 482 954 520 accessit,
981 481 1112 525 illoque
1143 487 1353 514 transmeato
1385 481 1470 514 fines
1492 481 1731 525 Bangarens'es
1759 483 1955 524 occupauit,
1983 483 2125 516 subacta
2148 483 2208 515 illa
2239 493 2295 516 re-

433 537 535 579 gione
560 546 601 568 ac
624 535 737 578 pretio
771 534 881 567 multo
904 535 1038 568 sublato
1063 534 1106 567 ab
1129 533 1285 567 hostibus
1321 534 1380 577 qui
1403 534 1550 577 patriam
1574 534 1779 577 depopulati
1801 535 1951 574 fuerant,
1974 537 2103 568 iterum
2125 536 2296 569 remeauit

434 589 478 621 ad
501 588 643 637 propria
654 587 677 620 ².
724 587 825 620 Eudo
848 587 953 631 igitur
975 587 1214 620 Baioariorum
1245 587 1359 630 gentis
1388 587 1487 619 “dux
1511 598 1657 620 cernens
1680 598 1715 620 se
1739 594 1949 630 superatum,
1965 594 2105 631 gentem
2127 589 2296 632 perfidam
2343 587 2376 621 5

440 645 454 660 ‘⁴
468 641 740 674 sarracenorum
764 641 810 673 ad
833 640 998 673 auxilium
1030 651 1130 673 suum
1161 646 1283 673 contra
1314 640 1476 673 Carolum
1507 641 1702 683 principem
1733 641 1910 674 excitauit.
1957 642 2030 681 Qui
2061 643 2191 685 egressi
2215 653 2295 675 cum

439 698 548 739 “rege
571 705 644 733 suo,
675 694 869 727 Abdirama
899 694 1049 732 nomine,
1079 694 1277 726 Garonnam
1307 699 1486 726 transeunt
1515 704 1623 737 usque
1655 694 1878 737 Burdigalem
1910 695 2123 737 consumptis
2156 694 2296 738 populis

433 747 661 791 ecclesiisque
685 748 846 780 crematis
869 757 978 789 usque
1002 746 1155 779 Pictauis
1178 746 1332 788 protecti
1354 752 1460 786 sunt„
1489 758 1568 780 cum
1596 747 1761 780 uxoribus
1797 758 1838 781 ac
1870 747 1988 780 liberis
2019 749 2117 790 quasi
2149 747 2296 781 Galliam

434 801 631 844 possessuri,
655 811 800 844 quorum
824 806 898 833 erat
920 800 1102 832 innumera
1125 799 1320 832 multitudo.
1372 802 1386 817 ‘⁴
1399 800 1530 833 Contra
1553 811 1639 843 quos
1655 800 1801 833 Carolus
1816 801 1980 844 princeps
2003 802 2170 835 audacter
2186 801 2298 834 aciem

437 857 451 872 “
465 854 636 893 instruxit,
662 864 702 886 ac
726 864 829 896 super
851 863 911 886 eos
934 852 1181 896 belli'gerando
1204 853 1307 885 irruit
1336 853 1487 886 tentoria
1517 864 1636 886 eorum
1660 853 1874 894 subuertit„
1905 859 1941 887 et
1970 854 2110 887 fortiter
2136 865 2216 887 cum
2246 854 2298 887 eis
2323 854 2371 886 10

431 908 619 941 dimicauit.
671 908 686 925 ‘⁶
699 906 892 939 Interfecto
914 916 998 949 rege
1023 916 1142 939 eorum
1178 905 1370 939 Abdirama
1401 907 1592 939 exercitum
1623 907 1696 939 eius
1730 908 1921 950 prostrauit
1950 913 2054 950 atque
2078 908 2219 946 deuicit‚
2246 908 2299 940 ui-

444 964 458 979 “
473 967 616 1004 ctorque
652 961 696 994 de
732 959 888 992 hostibus
922 960 1151 1002 triumphauit
1167 983 1182 999 „
1196 958 1225 997 ⁸3
1263 959 1300 991 in
1334 960 1411 1002 ipsa
1449 970 1598 1003 namque
1636 970 1753 1004 pugna
1791 966 1830 993 ut
1868 961 1980 994 fertur
2017 971 2062 993 ex
2097 960 2299 994 Sarracenis

433 1014 590 1048 CCCLX
617 1014 722 1051 milia,
747 1024 791 1045 ex
814 1013 1028 1045 Francorum
1052 1018 1152 1055 parte
1181 1011 1284 1045 MCL
1318 1013 1532 1046 ceciderunt.
1579 1013 1664 1046 Post
1694 1014 1762 1047 hec
1790 1019 1905 1046 autem
1930 1014 2031 1047 Eudo
2054 1019 2208 1047 mortuus
2234 1020 2298 1047 est.

522 1067 625 1100 Anno
650 1066 824 1099 dominice
847 1066 1094 1099 incarnationis
1117 1065 1318 1099 DCCXVII
1340 1066 1534 1099 indictione
1551 1067 1665 1099 XIIII.
1698 1067 1888 1110 Gregorius
1911 1068 2070 1100 Romane
2095 1068 2188 1100 sedis
2210 1078 2298 1110 pon-

434 1122 523 1155 tifex
546 1121 732 1154 defunctus
755 1125 808 1152 est
830 1125 867 1152 et
889 1119 1044 1162 sepultus
1070 1119 1115 1152 ad
1137 1124 1297 1152 sanctum
1320 1119 1462 1152 Petrum
1474 1119 1497 1152 ⁴.
1544 1120 1610 1153 Cui
1637 1121 1806 1153 successit
1821 1121 1909 1153 alter
1933 1121 2134 1164 Gregorius,
2157 1112 2297 1154 natione
2324 1112 2376 1154 15Ι

434 1174 551 1218 Syrus,
574 1185 618 1206 ex
640 1179 739 1216 patre
765 1173 929 1210 Iohanne,
965 1172 1125 1215 seditque
1150 1173 1249 1205 annis
1272 1172 1308 1205 X
1335 1172 1509 1205 mensibus
1533 1183 1596 1207 vn.
1642 1172 1710 1206 Hic
1743 1180 1858 1206 autem
1882 1180 1957 1207 erat
1989 1176 2003 1191 ‘⁴
2016 1174 2071 1206 uir
2098 1174 2296 1207 mitissimus
2372 1179 2373 1182 ’

437 1230 451 1246 ‘⁴
464 1234 499 1260 et
522 1227 625 1261 ualde
649 1227 798 1269 sapiens,
820 1227 858 1258 in
889 1226 1017 1259 diuinis
1040 1226 1223 1268 scripturis
1255 1226 1468 1259 sufficienter
1496 1227 1699 1266 instructus,
1729 1237 1837 1270 greca
1865 1227 2040 1270 latinaque
2075 1227 2192 1271 lingua
2214 1238 2294 1260 eru-

433 1283 568 1322 ditus„
591 1287 694 1324 atque
718 1280 879 1318 disertus,
902 1280 939 1312 in
962 1279 1118 1312 sensibus
1142 1280 1338 1312 diuinarum
1362 1281 1610 1323 scripturarum
1633 1280 1855 1313 subtilissima
1882 1282 2099 1314 exortatione
2129 1281 2297 1321 elimatus,

432 1342 608 1369 exortator
631 1334 784 1367 omnium
801 1333 970 1366 bonorum
998 1333 1162 1376 plebique
1179 1333 1419 1366 florentissima
1437 1334 1610 1367 catholice
1626 1334 1707 1366 fidei
1732 1345 1773 1367 ac
1796 1335 1959 1367 salutaria
1974 1335 2171 1378 predicans,
2189 1335 2298 1368 corda
2368 1373 2371 1375 μ

430 1390 583 1423 fidelium
607 1389 702 1422 dicto
726 1387 892 1430 factoque
925 1387 1166 1426 corroborans,
1190 1387 1385 1420 orthodoxe
1410 1398 1452 1420 ac
1480 1387 1653 1420 catholice
1681 1388 1764 1420 fidei
1795 1388 1967 1420 emulator
1998 1394 2101 1431 atque
2133 1388 2297 1421 defensor
2321 1389 2377 1422 2οῖ

432 1443 647 1481 fortissimus,
672 1441 894 1474 christianam
918 1440 1124 1483 religionem
1149 1440 1336 1483 diligenter
1360 1441 1609 1483 complectens,
1638 1442 1653 1458 ‘⁴
1666 1441 1879 1484 paupertatis
1896 1446 2039 1479 amator,
2056 1450 2140 1484 erga
2155 1441 2297 1484 inopum
2370 1440 2371 1443 ’

438 1498 453 1513 ‘⁴
466 1496 699 1539 prouisionem
722 1505 792 1527 non
815 1494 926 1527 solum
949 1495 1075 1526 mentis
1098 1494 1240 1537 pietate,
1264 1494 1328 1526 sed
1351 1499 1387 1526 et
1403 1494 1510 1527 studii
1527 1494 1646 1528 labore
1666 1493 1844 1533 sollicitus,
1863 1494 2080 1537 captiuorum
2095 1494 2297 1537 redemptor

440 1553 504 1583 “et
526 1548 731 1587 debitorum,
755 1548 920 1590 orphanis
944 1558 1082 1591 quoque
1106 1553 1143 1580 et
1165 1547 1281 1580 uiduis
1305 1557 1384 1580 cum
1408 1548 1501 1580 omni
1520 1546 1702 1591 diligentia
1718 1546 1859 1590 largiter
1880 1547 2077 1580 necessan‘a
2097 1547 2252 1580 tribuens
2265 1571 2296 1588 „.

433 1602 680 1641 Quamobrem,
710 1603 724 1619 ‘⁴
738 1601 814 1634 Deo
838 1601 991 1639 fauente,
1016 1611 1087 1633 non
1110 1600 1220 1633 solum
1245 1601 1290 1634 ad
1313 1611 1451 1633 sacrum
1467 1601 1727 1645 presbyteratus
1743 1601 1902 1634 ordinem
1918 1601 2091 1643 peruenit,
2107 1601 2297 1634 sed-etiam

438 1658 452 1674 “
466 1658 547 1690 dum
570 1657 607 1688 in
629 1655 779 1698 exequio
803 1653 862 1687 sui'
887 1655 1080 1687 decessoris
1104 1660 1183 1687 ante
1207 1654 1374 1687 feretrum
1390 1655 1464 1687 eius
1481 1655 1603 1687 fuisset
1626 1654 1796 1693 inuentus,
1829 1654 1939 1687 omnis
1955 1654 2135 1687 Romanus
2149 1654 2299 1698 populus
2321 1654 2373 1688 2⁴⁸⁶
2396 1664 2398 1666 ’

437 1713 450 1727 “
464 1721 483 1743 a
507 1720 633 1753 magno
656 1719 764 1752 usque
789 1709 834 1741 ad
857 1718 1002 1751 paruum
1027 1708 1146 1740 diuina
1168 1708 1397 1750 inspiratione
1421 1707 1535 1741 subito
1557 1708 1718 1750 permoti,
1741 1718 1805 1750 per
1828 1707 1898 1739 uim
1923 1708 2120 1740 auferentes
2146 1710 2237 1746 eum,
2259 1708 2297 1740 in
2364 1701 2372 1707 '⁶

437 1763 672 1806 “pontificatus
696 1761 854 1795 ordinem
877 1761 1059 1805 elegerunt
1073 1785 1104 1801 „,
1126 1767 1286 1804 tempore
1309 1761 1437 1794 Leonis
1468 1767 1504 1794 et
1535 1761 1753 1794 Constantini
1782 1762 2043 1804 imperatorum.
2090 1761 2159 1794 Hic
2182 1766 2296 1794 autem

431 1817 619 1859 Gregorius
640 1815 797 1848 Leonem
819 1814 1079 1857 imperatorem,
1103 1815 1164 1857 qui
1187 1825 1303 1847 sacras
1324 1814 1494 1858 imagines
1517 1814 1697 1847 destruere
1715 1814 1902 1853 nitebatur,
1926 1814 2242 1847 excommunicauit
2264 1820 2299 1847 et

429 1880 537 1914 regno
560 1869 711 1911 priuauit
724 1867 745 1901 ⁵.

518 1923 586 1955 Hic
608 1923 713 1960 idem,
738 1931 817 1954 cum
840 1921 955 1954 Roma
978 1921 1196 1954 obsideretur
1220 1932 1240 1954 a
1255 1921 1474 1965 Liutprando
1490 1921 1800 1965 Langobardorum
1817 1931 1911 1965 rege,
1927 1921 2019 1954 misit
2034 1920 2150 1953 nauali
2171 1921 2297 1954 itinere
2320 1921 2362 1967 32

431 1977 546 2009 claues
569 1976 806 2008 confessiones
840 1975 952 2007 sancti
975 1974 1070 2007 Petri
1101 1981 1136 2007 et
1168 1974 1295 2008 Carolo
1319 1976 1472 2018 principi
1502 1985 1629 2018 rogans
1659 1981 1698 2007 ut
1728 1974 1923 2007 Romanam
1954 1974 2139 2007 ecclesiam
2163 1984 2184 2006 a
2205 1974 2297 2007 Lan-
2396 1981 2398 1989 ’

428 2085 595 2116 hactenus
619 2082 844 2120 consuetudo,
882 2081 1047 2114 auxilium
1077 2087 1211 2124 petere.
1257 2082 1350 2114 Tum
1382 2082 1524 2126 quidem
1555 2082 1637 2125 quia
1667 2087 1812 2124 propter
1842 2091 1958 2114 sacras
1987 2081 2172 2125 imagines,
2202 2080 2299 2114 uelut

429 2147 532 2180 supra
555 2137 686 2169 dictum
709 2141 772 2175 est,
796 2135 1115 2168 excommunicatus
1144 2141 1218 2168 erat
1234 2141 1270 2168 et
1290 2136 1329 2168 in
1353 2136 1477 2168 eodem
1500 2146 1617 2168 errore
1636 2145 1864 2178 perseuerans
1887 2145 1952 2167 nec
1975 2135 2124 2177 penituit
2137 2133 2160 2167 ⁰.
2205 2134 2297 2167 Tum

429 2201 514 2223 uero
537 2190 618 2233 quia
639 2199 704 2232 per
726 2188 832 2221 multa
847 2194 1016 2231 tempora,
1032 2194 1137 2231 prout
1159 2200 1264 2232 supra
1286 2194 1443 2222 notatum
1466 2195 1530 2228 est,
1548 2199 1568 2221 a
1591 2188 1795 2222 Sarracenis
1811 2188 1970 2221 obsessus
1986 2188 2097 2230 ipsam
2121 2188 2226 2220 etiam
2241 2198 2298 2220 re·
2320 2188 2340 2221 3
2383 2183 2390 2224 j

430 2245 521 2288 giam
544 2244 720 2276 ciuitatem
742 2243 779 2274 in
802 2253 871 2285 qua
894 2242 1056 2275 manebat
1080 2242 1273 2275 defendere
1296 2242 1476 2285 nequibat.
1522 2242 1599 2275 Hec
1622 2243 1740 2285 itaque
1765 2252 1869 2274 causa
1896 2242 1964 2274 fuit
1988 2252 2094 2284 quare
2125 2241 2298 2274 Constan-
2373 2234 2375 2237 ’

426 2297 645 2340 tinopolitani
667 2296 896 2338 imperatores
918 2296 1152 2338 patrocinium
1175 2295 1335 2328 Romane
1368 2296 1518 2328 ecclesie
1543 2296 1741 2328 amiserunt.
1794 2296 1808 2312 “
1822 2295 1926 2328 Circa
1957 2295 2025 2327 hec
2048 2300 2206 2337 tempora
2229 2294 2296 2327 Ca-

435 2350 554 2382 “rolus
576 2349 740 2392 princeps
763 2349 950 2392 pepigerat
973 2348 1076 2382 fedus
1101 2359 1180 2381 cum
1202 2348 1422 2391 Liutprando
1438 2348 1750 2392 Langobardorum
1766 2358 1861 2392 rege,
1877 2348 1980 2391 eique
2004 2347 2168 2391 Pipinum
2190 2358 2296 2380 unum

519 2474 542 2491 1.
562 2466 762 2498 debellansque
774 2467 853 2491 uicto
872 2468 1030 2492 reuertetur
1044 2467 1067 2492 C
1077 2480 1110 2486 —
1125 2473 1148 2492 2.
1163 2467 1286 2492 collecta
1308 2468 1332 2492 C
1348 2480 1357 2485 -
1377 2474 1477 2492 suaues
1493 2467 1517 2493 C
1533 2467 1672 2492 lustratur
1686 2466 1712 2491 B
1729 2474 1742 2490 e
1761 2466 1841 2492 Sasso
1855 2480 1888 2484 -—
1903 2473 1927 2498 3.
1941 2467 1969 2490 et
1983 2465 2017 2490 ad
2030 2465 2195 2490 Danubium
2207 2472 2295 2498 usque

429 2510 598 2543 peraccessit
618 2510 641 2534 C
659 2522 668 2527 -
688 2509 812 2541 illosque
828 2509 853 2534 C
868 2522 878 2527 -
898 2509 1085 2541 Bulgarenses
1101 2510 1126 2535 B
1137 2518 1150 2534 e
1164 2510 1255 2540 San-03
1268 2510 1457 2541 Baquarinses
1477 2510 1551 2534 Cone.
1564 2509 1736 2542 Fredegarss,
1746 2511 1776 2540 p.
1787 2513 1838 2539 175
1851 2522 1885 2527 -
1899 2515 1953 2541 3-4.
1969 2508 2095 2541 regione,
2113 2509 2210 2541 precio
2225 2508 2250 2534 C
2261 2521 2295 2526 —

432 2558 455 2584 7.
465 2551 625 2576 Garronam
635 2552 683 2576 Be
696 2551 772 2575 Sasso
783 2565 816 2568 —
827 2549 852 2576 8.
862 2553 1005 2584 progressi
1020 2553 1086 2576 sunt
1097 2553 1124 2576 B
1135 2560 1148 2576 e
1158 2551 1237 2577 Sasso
1248 2565 1279 2571 —
1294 2551 1335 2577 18.
1345 2560 1443 2577 eorum
1453 2559 1518 2584 rege
1530 2551 1554 2575 C
1563 2564 1596 2570 -
1609 2559 1649 2584 19.
1657 2551 1769 2576 ostibus
1781 2552 1806 2577 C
1816 2565 1825 2569 -
1839 2544 2033 2576 exsarracenis
2045 2551 2070 2576 C
2082 2564 2114 2569 —
2128 2557 2168 2583 13.
2179 2550 2261 2575 milia
2272 2551 2297 2577 C

427 2608 439 2613 -
458 2594 538 2619 mille
557 2593 606 2618 CL
620 2595 643 2619 C
661 2607 670 2612 -
690 2593 772 2618 Cudo
791 2594 822 2617 di
835 2594 927 2625 prima
940 2601 1017 2618 mano
1032 2595 1056 2619 C
1067 2607 1101 2613 —
1117 2594 1155 2619 18.
1170 2596 1254 2627 atque
1267 2597 1380 2620 exertus
1396 2595 1420 2621 C
1437 2608 1470 2612 —
1486 2601 1527 2619 20.
1543 2595 1655 2620 tactoue
1671 2595 1695 2620 C
1706 2608 1739 2611 —
1754 2600 1796 2618 22.
1810 2594 1921 2618 meritis
1941 2595 2047 2626 pietate
2062 2593 2092 2623 C',
2104 2593 2131 2617 B
2143 2601 2158 2618 e
2169 2592 2248 2618 sasso
2261 2606 2294 2611 -—-

435 2643 448 2661 2
453 2643 477 2670 5.
490 2636 520 2660 in
540 2636 668 2668 exequiis
683 2637 709 2661 B
720 2644 733 2660 ε
747 2636 824 2661 Sasso
837 2650 870 2653 —
884 2635 926 2660 26.
939 2637 1071 2669 patruum
1086 2637 1188 2662 diuina
1201 2638 1225 2663 C
1235 2651 1269 2655 —
1283 2643 1325 2670 27.
1338 2637 1479 2662 honorem
1492 2638 1519 2662 B
1530 2644 1544 2660 e
1558 2637 1635 2662 Sasso
1648 2650 1681 2654 —
1696 2635 1785 2669 28-29‚
1798 2637 2032 2661 exeomunicauit
2047 2636 2072 2661 C
2088 2649 2121 2653 -—
2135 2642 2178 2667 31.
2196 2635 2292 2660 claues

430 2679 523 2703 sancti
541 2678 620 2703 Petri
639 2680 666 2703 et
685 2678 746 2703 eius
766 2678 959 2704 confessionis
978 2678 1004 2702 B
1016 2686 1030 2702 e
1048 2677 1129 2704 sasso
1144 2693 1176 2698 —
1190 2686 1233 2712 33.
1249 2681 1366 2705 actenus
1381 2680 1405 2705 C
1428 2693 1437 2697 -
1457 2678 1544 2704 uelud
1559 2680 1584 2705 C
1600 2692 1634 2696 —
1648 2685 1690 2712 37.
1704 2678 1891 2703 ammiserunt
1908 2678 1932 2703 G
1948 2692 1981 2695 —
2001 2676 2043 2710 38.
2063 2677 2250 2710 Liudprundo
2271 2677 2295 2702 C

521 2757 529 2774 ¹
552 2758 744 2783 chronicarum
759 2765 826 2789 quae
851 2758 983 2782 dicuntur
999 2758 1160 2790 Fredegari?
1178 2759 1338 2784 Scholastict
1480 2759 1491 2777 ⁵
1509 2759 1597 2790 IDEM,
1610 2759 1631 2789 I,
1645 2764 1696 2791 415
1710 2765 1727 2783 a
1740 2764 1790 2791 4²1
1802 2767 1808 2783 :
1825 2758 1839 2771 “
1849 2774 1857 2783 .
1866 2777 1872 2782 .
1882 2777 1900 2783 ..
1915 2757 1991 2783 sedit
2003 2764 2071 2782 ann.
2084 2757 2119 2788 X,
2130 2764 2217 2782 mens.
2228 2763 2295 2787 vm,
2325 2758 2382 2791 ις’-

437 2800 665 2829 Οοηέίηυαιϊοηεε,
682 2799 722 2825 M.
746 2800 778 2825 G.
797 2800 834 2825 H.
854 2800 912 2830 cit„
931 2808 958 2833 p.
981 2806 1045 2832 175:
1073 2799 1087 2813 “
1098 2801 1151 2825 Per
1170 2802 1246 2826 idem
1266 2803 1336 2826 tem·
1392 2800 1406 2814 “
1417 2801 1478 2826 dies
1493 2807 1582 2826 xxnn
1593 2819 1616 2832 ,.
1630 2808 1650 2825 R
1662 2802 1746 2834 copia
1761 2800 1844 2832 quasi
1858 2800 1916 2825 alla
1930 2800 2041 2831 lettera,
2057 2799 2228 2824 invertendo
2240 2799 2294 2824 tal·
2371 2790 2385 2809 ⁴³³

436 2841 512 2875 “pus
536 2842 740 2867 rebellantibus
759 2842 893 2874 Saxonis,
912 2844 954 2867 eis
979 2842 1103 2868 Carolus
1131 2844 1265 2877 princeps
1289 2851 1334 2869 ve·
1390 2844 1471 2868 volta
1491 2844 1519 2868 la
1539 2843 1602 2868 sola
1621 2842 1819 2876 disposizione
1839 2842 1884 2867 del
1903 2841 2034 2874 periodo.

437 2883 451 2897 α
462 2886 542 2909 niens
550 2885 769 2918 praeoccupavit
777 2891 810 2909 ac
821 2884 979 2910 debellavit
992 2885 1335 2918 victorquerevertitur„.
1478 2883 1489 2901 ⁶
1507 2892 1527 2909 R
1551 2885 1614 2910 fuse
1639 2885 1757 2909 assieme
1782 2883 1909 2914 qums,
1929 2884 1978 2913 VI,
1997 2890 2075 2913 xmx,
2100 2882 2294 2908 chronicarum

522 2924 534 2942 ²
552 2926 640 2958 IDEM,
660 2925 727 2959 (12),
747 2934 773 2960 p.
797 2932 854 2959 175.
1386 2934 1453 2959 quae
1481 2928 1612 2952 dabuntur
1638 2928 1800 2959 Fredegari!
1827 2927 2056 2955 continuationes,
2086 2924 2143 2960 (22)
2171 2933 2199 2958 p.
2230 2924 2294 2958 1782

521 2966 533 2983 ³
550 2968 638 3000 Imm,
658 2967 725 3001 (13),
743 2976 769 3002 p.
793 2975 850 3002 175,
869 2969 987 3001 copiato
1007 2969 1090 3001 quasi
1107 2969 1167 2994 alla
1186 2970 1299 2995 lettera..
1387 2976 1435 2994 ma
1454 2970 1616 3001 sopratutto
1635 2970 1722 2994 tenne
1740 2970 1870 3002 presente
1889 2969 1912 2993 ll
1931 2968 1961 2993 L.
1987 2968 2019 2993 P.
2038 2968 2060 2998 1,
2085 2974 2147 3000 420,
2167 2967 2237 2993 vita
2262 2967 2293 2992 di
2321 2961 2380 2997 ῃ.)

522 3008 532 3024 ⁴
550 3009 580 3034 L.
599 3009 638 3039 R,
657 3009 677 3041 1,
698 3016 758 3041 410.
790 3010 901 3035 L'anno
921 3015 972 3043 717
993 3010 1024 3035 di
1042 3017 1060 3034 R
1074 3009 1089 3035 ὲ
1102 3011 1333 3036 evidentemente
1388 3010 1530 3043 Gregorio
1548 3010 1597 3040 HJ,
1617 3010 1631 3042 ς
1660 3018 1706 3043 14:
1734 3010 1963 3042 “Concussaque
1989 3011 2031 3035 est
2056 3010 2210 3043 provincia
2234 3009 2293 3034 Ro·

435 3053 537 3081 errato,
557 3058 601 3076 ma
621 3051 797 3077 l’indizione
816 3058 869 3077 xlv
888 3053 970 3085 porta
989 3054 1086 3085 giusto
1105 3053 1132 3078 al
1154 3058 1212 3084 731.
1389 3053 1496 3079 “mane
1514 3054 1640 3079 dicionis
1659 3054 1786 3078 subiecta
1800 3060 1816 3078 a
1831 3053 1967 3078 nefandis
1986 3051 2187 3084 Langobardis
2201 3059 2251 3077 seu
2263 3052 2292 3076 et
