2398 3470
186 245 295 269 Μυιηε.
313 251 351 271 115
392 235 463 270 116
1154 228 1468 266 CHRONICON
1931 233 2014 269 [ΛΑ.
2034 234 2067 263 c.
2087 236 2238 271 εει-568]

388 307 885 320 --.,...ιιιι-...ιυ-ι---η--ι-ιιιι-ι·--.-...-..........
892 302 2236 313 ...........-.ι.--.....ιι-ι..ι---η-ιιο-ιιιι--ο-ιι---ι--ιι-ι-ι---ι--ι-ιιιη-ιιι--ιι---ιιιι...ι-...ιιι-..ι-..-η....ιιι-...ιι..ιι-..ιιιιιιιικηιικο

378 375 503 408 corpus
525 363 637 396 sancti
663 361 819 400 Antonii,
839 362 958 395 diuina
973 361 1187 393 reuelatione
1205 365 1390 402 repertum,
1406 357 1658 391 Alexandriam
1676 359 1829 392 refertur
1843 358 1863 392 ¹.
1904 360 2116 403 Justinianus
2131 361 2238 404 igitur

380 429 422 451 eo
445 418 482 450 in
505 423 671 459 tempore,
694 420 877 458 postquam
900 423 1053 446 xxxvm.
1082 412 1182 445 annis
1213 412 1394 454 imperium
1429 412 1527 445 felici
1561 412 1654 444 forte
1686 413 1785 451 rexit,
1815 413 1915 457 regni
1945 419 2120 456 sceptrum
2155 425 2235 447 cum

379 481 507 504 corona
529 469 664 513 Justino
687 468 826 511 reliquit
849 468 984 506 minori,
1007 465 1249 500 deficientibus
1271 465 1307 497 in
1331 475 1373 497 eo
1396 465 1636 498 Romanorum
1660 465 1816 498 historiis
1828 464 1851 498 ¹.

472 524 608 556 Interea
631 522 747 554 Rome
772 521 942 554 defuncto
965 519 1122 562 Pelagio,
1145 518 1319 551 Iohannes
1342 518 1483 552 natione
1507 518 1690 551 Romanus
1714 519 1758 552 de
1782 525 1879 562 patre
1902 518 2089 554 Anastasio
2111 520 2237 554 illustri

376 578 461 616 uiro,
484 575 675 619 pontificali
699 573 868 607 cathedra
891 573 1092 606 sublimatus
1115 578 1176 610 est,
1200 570 1360 614 seditque
1383 571 1484 604 annis
1508 582 1557 604 xu
1581 571 1758 604 mensibus
1781 571 1853 605 1x⁸.
2277 572 2295 605 5

463 629 566 662 Anno
589 628 729 662 Domini
753 627 914 660 DLXIV.
961 626 1110 659 Iustinus
1134 626 1227 668 apud
1250 625 1589 668 Constantinopolim
1613 625 1768 668 suscepit
1790 625 1984 669 imperium,
2014 626 2068 659 uir
2089 627 2126 660 in
2145 627 2238 660 omni

375 683 520 716 auaritia
544 682 693 721 deditus,
716 680 895 723 improbus
917 678 1081 717 moribus,
1107 683 1286 720 exemptor
1309 688 1514 720 pauperum,
1537 685 1737 712 senatorum
1761 679 1965 722 expoliatur,
1988 689 2162 723 opumque
2184 685 2238 713 te-

377 736 589 773 nacissimus,
614 734 670 766 cui
691 739 790 767 tanta
812 733 880 765 fuit
903 731 1103 774 cupiditatis
1126 730 1242 763 rabies
1272 736 1311 763 ut
1335 741 1434 764 arcas
1456 731 1588 764 ferreas
1611 732 1685 765 fieri
1716 731 1851 765 iuberet
1880 732 1917 764 in
1940 732 2064 776 quibus
2095 743 2137 766 ea
2167 743 2236 776 que

377 788 534 832 rapiebat
576 787 650 820 auri
680 786 884 830 argentique
915 785 1044 818 talenta
1074 789 1281 828 congereret
1296 783 1319 816 ⁴.
1372 784 1406 816 Is
1436 795 1514 817 cum
1551 796 1572 817 a
1606 785 1734 818 diuinis
1766 784 1940 818 mandatis
1970 796 2089 818 aurem
2120 785 2236 819 cordis

379 848 562 882 auerteret,
585 842 674 874 iusto
693 840 761 872 Dei
784 838 916 872 iudicio
940 847 1057 871 amens
1081 837 1230 871 effectus
1253 843 1315 870 est.
1361 837 1429 871 Hic
1453 838 1634 871 Tiberium
1657 839 1822 872 Cesarem
1845 839 1982 879 asciuit,
2000 839 2060 882 qui
2082 839 2158 872 eius
2171 840 2236 872 im-

378 895 508 937 perium
541 892 758 938 gubernaret,
793 890 968 923 hominem
1002 890 1140 928 iustum,
1163 888 1294 928 utilem,
1319 895 1508 929 strenuum,
1540 890 1744 934 sapientem,
1770 891 2059 930 elemosinarium,
2091 890 2236 935 largum,

383 948 417 980 in
439 946 578 980 iudiciis
601 956 736 988 equum,
760 945 795 976 in
827 942 984 976 uictoriis
1015 942 1158 982 clarum,
1182 948 1217 975 et
1247 942 1342 986 quod
1365 943 1418 975 his
1449 944 1694 986 supereminet,
1717 943 1944 977 uerissimum'
1976 943 2200 978 christianum
2213 943 2235 976 ⁵.

378 1002 512 1034 Interea
534 1000 674 1038 Narses,
698 998 794 1030 cuius
817 997 864 1030 ad
888 997 1003 1029 omnia
1026 995 1176 1028 studium
1200 995 1379 1039 uigilabat,
1403 1007 1425 1028 a
1447 996 1653 1040 quibusdam
1677 997 1847 1030 Romanis
1870 997 1992 1030 emulis
2014 997 2109 1040 apud
2124 998 2237 1040 impe-

377 1060 525 1087 ratorem
541 1052 704 1085 Iustinum
728 1057 762 1084 et
785 1050 858 1083 eius
882 1050 1065 1093 coniugem
1091 1048 1258 1091 Sophiam
1281 1055 1475 1088 accusatur,
1500 1060 1645 1093 quorum
1668 1050 1787 1084 verbis
1809 1051 1846 1082 in
1869 1056 2000 1084 tantum
2017 1060 2118 1084 aures
2133 1060 2236 1084 acco-

378 1107 559 1140 modarunt
592 1111 629 1138 ut
662 1105 770 1139 Cesar
799 1104 851 1135 ira
881 1102 1113 1135 exardescens
1143 1112 1378 1136 successorem
1413 1103 1553 1136 Narseti
1587 1103 1785 1148 Longinum
1820 1104 1990 1137 direxerit
2022 1104 2233 1147 prefectum.

379 1160 535 1204 Augusta
557 1169 641 1191 uero
665 1158 754 1191 inter
779 1157 862 1189 alias
884 1157 994 1188 minas
1029 1161 1133 1199 atque
1157 1155 1326 1188 iniuriosa
1355 1155 1464 1189 uerba
1498 1167 1566 1200 que
1590 1157 1635 1190 de
1660 1157 1808 1190 Narsete
1845 1158 1990 1197 dixerat,
2021 1157 2102 1201 quia
2124 1167 2234 1190 eunu-

377 1215 462 1246 chus
484 1218 568 1251 erat‚
593 1211 682 1245 dixit
705 1220 781 1243 eum
804 1220 874 1242 non
899 1209 1121 1244 consulatumv
1153 1207 1283 1242 debere
1313 1219 1492 1242 romanum
1527 1210 1591 1243 sed
1620 1209 1658 1242 in
1696 1220 1856 1254 gyneceo
1886 1211 2094 1244 seminarum
2123 1220 2234 1254 pensa

377 1267 535 1300 diuidere
561 1266 724 1298 lanarum.
770 1262 828 1296 Ad
851 1263 916 1295 hec
940 1262 1086 1295 Narses:
1115 1261 1130 1278 “
1145 1261 1251 1294 talem
1274 1272 1322 1301 se,
1345 1262 1470 1306 inquit,
1494 1262 1758 1307 ordi(na)turum
1780 1263 1887 1296 telam
1902 1262 1974 1307 (ei),
1997 1263 2135 1307 qualem
2157 1264 2234 1307 ipsa

377 1324 469 1361 §cum
492 1319 582 1352 uirox
605 1319 685 1352 dum
710 1317 853 1355 uiueret,
878 1317 1056 1358 deponere
1080 1325 1150 1348 non
1174 1313 1327 1358 posset„.
1374 1316 1450 1349 Nec
1481 1316 1650 1359 promissa
1680 1322 1843 1356 moratus,
1868 1317 1913 1350 ad
1942 1316 2085 1361 Alboyn
2115 1326 2234 1361 regem
2357 1347 2359 1349 .

374 1372 683 1417 Langobardorum
708 1370 842 1414 legatos
865 1369 978 1408 mittit,
1003 1369 1060 1412 qui
1083 1368 1262 1401 Pannonie
1294 1369 1500 1412 pauperima
1533 1381 1615 1403 rura
1645 1370 1809 1403 deserere
1850 1376 1886 1403 et
1916 1371 1962 1404 ad
1992 1370 2126 1403 Italiam
2157 1369 2232 1403 solo
2250 1370 2299 1404 20
2352 1364 2354 1367 ’

377 1426 518 1459 uberem
540 1426 761 1458 hortarentur
783 1423 927 1456 transire
941 1421 962 1454 ⁶.
1009 1422 1140 1455 Narses
1162 1428 1278 1455 autem
1308 1422 1395 1455 urbe
1426 1423 1542 1456 Roma
1573 1423 1695 1456 relicta
1724 1424 1818 1466 apud
1849 1423 2037 1467 Neapolim
2068 1422 2151 1466 post'
2171 1423 2236 1456 ali-

376 1490 518 1523 quarum
541 1477 704 1520 temporis
724 1476 911 1510 defunctus
926 1481 988 1508 est.
1014 1476 1188 1508 Continuo
1205 1475 1300 1519 apud
1316 1476 1451 1508 Italiam
1468 1476 1570 1520 ignee
1587 1476 1682 1509 acies
1697 1476 1734 1508 in
1752 1476 1829 1510 celo
1846 1483 2082 1520 apparuerunt
2094 1476 2117 1510 ⁷.
2139 1477 2232 1509 Lan-

376 1533 522 1576 gobardi
539 1531 642 1575 igitur
665 1540 742 1562 cum
767 1529 931 1562 uxoribus
955 1535 990 1561 et
1013 1529 1101 1568 filiis,
1127 1529 1171 1561 de
1194 1528 1376 1562 Pannonia
1400 1530 1541 1574 egressi,
1565 1535 1747 1573 postquam
1770 1530 2017 1564 habitauerunt
2039 1529 2090 1563 ibi
2119 1529 2232 1563 XLII.

377 1587 484 1624 annis,
506 1591 540 1618 et
563 1584 823 1618 commodantes
847 1588 985 1623 terram,
1009 1583 1108 1626 quasi
1131 1583 1307 1625 propriam
1323 1584 1563 1622 hereditatem,
1580 1584 1707 1616 uicinis
1725 1584 1793 1617 suis
1809 1584 1956 1628 ingressi
1983 1589 2062 1617 sunt
2084 1583 2231 1622 Italiam,

380 1650 457 1672 cum
479 1639 546 1671 iam
570 1637 614 1670 ab
638 1637 877 1669 incarnatione
902 1636 1034 1669 domini
1058 1635 1255 1669 DLXV'III.
1279 1636 1360 1668 anni
1383 1643 1498 1669 essent
1522 1636 1666 1676 euoluti‚
1690 1643 1725 1669 et
1747 1643 1887 1680 preerat
1909 1636 2153 1681 Langobardis
2166 1647 2230 1670 rex
2251 1635 2294 1669 25

376 1692 525 1736 Alboyn.
571 1690 712 1734 Alboyn
734 1691 852 1733 itaque
872 1689 1005 1722 Italiam
1021 1689 1223 1732 ingrediens
1238 1700 1302 1732 pro
1317 1690 1509 1724 indictione
1533 1690 1643 1724 tertia'
1655 1689 1668 1707 ⁸
1685 1691 1780 1734 cepit
1803 1690 2012 1734 Aquileiam,
2035 1690 2231 1730 Uenetiam,

376 1748 501 1779 Forum
533 1744 621 1783 Iulii,
645 1743 821 1776 Ueronam
852 1749 887 1775 et
918 1741 1097 1775 Mantuam
1129 1753 1171 1775 ac
1202 1742 1442 1776 Mediolanum
1475 1753 1667 1787 omnesque
1697 1744 1839 1788 Ligurie
1867 1745 2036 1784 ciuitates,
2066 1743 2230 1777 Ticinum

377 1809 523 1842 quoque,
547 1797 604 1830 ubi
629 1797 748 1830 sedem
773 1795 873 1840 regni
895 1802 1070 1835 statuerat,
1095 1801 1129 1829 et
1153 1796 1236 1829 alias
1266 1806 1376 1840 usque
1407 1797 1572 1831 Tusciam
1606 1798 1784 1836 ciuitates3
1816 1798 1932 1831 Roma
1964 1808 2103 1842 quoque
2126 1797 2231 1831 tantis

375 1852 473 1884 malis
495 1863 516 1884 a
539 1850 778 1894 Langobardis
801 1849 929 1882 adacta
953 1856 1015 1888 est,
1039 1850 1130 1882 sicut
1153 1849 1274 1882 beatus
1297 1856 1440 1884 testatur
1464 1851 1663 1896 Gregorius,
1687 1859 1724 1885 ut
1747 1852 1796 1887 eis
1818 1858 1939 1895 postea
1954 1851 2138 1885 tributaria
2151 1850 2230 1884 tue-

375 1905 429 1944 rit,
451 1906 500 1938 ita
522 1910 560 1937 ut
582 1904 676 1936 ciues
700 1903 855 1946 quintam
878 1909 1011 1946 partem
1036 1903 1175 1946 frugum
1199 1914 1337 1936 suarum
1360 1904 1526 1947 pactione
1550 1905 1668 1939 tributi
1686 1905 1929 1951 Langobardis
1951 1904 2192 1948 persoluerent
2203 1901 2227 1937 ⁰.
2250 1904 2296 1936 30
2344 1920 2347 1922 -

159 515 268 541 Palatius
281 517 341 540 papa

161 543 172 567 †
187 548 208 563 a.
224 543 250 563 C.
266 544 302 567 5⁶¹

157 569 267 589 lohannes
277 569 317 588 Il!
319 570 343 592 p.

166 602 186 616 a.
203 596 228 616 C¹
245 597 330 620 561-574

158 628 179 642 a.
195 622 220 643 C.
237 624 275 647 564

158 649 259 668 lusimus
284 649 351 668 Curo-

187 675 261 699 potate

2262 840 2302 872 10
2356 831 2365 878 J

2261 1103 2298 1137 15

181 1651 202 1665 a.
218 1646 243 1666 C.
259 1646 297 1669 568

202 1705 223 1719 c,
242 1705 301 1723 Ιμιι

464 2055 489 2081 3.
508 2048 630 2080 reliquid
659 2048 683 2072 C
698 2061 710 2067 -
729 2047 867 2080 hystoriis
891 2047 927 2076 A,
951 2048 1070 2080 ystoriis
1092 2049 1115 2072 C
1141 2062 1170 2066 —
1198 2056 1223 2081 4.
1242 2049 1363 2074 Ioannes
1384 2050 1410 2074 B
1423 2048 1447 2074 C
1469 2063 1502 2067 —
1528 2049 1553 2075 6.
1579 2048 1676 2075 Anno'
1691 2050 1727 2075 ab
1751 2049 1954 2075 incarnatione
1975 2049 2098 2074 Domini
2117 2047 2181 2074 Bc
2196 2061 2230 2067 —

377 2090 401 2115 8.
420 2091 546 2115 auaricia
569 2090 592 2114 C
609 2103 617 2109 -
638 2091 776 2124 inprobus
792 2091 818 2115 B
830 2090 854 2114 C
865 2103 898 2108 —
911 2098 935 2123 9.
950 2091 1120 2123 conger-erit,
1133 2098 1168 2115 ex
1188 2091 1232 2115 his
1256 2091 1279 2115 C
1291 2102 1323 2109 -—-
1339 2098 1379 2117 11.
1392 2091 1641 2118 eleemosinarlum
1655 2092 1732 2117 Sasso
1744 2106 1777 2110 —
1799 2097 1888 2125 14-15.
1902 2099 1997 2117 aurem
2010 2091 2196 2116 accomodare
2210 2091 2235 2116 C

377 2146 410 2151 —
432 2137 472 2164 15.
490 2133 597 2158 direxit
619 2132 642 2157 C
659 2146 690 2151 —-
714 2139 753 2166 17·
766 2133 878 2166 ginicio
900 2132 923 2157 C
939 2145 951 2151 -
969 2140 1086 2166 pensam
1101 2134 1128 2158 B
1141 2133 1165 2157 C
1180 2147 1213 2152 —
1236 2132 1276 2158 18.
1289 2134 1391 2166 inquid
1411 2135 1438 2160 B
1451 2134 1474 2159 C
1485 2147 1518 2153 —
1532 2142 1575 2160 21.
1588 2135 1687 2160 Narsis
1704 2134 1727 2159 C
1745 2147 1776 2153 --
1797 2141 1838 2159 22.
1852 2134 2002 2160 Continuo
2021 2133 2096 2167 apud
2113 2133 2228 2159 Itanum

377 2175 442 2208 igne
463 2175 496 2200 de
515 2175 681 2200 Pannonio.
691 2191 729 2200 ...
753 2175 776 2199 C
786 2189 819 2192 —-
834 2182 875 2207 24.
889 2175 1118 2200 commendentes
1132 2177 1159 2200 Β
1172 2175 1195 2199 C
1206 2189 1239 2194 —
1254 2181 1296 2207 25.
1309 2176 1379 2201 anni
1399 2183 1491 2201 manea
1509 2177 1540 2202 in
1556 2177 1619 2202 C·—
1634 2176 1675 2202 26.
1690 2184 1738 2210 per
1758 2177 1948 2202 indictionem
1971 2176 2000 2207 C,
2013 2183 2092 2202 come
2104 2175 2230 2206 Pilutus,

336 2222 350 2248 5
380 2217 430 2242 lib.
450 2217 483 2247 11,
503 2225 562 2254 cap.
583 2217 635 2242 VII
655 2231 686 2235 —
707 2224 749 2250 30.
770 2218 935 2251 paccionem
956 2218 983 2242 B
997 2217 1020 2241 C
1560 2214 1563 2218 ’

470 2317 479 2334 ¹
496 2319 527 2344 L.
546 2320 586 2351 P„
607 2320 627 2348 Ι,
647 2327 674 2353 p.
692 2326 754 2353 303.
1176 2343 1181 2356 ,

469 2360 478 2373 ¹
498 2369 515 2385 R
535 2363 680 2394 parasrasa
698 2362 739 2394 gli
761 2362 856 2386 ultimi
877 2363 989 2395 periodi
1011 2363 1055 2387 del
1076 2362 1126 2388 lib.
1146 2363 1220 2392 XVI,
1242 2365 1279 2387 ri-

383 2404 514 2428 serentesi
536 2412 550 2428 a
571 2404 766 2433 Giustiniano,
787 2405 862 2429 della
881 2405 1003 2429 Historia
1022 2404 1155 2430 M'sceua.

469 2443 480 2460 ³
499 2445 527 2470 L.
549 2446 586 2475 R,
605 2446 625 2478 1,
646 2455 672 2480 p.
699 2453 767 2478 305:
793 2446 866 2470 “....
892 2447 965 2470 sedit
995 2454 1038 2471 an.
1059 2453 1114 2478 xri,
1133 2454 1219 2472 mens.
1238 2453 1280 2484 xx,

324 2493 355 2511 10
382 2488 442 2512 dies
460 2494 543 2513 xxv1.

470 2528 482 2545 ⁴
502 2531 623 2555 fflstorla
640 2530 769 2560 thlla,
791 2531 840 2555 lib.
860 2530 934 2562 XVI,
954 2533 1037 2564 porta
1051 2532 1078 2556 la
1091 2533 1281 2556 coronazione

382 2572 412 2596 di
432 2573 557 2597 Iustinus
576 2574 603 2597 al
631 2572 691 2606 558.
728 2581 745 2597 R
773 2575 852 2606 parte
877 2573 1031 2606 parafrasa‚
1057 2571 1137 2607 parte
1155 2575 1247 2608 'copia
1267 2583 1280 2599 e

383 2622 514 2648 corregge
533 2615 611 2640 dalla
630 2615 684 2639 fine
710 2616 737 2639 di
765 2616 863 2646 questo
890 2616 979 2640 libro:
1007 2615 1083 2640 “Hic
1103 2616 1230 2641 Iustinus
1250 2617 1279 2641 in

1420 2319 1432 2337 ⁶
1450 2321 1576 2351 Pinus.
1596 2322 1637 2346 De
1658 2322 1741 2355 gutur
1765 2321 1996 2353 langobardorum,
2019 2320 2052 2352 Π,
2080 2327 2108 2350 v,
2133 2321 2162 2345 di
2185 2321 2230 2344 cui

1314 2361 1316 2363 ’
1333 2371 1352 2388 R
1371 2365 1521 2396 riproduce
1540 2364 1659 2396 qualche
1677 2365 1805 2396 periodo.

1422 2405 1433 2422 ⁷
1451 2407 1538 2436 lnam,
1557 2407 1614 2433 loc.
1633 2408 1695 2431 cit:
1724 2406 1901 2431 “Continuo
1921 2405 1995 2438 apud
2015 2405 2130 2430 Italiam
2148 2404 2231 2430 terri·
2260 2410 2291 2437 25

1337 2449 1433 2474 “bilia
1452 2451 1538 2474 noctu
1562 2451 1644 2482 signa
1670 2450 1732 2473 visa
1755 2450 1831 2477 sunt,
1859 2440 1913 2473 hoc
1938 2450 1989 2478 est,
2016 2449 2082 2481 igne
2106 2448 2182 2472 acies
2200 2447 2230 2471 in
2276 2459 2278 2461 ·

1337 2492 1350 2506 ‘¹
1362 2492 1442 2517 coelo
1462 2493 1698 2526 apparuerunt...
1708 2510 1713 2516 ,
1725 2508 1750 2523 ‚,.
1836 2518 1838 2520 μ

1422 2532 1434 2550 ⁸
1452 2534 1541 2566 Ioum,
1560 2534 1594 2564 11,
1606 2529 1673 2560 ‘vu:
1695 2534 1812 2567 “Igitur
1831 2533 2024 2566 Langobardi,
2044 2532 2146 2558 reucta
2158 2531 2232 2557 Pan-

1337 2575 1460 2608 “nonia‚
1486 2584 1547 2601 cum
1573 2576 1711 2601 uxoribus
1736 2578 1763 2600 et
1790 2577 1874 2605 natis,
1898 2575 2020 2606 omnique
2047 2573 2231 2607 sumtuum,
2389 2606 2391 2611 ἲ

1338 2619 1470 2643 “ltaliam
1491 2621 1638 2652 properant
1657 2619 1811 2651 passarum:
1848 2618 2058 2643 Habstaverunt
2075 2619 2164 2642 autem
2183 2623 2231 2641 an·
2259 2622 2294 2648 30
2348 2610 2350 2614 ’

383 2656 495 2681 “initio
515 2658 625 2688 imperii
647 2658 690 2682 sui
718 2657 810 2681 bonus
837 2658 900 2685 fuit,
922 2659 985 2689 post
1006 2659 1034 2681 in
1049 2665 1162 2682 omnem
1189 2660 1279 2683 avari-

324 2703 352 2729 15
385 2698 479 2724 “tiam
500 2701 613 2730 incidit,
634 2700 662 2724 id
682 2702 733 2729 est,
757 2702 906 2733 exemptor
925 2708 1088 2734 pauperum,
1116 2702 1277 2726 senatorum

385 2742 398 2754 “
409 2742 580 2774 expoliatur.
618 2742 670 2767 Cui
692 2745 771 2767 tanta
787 2743 955 2774 cupiditatis
971 2743 1026 2768 suit
1041 2743 1139 2775 rabies,
1155 2746 1187 2768 ut
1199 2751 1278 2768 arcas

384 2783 515 2809 “iuberet
542 2785 645 2810 ferreas
670 2785 739 2816 fieri,
766 2786 794 2809 in
821 2786 924 2816 quibus
950 2793 1121 2817 quecumque
1150 2786 1278 2819 rapiebat

386 2825 398 2838 “
410 2827 469 2850 auri
490 2827 598 2850 talenta
616 2830 787 2859 congregaret
797 2845 820 2858 η,

472 2867 483 2884 ⁵
502 2868 583 2898 Idem,
603 2869 652 2894 lib.
671 2869 765 2894 XVII:
785 2869 860 2894 “....
887 2869 954 2894 Erat
974 2872 1065 2894 autem
1086 2869 1217 2894 Tiberius
1237 2871 1278 2894 iu-

323 2915 356 2933 20
386 2909 398 2922 “
410 2912 478 2939 stus,
498 2911 588 2940 utilis,
610 2913 747 2942 strenuus,
774 2913 887 2944 sapiens
909 2911 939 2936 in
960 2912 1149 2945 eleemosynis
1176 2913 1278 2944 largus,

386 2950 440 2975 “in
461 2952 569 2976 iudicio
583 2953 683 2983 iustus,
700 2954 727 2977 in
744 2954 866 2978 victoria
879 2953 980 2985 elatus,
1000 2954 1111 2978 nullum
1125 2955 1278 2987 depicicns,

387 2993 398 3005 “
412 2992 458 3017 sed
479 3000 576 3018 ornnes
596 2995 624 3017 in
644 2994 719 3019 bona
740 2994 887 3020 voluntate
907 2995 1096 3028 complectens
1107 3012 1131 3026 „-

1338 2662 1351 2674 “
1362 2662 1407 2686 nis
1427 2661 1617 2693 quadraginta
1637 2661 1747 2686 duobus
1759 2676 1888 2686 ........
1909 2667 1958 2693 per
1973 2659 2162 2695 indictionem
2175 2659 2231 2692 pri-

1335 2703 1348 2716 α
1359 2711 1433 2728 mam
1445 2720 1575 2728 ........
1597 2711 1658 2727 cum
1677 2703 1735 2727 iam
1754 2709 1771 2727 a
1789 2702 1909 2727 Domini
1924 2702 2150 2726 incarnationem
2162 2700 2233 2725 anni

1336 2744 1511 2776 “quingenti
1530 2745 1680 2776 sexaginta
1699 2745 1767 2768 octo
1786 2745 1880 2768 essent
1899 2743 2009 2767 evoluti
2021 2760 2045 2774 „.

1421 2783 1433 2802 ⁹
1452 2793 1471 2810 R
1480 2788 1508 2810 in
1518 2787 1618 2818 questo
1629 2786 1749 2819 periodo
1761 2787 1844 2810 sunta
1851 2784 1975 2814 Pmms,
1983 2784 2033 2808 lib.
2045 2785 2102 2815 cit„
2113 2781 2231 2817 cap.1X.

1331 2827 1398 2853 XIV
1411 2836 1425 2852 e
1438 2827 1498 2858 XV,
1512 2830 1564 2852 etc.
1586 2828 1629 2852 Un
1646 2819 1817 2853 annotatore
1831 2828 1875 2852 del
1891 2834 1944 2852 sec.
1958 2826 2046 2855 XVII,
2058 2826 2104 2851 nel
2115 2824 2231 2854 Cod.A.
2259 2830 2291 2859 35

1333 2872 1469 2903 aggiunse
1496 2871 1541 2895 nel
1568 2871 1710 2903 margine:
1740 2869 1838 2894 “Haec
1865 2869 2049 2902 infrascripta
2074 2868 2158 2893 verba
2182 2874 2232 2900 per

1336 2913 1349 2926 ‘⁴
1361 2913 1526 2945 apostillam
1545 2914 1611 2937 sunt
1632 2914 1661 2936 in
1681 2912 1809 2944 margine
1829 2912 1996 2944 diversaque
2010 2912 2149 2935 caractere
2168 2917 2231 2934 exa-

1337 2953 1458 2986 “rata„‚
1479 2954 1675 2979 trascrivendo
1701 2955 1781 2986 parte
1807 2953 1852 2978 del
1879 2960 1949 2985 capo
1974 2951 2000 2977 X
2019 2952 2063 2976 del
2083 2951 2133 2977 lib.
2158 2957 2184 2976 11
2202 2952 2230 2976 di

1334 2996 1458 3026 PAULus,
1479 3003 1531 3020 con
1554 2997 1689 3029 aggiunte
1708 3003 1722 3020 e
1743 2996 1880 3020 varianti:
1903 2994 1916 3007 “
1928 2995 2033 3020 Eodem
2047 2995 2173 3028 tempore
2188 3001 2231 3019 ro-
