2398 3470
102 276 104 278 ·
125 263 211 303 [AA-
229 264 264 294 C·
283 265 435 299 aso-417]
707 258 996 296 ROMUALDI
1024 257 1390 296 SALERNITANI
1935 255 1981 295 97
2015 268 2090 292 Mun„
2107 274 2140 288 cc.

124 410 209 438 mus,
240 406 276 433 et
297 400 511 440 viridianus,
536 402 718 444 assumptis
738 400 890 445 propriis
911 401 1056 434 seruulis
1079 411 1122 434 ac
1144 400 1352 440 uernaculis,
1376 410 1451 433 sese
1474 400 1691 444 patriamque
1716 412 1736 434 a
1758 400 1925 438 barbaris,
1940 404 1985 431 ·et

121 458 270 497 tyranno
293 454 480 502 defensare
502 455 611 488 moliti
634 460 727 488 sunt:
752 455 918 488 aduersus
939 455 1004 488 hos
1027 454 1272 488 Constantinus
1294 454 1520 487 Constantem
1536 453 1643 486 filium
1666 466 1710 487 ex
1726 455 1898 488 monacho
1916 451 1984 485 Ce—

122 515 234 539 sarem
257 507 390 541 factum
414 519 493 541 cum
509 509 714 552 quibusdam
738 509 905 542 federatis
921 508 1080 542 barbaris
1095 509 1298 551 Hispaniam
1313 508 1416 541 misit.
1462 509 1610 541 Costans
1632 508 1860 541 barbarorum
1875 506 1984 539 fultus

123 559 262 603 auxilio,
279 570 340 594 eos
355 561 469 604 primo
486 562 595 605 prelio
611 563 759 606 peremit
771 561 793 595 ¹.
838 561 946 606 Igitur
969 562 1160 605 imperator
1182 562 1359 595 Honorius
1375 561 1458 594 dum
1480 562 1573 594 uires
1588 561 1782 604 reipublice
1800 559 1986 594 cotidianis

79 611 99 644 5
122 619 283 654 cerneret
297 614 503 648 labefactari
519 616 760 655 incommodis,
776 616 889 660 girum
904 621 1078 649 strenuum
1102 626 1143 648 ac
1159 615 1363 648 bellicosum
1387 615 1632 648 Constantium
1649 616 1812 648 comitem
1837 614 1883 647 ad
1899 613 1983 646 Gal-

123 662 204 699 liam
227 677 306 700 cum
323 669 480 702 exercitu
495 669 609 703 mittit.
655 670 689 702 Is
711 679 791 702 mox
805 667 870 713 (ut)
885 669 1015 702 Gallias
1031 670 1204 713 ingressus
1221 674 1285 709 est,
1300 668 1565 702 Constantinum
1582 675 1765 713 tyrannum
1782 668 1877 710 apud
1894 667 1984 700 Are-

122 718 228 752 latum
245 720 405 755 extinxit.
452 722 623 756 Constans
638 733 723 756 uero
739 722 827 756 filius
844 723 919 767 ejus
941 734 962 756 a
978 723 1147 756 Gerontio
1163 733 1224 756 suo
1249 722 1375 756 comite
1390 723 1485 765 apud
1508 722 1680 755 Viennam
1696 727 1898 766 peremptus
1921 725 1983 753 est.

122 771 163 804 In
186 774 284 818 cujus
299 774 415 808 locum
440 776 627 810 Gerontius
642 777 832 810 Maximum
855 776 1040 819 quemdam
1064 776 1282 816 substituens,
1298 776 1374 819 ipse
1399 786 1419 809 a
1441 777 1511 809 suis
1534 776 1701 809 militibus
1721 775 1897 820 jugulatus
1920 779 1982 806 est.

34 873 36 876 ι
120 825 292 859 Maximus
307 829 455 862 exinde¹
471 840 623 873 purpura
639 836 769 870 exutus,
783 831 821 863 in
836 829 1007 873 Hispania
1022 830 1165 864 exulans
1181 829 1274 863 obiit.
1321 830 1459 863 Exinde
1475 829 1623 873 Jobinus
1638 830 1732 872 apud
1749 829 1880 863 Gallias
1902 836 1984 860 mox

24 878 99 912 310
120 885 158 912 ut
181 881 376 921 assurrexit,
400 883 536 916 cecidit.
583 883 806 917 Sebastianus
829 883 939 916 frater
961 884 1037 928 ejus
1053 884 1220 917 continuo
1237 890 1374 917 creatus
1389 883 1526 917 occisus
1549 889 1611 916 est.
1658 883 1836 916 Tertullus
1853 881 1984 921 consul,

23 930 35 939 ’
121 933 179 976 qui
209 943 247 966 se
277 935 431 968 futurum
455 937 649 980 principem
672 938 709 970 in
732 943 851 971 senatu
874 938 1040 981 gloriatus
1072 943 1132 976 est,
1156 938 1232 980 pari
1255 937 1499 970 nichilominus
1522 938 1616 971 exitu
1643 937 1756 980 periit.
1802 935 1940 969 Attalus
1964 944 1984 966 a

121 985 251 1020 Go'this
265 988 455 1031 imperator
471 990 630 1029 effectus,
646 992 865 1034 postmodum
883 997 1005 1035 captus
1020 1003 1041 1024 a
1063 991 1287 1031 Constancio,
1303 991 1494 1035 missusque
1518 990 1686 1030 Honorio,
1703 996 1863 1024 truncata
1877 997 1981 1021 manu

119 1039 192 1072 uite
214 1041 356 1075 relictus
378 1049 439 1076 est.
485 1044 714 1078 Heraclianus
737 1055 875 1089 quoque
900 1056 978 1079 cum
1001 1045 1132 1079 Sabino
1155 1055 1287 1089 genero
1311 1055 1390 1078 cum
1405 1044 1515 1078 tribus
1538 1044 1674 1078 milibus
1698 1055 1741 1078 ac
1756 1041 1984 1086 septingentis

23 1125 35 1130 ,
118 1092 266 1127 nauibus
278 1105 322 1127 ex
344 1095 469 1130 Africa
484 1097 632 1130 Romam
654 1099 813 1138 tendens,
830 1109 978 1132 occursu
995 1098 1131 1132 comitis
1147 1097 1276 1131 Marini
1292 1099 1433 1132 territus
1455 1105 1491 1132 et
1513 1099 1549 1131 in
1564 1098 1684 1142 fugam
1700 1108 1829 1135 uersus,
1845 1100 1985 1138 arrepta

21 1138 39 1193 s
57 1144 96 1179 15
118 1147 201 1179 naui
224 1147 316 1181 solus
341 1148 587 1194 Carthaginem
611 1151 725 1191 rediit,
749 1152 869 1196 ibique
891 1158 1090 1195 peremptus
1113 1158 1177 1186 est.
1223 1152 1297 1185 Hos
1319 1163 1440 1185 omnes
1464 1151 1638 1186 Honorius
1662 1151 1792 1195 optima
1813 1149 1981 1193 religione

22 1204 25 1211 “
117 1211 312 1246 magnaque
337 1203 539 1238 Constancii
564 1206 735 1240 industria
758 1207 945 1249 superauit,
969 1207 1095 1240 merito
1119 1217 1200 1239 sane
1224 1206 1259 1239 in
1283 1207 1337 1239 his
1360 1206 1488 1240 diebus
1506 1206 1726 1249 precipiente
1742 1203 1900 1238 Honorio
1924 1202 1978 1235 fa-

117 1260 225 1287 uente
248 1256 467 1298 Constantio,
490 1260 611 1302 sopitis
634 1261 728 1303 apud
751 1259 912 1294 Africam
935 1260 1111 1300 hereticis,
1126 1271 1196 1303 pax
1219 1259 1403 1294 catholicis
1419 1259 1558 1294 reddita
1583 1266 1644 1299 est,
1661 1260 1697 1292 in
1714 1270 1783 1303 qua
1799 1255 1980 1301 fulgentis—

120 1307 223 1340 simus
253 1314 338 1342 tunc
369 1311 463 1353 apud
486 1312 617 1355 Yponii
646 1314 794 1357 regium,
825 1315 999 1357 totiusque
1029 1315 1194 1356 magister
1224 1313 1374 1347 ecclesie
1404 1313 1550 1347 florebat
1580 1311 1830 1357 Augusfinus'.
1877 1310 1981 1342 Tunc

3 1406 9 1410 Ἰ
31 1395 47 1409 .,
119 1370 256 1405 quoque
279 1362 457 1398 Lucianus
479 1366 672 1410 presbyter,
698 1367 753 1401 cui
776 1367 945 1401 reuelauit
960 1368 1066 1408 Deus,
1090 1368 1239 1410 septimo
1262 1367 1409 1401 Honorii
1424 1367 1594 1410 principis
1617 1377 1719 1407 anno,
1734 1366 1850 1399 locum
1867 1363 1983 1406 sepul-

2 1434 7 1438 —
35 1412 49 1456 j
50 1413 98 1446 20
121 1414 207 1454 chri,
231 1422 266 1449 et
280 1417 502 1461 reliquiarum
520 1419 614 1453 beati
630 1421 892 1466 protomartyris
907 1421 1091 1464 Stephani,
1107 1432 1149 1454 ac
1166 1421 1368 1454 Gamalielis
1384 1431 1425 1454 ac
1441 1420 1640 1460 Nicodemi‚
1657 1420 1716 1464 qui
1731 1420 1768 1452 in
1785 1417 1980 1462 euangelio,

27 1474 37 1481 ¹
117 1473 152 1500 et
174 1468 210 1501 in
233 1470 369 1504 actibus
392 1470 641 1515 Apostolorum
665 1474 828 1518 leguntur
850 1474 992 1518 scripsit
1022 1475 1133 1517 ipsam
1156 1474 1409 1507 reuelationem
1433 1484 1540 1518 greco
1563 1483 1723 1507 sermone
1754 1473 1800 1506 ad
1827 1472 1979 1505 omnium

117 1521 345 1556 ecclesiarum
368 1536 555 1568 personas:
580 1538 683 1570 quam
707 1528 956 1561 reuelationem
981 1528 1129 1561 Habitus
1152 1528 1347 1572 presbyter,
1371 1529 1476 1561 homo
1500 1528 1676 1571 Hispanus
1707 1537 1834 1571 genere
1861 1525 1900 1558 in
1933 1523 1982 1556 la-

117 1573 224 1608 tinum
239 1578 346 1611 uertit
368 1578 554 1622 eloquium,
572 1587 607 1614 et
629 1581 769 1626 adjecta
792 1581 940 1625 epistola
962 1593 1025 1615 sua
1046 1593 1110 1625 per
1133 1582 1295 1615 Orosium
1316 1581 1558 1626 presbyterum
1581 1579 1856 1615 occidentalibus
1872 1578 1981 1612 dedit.

120 1626 192 1666 Qui
215 1630 318 1663 etiam
342 1631 485 1666 Orosius
509 1635 555 1668 ad
578 1634 657 1668 loca
680 1641 800 1668 sancta
822 1636 1042 1679 peruenims,
1066 1646 1136 1679 quo
1161 1646 1240 1668 eum
1263 1635 1480 1679 Augustinus
1502 1634 1549 1668 ad
1572 1635 1823 1678 Hieronymum
1845 1642 1910 1675 pro
1928 1631 1982 1664 di-

2 1678 94 1729 325325
116 1682 247 1716 scenda
270 1684 314 1717 ab
338 1695 382 1719 eo
405 1687 538 1720 ratione
562 1688 679 1721 anima
702 1689 853 1728 miserat,
877 1689 1043 1733 reliquias
1065 1689 1160 1722 beati
1183 1689 1354 1732 Stephani
1378 1689 1526 1731 accepit,
1550 1694 1585 1722 et
1608 1698 1766 1722 reuersus
1791 1692 1878 1720 est.
1857 1685 1868 1703 ⁴
1925 1686 1982 1718 In-

117 1740 214 1768 terea
237 1736 367 1771 Wallia
390 1739 592 1774 Go'thorum
615 1753 688 1781 rex,
706 1741 763 1775 dei
777 1742 912 1786 judicio
936 1743 1085 1783 territus,
1101 1742 1293 1775 Placidiam
1316 1742 1411 1785 apud
1426 1753 1463 1775 se
1487 1742 1634 1775 honeste
1650 1740 1803 1774 habitam
1820 1739 1981 1783 exigente

117 1788 333 1831 Constantio,
356 1792 459 1826 fratri
482 1794 640 1828 Honorio
663 1795 827 1835 reddidit,
851 1806 1046 1839 pacemque
1071 1806 1148 1828 cum
1181 1806 1235 1836 eo,
1260 1796 1350 1828 datis
1372 1795 1568 1828 lectissimis
1599 1794 1788 1833 obsidibus,
1811 1792 1946 1836 pepigit
1957 1791 1980 1825 ³.

117 1839 284 1876 Wandali
315 1855 464 1890 quoque,
495 1846 613 1887 Alani,
644 1854 750 1892 atque
782 1848 889 1882 Sueui
920 1859 1044 1892 pacem
1069 1860 1147 1882 cum
1180 1859 1222 1882 eo
1253 1849 1473 1893 pepigerunt.
1520 1848 1572 1882 Eo
1595 1854 1753 1890 tempore
1785 1845 1981 1879 Britanni.
1958 1844 1971 1864 ⁶

40 1930 60 1956 ‘5
119 1893 314 1938 Scotorum,
337 1898 526 1940 Pictorum,
552 1912 620 1945 que
651 1901 912 1937 intestationem
943 1913 1014 1936 non
1038 1909 1205 1942 serentes,
1229 1903 1379 1936 Romam
1411 1902 1456 1936 ob
1479 1901 1655 1935 hostium⁷
1686 1901 1838 1940 mittunt,
1863 1905 1898 1932 et
1929 1899 1981 1932 sui

36 1948 94 1994 „30
116 1949 331 1985 subiectione
347 1954 525 1995 promissa,
551 1961 672 1988 contra
688 1956 806 1989 hostes
828 1956 958 1990 auxilia
971 1957 1146 2000 flagitant;
1172 1956 1294 2000 quibus
1317 1957 1430 1990 statim
1447 1956 1549 1989 missa
1573 1955 1617 1989 ab
1634 1966 1676 1988 ea
1700 1954 1802 1998 legio,
1819 1964 1980 1997 magnam

36 2011 42 2016 ”
116 2002 340 2038 barbarorum
364 2007 619 2041 multitudinem
641 2009 798 2043 sternit⁸.
843 2010 988 2044 Ceteros
1010 2011 1190 2043 Britannie
1206 2009 1329 2043 finibus
1351 2010 1462 2053 pellit,
1478 2010 1524 2043 ad
1548 2009 1687 2042 domum
1702 2018 1886 2041 reuersura
1900 2017 1981 2050 pre-

116 2057 223 2100 cepit,
247 2058 293 2092 ob
314 2061 486 2094 arcendos
508 2062 636 2102 hostes,
659 2074 794 2096 murum
817 2069 911 2096 trans
925 2063 1074 2096 insulam
1096 2065 1188 2097 inter
1212 2064 1283 2097 duo
1299 2064 1408 2096 maria
1430 2069 1602 2101 statuere;
1627 2062 1685 2106 qui
1702 2061 1832 2104 absque
1849 2060 1980 2093 artifice

114 2111 289 2155 magistro,
312 2114 422 2157 magis
445 2115 586 2158 cespite,
610 2127 714 2160 quam
736 2117 855 2159 lapide
881 2117 1005 2156 factus,
1030 2118 1117 2150 nihil
1142 2117 1368 2160 operantibus
1391 2115 1566 2160 profuit⁹3
1591 2127 1670 2149 nam
1687 2126 1769 2148 mox
1785 2120 1824 2147 ut
1847 2114 1979 2147 disces-

115 2173 192 2197 sere
213 2165 377 2207 Romani,
399 2168 568 2202 aduectus
591 2169 737 2203 nauibus
759 2170 854 2213 prior
877 2170 996 2209 hostis,
1021 2170 1118 2214 quasi
1142 2177 1312 2204 maturam
1335 2176 1490 2214 segetem
1508 2170 1611 2203 obuia
1634 2169 1699 2202 sibi
1717 2178 1855 2212 queque
1872 2167 1978 2206 cedit,

207 2315 230 2333 1.
249 2307 424 2335 Verinianus
441 2310 468 2334 B
487 2324 495 2329 -
515 2312 648 2337 assumtis
662 2313 688 2336 B
712 2327 744 2331 —
770 2320 795 2345 3.
814 2313 974 2346 Yspaniam
993 2313 1017 2338 A
1041 2327 1074 2333 —-
1101 2322 1125 2346 4.
1151 2313 1332 2346 quotidianis
1351 2313 1430 2341 AB:
1455 2312 1579 2343 Eunus,
1604 2310 1689 2340 XIII,
1708 2311 1739 2337 I:
1761 2311 1918 2336 cot1d1an1s
1945 2325 1977 2329 —

117 2349 172 2382 6·7.
191 2350 358 2376 Arelsntem
381 2352 404 2377 C
420 2367 453 2372 -
473 2352 497 2378 8,
511 2353 662 2386 Jeronclus
680 2354 706 2380 A
723 2369 756 2374 —
774 2363 801 2388 9.
819 2355 949 2388 Yspanla
967 2355 992 2380 A
1010 2369 1043 2374 —
1065 2362 1105 2380 12.
1120 2356 1317 2381 Constantino
1335 2355 1394 2380 AB
1400 2365 1412 2384 ,-
1428 2354 1560 2380 PAtmus:
1581 2353 1758 2380 Constantio
1777 2367 1810 2373 —
1832 2361 1872 2386 13.
1892 2353 1978 2378 Hera—

117 2391 189 2419 ellus
211 2392 252 2422 C.-
269 2393 401 2420 anus:
419 2395 604 2421 Heracllanus
618 2410 629 2415 -
642 2397 772 2422 millibus
786 2398 810 2422 A
818 2397 845 2422 B
857 2411 890 2416 —-
906 2404 917 2422 ι
922 2404 945 2430 5.
961 2397 1165 2431 Carthaginem
1182 2398 1206 2422 C
1217 2412 1226 2417 -
1240 2400 1380 2432 peremtus
1392 2398 1417 2423 A
1426 2398 1469 2426 B,-
1482 2397 1615 2423 PAULvsz
1634 2397 1796 2430 peremptus
1811 2409 1819 2414 -
1839 2396 1894 2421 hoc
1911 2396 1934 2420 C
1946 2410 1977 2414 —-

55 2459 59 2465 „
118 2433 158 2459 16.
172 2441 330 2468 magnaque
348 2435 518 2464 Constantii
530 2438 675 2464 IndustrIa
693 2447 788 2464 manca
800 2440 831 2464 {n
843 2440 867 2464 A
877 2440 914 2468 B,
933 2448 977 2464 ma
988 2440 1015 2464 si
1025 2443 1099 2465 trava
1111 2441 1141 2464 in
1158 2440 1274 2467 ΡΑυ-ισε
1288 2454 1321 2459 —-
1337 2447 1376 2474 17·
1391 2440 1534 2465 catholica
1557 2439 1580 2463 C
1590 2452 1623 2457 —
1640 2438 1679 2464 18.
1693 2438 1774 2463 Tunc
1788 2445 1881 2463 manca
1893 2439 1923 2462 ln
1935 2438 1960 2462 A
1968 2447 1979 2466 ,-

54 2507 56 2509 ¹
116 2476 311 2510 HipponensIs
330 2481 482 2514 episcopus
493 2481 537 2508 B.-
554 2481 606 2505 cosi
614 2481 737 2513 pubblicb
749 2481 774 2506 sl
784 2481 861 2506 Sam
874 2495 907 2501 —
922 2489 963 2507 21.
978 2483 1111 2515 leguntur
1123 2491 1217 2507 manca
1230 2484 1260 2507 {n
1273 2483 1299 2507 B
1312 2497 1344 2501 —
1359 2489 1401 2507 22.
1415 2481 1583 2507 Habundius
1597 2481 1641 2510 B,-
1658 2481 1711 2506 cosi
1730 2480 1806 2505 Sasso
1819 2493 1830 2499 -
1844 2480 1977 2514 Yspanus

58 2532 61 2534 ·
115 2518 141 2543 A
154 2518 220 2543 C—
235 2526 325 2554 24-25.
344 2521 479 2547 discenda
497 2522 520 2547 C
531 2536 564 2541 —
579 2522 620 2547 26.
634 2522 729 2548 Waua
746 2522 769 2547 C
785 2536 796 2542 -
815 2524 890 2556 apud
909 2524 932 2548 C
943 2538 975 2542 —-
990 2523 1031 2549 28.
1052 2523 1199 2550 Guandali
1212 2525 1237 2550 A
1250 2524 1275 2550 C
1291 2538 1301 2543 -
1320 2524 1408 2550 Suaui
1427 2524 1450 2549 C
1462 2538 1493 2542 —
1515 2531 1556 2557 29-
1577 2523 1613 2548 ob
1633 2530 1726 2548 manca
1744 2522 1774 2547 in
1791 2522 1815 2547 C
1831 2535 1864 2540 —
1883 2529 1926 2554 30.
1945 2529 1978 2547 ea

14 2592 15 2595 Ἴ
51 2561 57 2580 ἱ
115 2560 176 2586 ΑΒ
195 2574 228 2579 -
242 2569 285 2596 33.
300 2563 342 2588 nil
361 2564 386 2589 Α
406 2578 439 2583 -
458 2571 501 2597 34.
521 2564 661 2590 adductus
678 2565 757 2594 AB,-
775 2565 907 2591 ΡΑυιυετ
926 2566 1040 2591 aduecti
1060 2567 1181 2592 nauibus
1201 2580 1212 2585 -
1232 2567 1347 2592 obuiam
1367 2573 1480 2600 quoque
1495 2565 1519 2591 C

54 2603 69 2620 q*
868 2611 871 2614 ⁴

50 2676 63 2690 ‚3
203 2653 211 2670 ¹
231 2654 356 2685 Pavum,
371 2655 431 2685 xn,
445 2661 519 2681 xvn.
533 2663 552 2680 R
570 2657 676 2681 omette
694 2656 738 2689 gli
756 2657 854 2682 ultimi
874 2657 986 2690 perlodi
1000 2665 1015 2682 e
1158 2657 1169 2673 ⁷
1182 2659 1260 2683 Forte
1272 2658 1471 2683 adridendum.-
1482 2660 1618 2689 pavorem,
1633 2658 1702 2681 nota
1716 2656 1738 2680 11
1753 2655 1846 2681 Sasso.
1860 2655 1976 2681 PAULus

54 2699 63 2723 j
114 2703 196 2730 passa
215 2704 270 2723 con
288 2697 380 2730 Igitur
396 2698 542 2730 imperator
560 2699 589 2724 al
609 2699 660 2724 lib.
679 2698 755 2730 xm,
773 2705 786 2724 1
806 2698 845 2733 (p.
866 2698 938 2733 196).
1070 2699 1138 2734 pero
1157 2701 1236 2726 dice:
1256 2701 1367 2725 Romam
1385 2701 1496 2726 mittunt
1513 2707 1545 2725 ac
1561 2700 1608 2724 sut·
1622 2699 1782 2724 subtectione
1796 2699 1975 2730 promtam...

76 2746 82 2755 ⁴
202 2738 214 2756 ²
231 2739 319 2770 Inna,
337 2740 412 2771 xm,
431 2747 460 2765 ιε
479 2741 582 2767 deinde.
1158 2743 1170 2761 8
1188 2742 1305 2771 Stravit,
1326 2742 1388 2768 dice
1407 2742 1531 2768 Pmms.

200 2779 213 2798 ³
231 2782 320 2814 IDEM,
339 2783 394 2809 loc.
415 2785 474 2814 cit„
493 2791 520 2817 p.
541 2782 600 2817 196.
1158 2783 1170 2802 ⁹
1189 2785 1279 2816 ΒιωΑ,
1305 2785 1429 2810 ffl‘storia
1453 2784 1639 2812 ecclesiastica,
1666 2783 1716 2808 llb.
1742 2781 1803 2814 XII,
1828 2789 1889 2816 cap.
1914 2788 1975 2812 xu3

7 2838 18 2865 ς
38 2839 39 2842 =
202 2823 215 2840 ⁴
233 2825 323 2855 Bana
342 2825 396 2851 loc.
417 2826 476 2858 cit„
501 2833 546 2850 an.
565 2824 644 2859 4376.
669 2825 753 2851 Sasso
776 2826 1182 2859 annota:anA,M101m,
1201 2827 1276 2853 Patr.
1296 2827 1356 2856 lat„
1371 2828 1430 2853 vol.
1443 2826 1537 2853 XCV:
1623 2828 1718 2850 cemos
1735 2825 1864 2849 sociorum
1870 2824 1977 2857 finibus

51 2860 55 2874 '¹
112 2866 215 2892 Avitum
1066 2870 1189 2901 expulit.-
1215 2877 1307 2901 eosque
1327 2869 1437 2894 taurim
1461 2878 1478 2894 a
1503 2869 1640 2894 dirisstm
1665 2868 1828 2899 depressione
1853 2867 1977 2892 liberatos

12 2932 16 2938 Α
55 2923 68 2929 »
199 2907 211 2925 ⁵
228 2909 352 2940 PAULus,
366 2910 440 2942 xm,
453 2917 487 2936 n.
508 2918 525 2935 a
540 2911 647 2936 omette
660 2910 682 2935 11
698 2912 776 2936 resto
791 2910 835 2935 del
851 2910 1016 2944 paragrafo,
1063 2911 1172 2936 ‘hortata
1191 2915 1229 2937 est
1240 2913 1374 2936 instruere
1386 2912 1458 2936 luter
1477 2912 1528 2936 duo
1541 2911 1630 2935 marla
1647 2912 1725 2935 tram
1736 2909 1855 2934 insulam
1867 2917 1975 2933 murum

54 2948 86 2976 5
113 2953 488 2987 eomettepurelggHL
506 2953 633 2979 IVeV.

19 2991 21 2993 '
55 3017 57 3019 ,
201 2991 213 3009 ⁰
230 2993 273 3018 Ea
289 2996 439 3026 temate
457 2994 592 3023 Brinanl,
611 2994 673 3019 dlce
691 2993 816 3024 murus,
835 2993 910 3024 XIII,
924 3001 952 3026 v,
965 2995 1016 3020 che
1066 3002 1175 3019 murum
1193 3003 1271 3026 quem
1283 2996 1352 3019 iussi
1360 2994 1492 3025 fuerans,
1505 3002 1557 3019 non
1578 2998 1633 3019 tam
1646 2993 1782 3026 lapidibus
1799 3000 1881 3025 qaam
1892 2995 1974 3026 avi-

47 3041 55 3049 ··
114 3041 134 3060 x
153 3036 285 3069 riprende
303 3043 320 3061 a
340 3037 464 3070 copiare.
1068 3036 1139 3062 uba-r
1160 3039 1401 3063 construentem...

271 3151 559 3187 T.V11,p.1-7.

1066 2954 1117 2986 qui
1139 2954 1261 2979 arcendis
1281 2954 1398 2979 hosttbus
1418 2956 1505 2986 posset
1526 2960 1579 2978 esst
1599 2952 1782 2985 pressam...-
1800 2954 1830 2977 at
1852 2951 1979 2977 imulare!
2004 2957 2016 2974 2

2005 2748 2039 2765 20

2057 1003 2079 1018 c.
2092 1002 2133 1022 1¹⁹
2141 1003 2156 1018 a

2057 1754 2078 1769 c.
2092 1754 2132 1773 ¹¹⁹
2140 1748 2153 1768 b
