2398 3470
177 222 292 250 Maste.
301 227 386 250 ,ιε-ιω
420 216 491 251 120
1176 212 1492 249 CHRONICON
2069 217 2122 253 [Α.
2140 217 2173 246 c.
2186 219 2261 253 ⁵⁸2]

418 356 432 372 ‘⁴
445 354 580 396 plurimi
605 353 707 385 etiam
730 362 793 395 per
815 353 934 395 fugam
959 352 1078 394 elapsi,
1102 353 1160 384 uix
1176 352 1221 384 ad
1237 351 1382 392 patriam
1407 356 1628 383 reuertuntur
1642 349 1651 367 ¹
1667 374 1695 392 „.
1742 351 1882 383 Interea
1903 350 2028 384 Autari
2044 361 2106 385 rex
2121 352 2260 394 accepit

410 416 551 440 uxorem
575 405 852 438 Theodelindam
875 405 980 438 filiam
1004 405 1097 448 regis
1120 403 1368 448 BaJ'oariorum.
1415 403 1563 436 Authari
1597 414 1682 436 uero
1705 414 1770 445 per
1804 403 1985 446 Spoletum
2021 405 2258 437 Beneuentum

410 458 568 500 peruenit
592 462 626 489 et
650 457 791 489 easdem
814 456 973 500 regiones
995 456 1144 498 accepit.
1191 455 1327 487 Dehinc
1351 465 1460 498 usque
1483 454 1635 498 Regium
1659 454 1860 495 ambulanit,
1885 461 2010 489 cuncta
2038 455 2101 489 sibi
2117 466 2262 499 compo-

410 521 506 550 nens,
530 515 564 542 et
589 510 668 553 quia
692 510 785 552 apud
809 509 960 552 Regium
985 509 1074 541 intra
1099 509 1207 540 undas
1230 508 1333 539 maris
1361 507 1522 540 columna
1552 508 1702 551 quedam
1732 508 1843 551 posita
1873 518 1947 542 esse
1978 508 2127 550 dicitur,
2149 520 2258 552 usque

409 564 454 596 ad
476 574 552 596 eam
578 573 668 605 equo
692 563 819 596 sedens
841 562 998 600 accessit,
1025 568 1058 594 et
1082 561 1229 593 eandem
1253 562 1351 593 haste
1375 571 1435 593 sue
1468 561 1615 603 cuspide
1646 561 1760 604 tetigit
1783 561 1919 596 dicens:
1943 563 2007 596 huc
2028 573 2131 607 usque
2159 567 2260 596 erunt
2303 562 2322 595 5

397 615 487 657 fines
508 613 814 657 Langobardorum
828 613 849 646 ².
895 613 1000 645 Anno
1026 622 1132 644 xvnn
1159 611 1357 644 Guthranni
1391 617 1494 655 atque
1518 611 1718 655 Chilperici‚
1742 612 2002 656 Burdigalensis
2024 613 2146 662 ciuitas
2166 620 2258 647 terre

405 673 499 699 motu
524 676 692 699 concussa
726 672 777 699 est
812 673 847 698 et
882 666 927 698 de
962 665 1123 708 Pyrineis
1153 664 1324 697 montibus
1351 665 1511 698 immensi
1542 665 1676 707 lapides
1699 670 1778 697 sunt
1801 666 1925 705 euulsi,
1948 666 2071 710 quibus
2093 667 2259 700 immensa

406 720 579 753 hominum
602 729 836 762 pecorumque
859 718 1042 751 multitudo
1070 717 1208 756 interiit,
1225 717 1369 760 ipsaque
1386 718 1508 751 ciuitas
1531 718 1568 750 in
1590 718 1750 761 proximo
1766 719 1931 752 incendio
1949 725 2172 753 concremata
2194 726 2257 754 est.

404 772 664 806 Aurelianensis
693 771 775 805 urbs
798 772 961 805 incendio
984 771 1087 803 simili
1110 777 1245 804 uastata
1276 778 1338 804 est.
1384 771 1491 814 Apud
1522 771 1747 805 Carnotinum
1771 782 1899 815 pagum
1923 773 1967 805 de
1995 773 2144 806 effracto
2166 783 2258 816 pane

407 827 546 870 sanguis
570 825 707 859 effluxit.
753 825 875 858 Celum
899 834 1036 868 quoque
1069 825 1191 857 ardere
1223 825 1333 857 uisum
1373 831 1423 858 est
1435 825 1457 858 ³.
1503 825 1607 858 Anno
1638 826 1785 868 septimo
1817 824 2035 859 childeberti
2064 826 2168 870 regis,
2198 827 2258 870 qui

406 880 474 914 fuit
492 889 569 915 xm.
615 878 803 921 Chilperici
829 878 922 921 regis
958 878 1069 920 'atque
1101 877 1308 918 Guthranni‚
1332 878 1432 911 stella
1468 885 1622 912 cometes
1646 879 1721 911 uisa
1744 884 1795 911 est
1817 879 1853 911 in
1878 879 1936 911 die
1966 885 2086 912 sancto
2116 880 2257 923 pasche.
2280 904 2283 906 -

405 932 512 977 Apud
536 932 744 966 Suessonam
761 931 938 963 ciuitatem
956 932 1068 963 celum
1086 931 1208 963 ardere
1226 931 1336 964 uisum
1355 938 1416 964 est.
1464 932 1504 964 In
1519 931 1697 964 Parisiaco
1713 942 1804 975 pago
1820 932 1959 976 sanguis
1982 932 2026 965 de
2043 931 2136 965 nube
2150 933 2259 967 fluens

406 987 611 1020 uestimenta
634 985 816 1018 multorum
841 984 1018 1016 hominum
1043 985 1248 1017 cruentauit.
1295 985 1543 1017 Inualitudines
1566 986 1662 1017 uarie
1686 995 1728 1017 ac
1743 985 1935 1018 mortalitas
1958 996 2083 1029 magna
2106 996 2148 1018 eo
2167 997 2259 1020 anno

403 1043 615 1075 Francorum
640 1038 805 1071 attriuere
829 1038 968 1081 gentein
982 1037 1004 1070 ⁴.
1051 1037 1119 1070 Per
1141 1038 1234 1070 idem
1259 1043 1396 1080 tempus
1419 1038 1643 1081 Chilpericus
1665 1040 1877 1072 Francorum
1894 1049 1956 1070 rex
1971 1038 2006 1071 in
2023 1039 2259 1073 Sabellianam

406 1094 555 1127 heresim
578 1092 695 1134 lapsus
719 1097 787 1128 est3
813 1091 872 1133 qui
895 1101 966 1123 non
990 1091 1097 1123 multo
1121 1097 1200 1133 post
1222 1088 1377 1134 tempore
1393 1097 1571 1124 reuertens
1588 1092 1631 1124 de
1648 1092 1836 1125 uenatione
1853 1098 1890 1124 ut
1906 1092 1937 1124 ei
1953 1102 2027 1124 mos
2043 1097 2118 1124 erat
2133 1092 2258 1126 fraude

403 1145 628 1190 Fedegundis
653 1145 809 1189 coniugis
833 1155 892 1177 sue
915 1144 1122 1177 interfectus
1155 1151 1205 1177 est
1237 1156 1258 1177 a
1288 1145 1476 1185 Landrico,
1501 1145 1560 1188 qui
1584 1155 1663 1177 cum
1686 1156 1728 1178 ea
1751 1146 1861 1188 stupri
1885 1145 2174 1179 consuetudinem
2197 1146 2259 1180 ha-

402 1202 485 1234 bere
509 1204 751 1232 consueuerat.
797 1198 865 1231 Iste
889 1197 1029 1240 quidem
1052 1197 1184 1230 inuisus
1214 1199 1284 1231 suis
1314 1198 1390 1237 fuit,
1422 1208 1486 1231 nec
1519 1198 1674 1231 amabilis
1705 1199 1887 1232 extraneis.
1935 1199 2112 1242 Regnauit
2141 1205 2257 1233 autem

403 1254 500 1287 annis
524 1262 628 1285 xxm.
680 1254 695 1269 “
709 1251 762 1283 Eo
789 1257 945 1293 tempore
977 1251 1044 1283 fuit
1074 1261 1164 1294 aque
1189 1251 1356 1283 diluuium
1387 1252 1423 1283 in
1454 1250 1580 1283 finibus
1602 1251 1829 1284 Uenetiarum
1865 1257 1900 1285 et
1921 1251 2076 1295 Ligurie,
2107 1262 2167 1286 seu
2199 1263 2257 1286 ce-

407 1310 422 1327 “
434 1308 518 1341 teris
540 1306 741 1350 regionibus
764 1305 874 1344 Italie,
899 1305 1001 1348 quale
1025 1311 1105 1346 post
1129 1306 1207 1337 Noe
1222 1311 1382 1348 tempora
1399 1305 1554 1338 creditur
1569 1316 1638 1338 non
1655 1306 1772 1338 fuisse.
1819 1306 1859 1338 In
1874 1306 1941 1338 hac
1956 1305 2075 1339 ualida
2091 1316 2257 1350 aquarum

407 1364 421 1379 ‘⁴
434 1359 587 1404 procella
610 1365 739 1392 tantum
763 1357 902 1391 Athesis
924 1358 1047 1390 fluuius
1063 1358 1221 1390 excreuit
1236 1364 1274 1391 ut
1290 1359 1383 1391 circa
1401 1357 1578 1391 basilicam
1594 1358 1687 1391 beati
1703 1359 1856 1392 Zenonis
1870 1360 2042 1403 martyris,
2066 1355 2257 1402 que‘exua
2279 1362 2323 1394 20

408 1412 650 1448 “Ueronensis
673 1411 823 1445 ciuitatis
846 1421 963 1443 muros
986 1411 1051 1444 sita
1076 1417 1138 1451 est,
1161 1422 1269 1454 usque
1286 1412 1331 1444 ad
1347 1412 1517 1444 fenestras
1532 1412 1730 1455 superiores
1751 1423 1843 1456 aqua
1865 1413 2094 1456 pertingeret,
2113 1412 2200 1446 licet
2221 1413 2257 1447 in

406 1467 555 1501 “eadem
580 1465 731 1498 ecclesia
754 1475 877 1508 aquam
900 1464 1040 1496 minime
1065 1464 1281 1505 introierit„
1313 1464 1420 1497 muris
1451 1465 1606 1498 eiusdem
1634 1465 1788 1498 ciuitatis
1817 1466 1966 1498 maxima
1998 1476 2041 1498 ex
2071 1471 2170 1508 parte
2198 1477 2256 1499 su-

401 1521 520 1554 brutis.
565 1518 671 1562 Apud
694 1518 814 1551 urbem
837 1528 921 1550 uero
945 1518 1094 1550 Romam
1123 1519 1187 1550 “in
1211 1524 1341 1551 tantum
1365 1518 1516 1562 Tyberis
1538 1518 1663 1551 fluuius
1680 1519 1846 1557 excreuit,
1862 1524 1901 1551 ut
1917 1528 2006 1563 aque
2022 1529 2128 1562 super
2141 1529 2257 1553 muros

405 1573 541 1608 “Urbis
564 1573 749 1605 influerent
776 1577 812 1604 et
834 1571 1001 1603 maximas
1020 1570 1054 1602 in
1071 1581 1112 1603 ea
1129 1571 1291 1614 regiones
1307 1577 1530 1614 occuparent.
1578 1572 1679 1605 Tunc
1695 1583 1759 1614 per
1776 1572 1911 1605 alueum
1927 1571 2257 1607 fluminis'eiusdem'

408 1629 514 1661 “cum
537 1625 755 1658 multitudine
778 1624 988 1666 serpentium
1014 1625 1122 1657 draco
1145 1625 1247 1658 etiam
1270 1625 1356 1657 mire
1380 1625 1629 1668 magnitudinis
1651 1636 1716 1668 per
1738 1625 1868 1658 Urbem
1892 1625 2061 1660 transiens
2086 1636 2196 1670 usque
2211 1626 2257 1660 aid
2279 1627 2321 1660 25
2360 1650 2365 1651 ν

405 1681 419 1697 “
433 1691 526 1713 mare
550 1679 745 1716 descendit3
770 1678 953 1711 subsecuta
976 1678 1088 1710 statim
1113 1684 1164 1710 est
1185 1679 1278 1711 hanc
1302 1678 1562 1712 inundationem
1585 1679 1788 1723 grauissima
1802 1679 2008 1726 pestilentia,
2025 1690 2127 1723 quam
2143 1680 2257 1724 ingui-

404 1735 419 1750 “
433 1734 567 1766 nariam
582 1738 722 1770 uocant,
746 1741 815 1774 que
840 1736 935 1764 tanta
958 1737 1073 1774 strage
1098 1731 1264 1774 populum
1297 1732 1500 1771 deuastavit,
1524 1738 1561 1764 ut
1584 1733 1629 1765 de
1660 1732 1882 1766 inestimabili
1914 1732 2168 1779 multitudinem
2197 1733 2257 1766 uix

407 1787 538 1830 “pauci
561 1791 789 1823 remanerent,
813 1784 1030 1828 primumque
1055 1784 1232 1829 Pelagium
1255 1796 1381 1828 papam
1405 1786 1555 1835 perculit
1589 1792 1624 1818 et
1646 1786 1721 1819 sine
1743 1796 1840 1819 mora
1861 1786 2016 1819 extinxit.
2060 1786 2197 1820 Dehinc
2219 1786 2256 1820 in

404 1840 561 1882 “populo
583 1850 621 1872 se
645 1837 854 1878 extendit„⁵.

439 1895 441 1897 ’
484 1894 575 1925 Dum
599 1892 703 1935 igitur
725 1897 819 1924 tanta
842 1890 1018 1923 tribulatio
1042 1891 1201 1924 miseram
1226 1897 1385 1935 quateret
1407 1892 1567 1931 Romam,
1592 1892 1713 1926 beatus
1737 1892 1940 1937 Gregorius,
1964 1892 2024 1937 qui
2040 1898 2122 1926 tunc
2137 1903 2255 1927 mona-
2276 1894 2320 1927 30

399 1947 484 1980 chos
507 1951 543 1978 et
564 1945 671 1978 leuita
694 1949 769 1976 erat
792 1955 812 1976 a
836 1945 971 1976 cunctis
993 1945 1203 1988 generaliter
1226 1956 1318 1988 papa
1341 1945 1473 1978 electus
1495 1952 1547 1979 est
1558 1944 1581 1985 ⁶,
1602 1956 1694 1978 anno
1710 1947 1810 1990 regni
1827 1946 2023 1979 Guthranni
2039 1947 2254 1980 Francorum

400 2000 491 2043 regis
511 1998 679 2032 uicesimo
703 2003 835 2041 quarto,
860 1997 1049 2030 indictione
1081 1998 1158 2031 VII.
1206 2000 1246 2031 In
1281 2000 1376 2032 cuius
1411 2000 1630 2033 ordinatione
1659 2010 1738 2033 cum
1769 2000 1855 2032 nihil
1886 2000 1994 2040 aliud,
2023 2001 2126 2044 quam
2149 2000 2254 2034 iussio

2285 827 2372 881 10¹

232 893 251 907 c.
268 888 307 911 140
315 893 329 907 α

2285 1093 2323 1126 15

231 1586 252 1603 c.
267 1580 326 1605 115⁶

167 1882 294 1908 Gugorius
314 1884 375 1908 papa

203 1915 224 1930 a.
240 1911 334 1935 590-604.

490 2134 513 2152 2.
533 2127 762 2159 Theodolindam
782 2127 806 2151 A
819 2128 861 2155 Β,-
879 2130 973 2153 accetto
996 2129 1019 2153 C
1034 2129 1166 2159 conforme
1186 2130 1302 2155 PAULUS
1321 2143 1332 2149 -
1346 2131 1561 2156 Baioarriorum
1576 2131 1600 2155 C
1615 2144 1626 2149 -
1645 2131 1748 2156 Autari
1770 2132 1796 2156 B
1809 2131 1832 2156 C
1848 2145 1881 2150 —
1901 2138 1957 2164 3-4.
1969 2130 2112 2164 Rhegium
2132 2131 2159 2156 B
2172 2129 2187 2148 '-
2206 2137 2252 2155 co-

400 2167 488 2205 lupna
510 2171 533 2196 C
550 2185 582 2189 ——
604 2177 626 2204 5.
647 2173 705 2196 aste
729 2171 752 2195 C
768 2186 801 2202 ,—
820 2171 845 2196 6.
868 2179 945 2196 nono
965 2173 1075 2198 decimo
1097 2175 1123 2198 B
1142 2189 1174 2193 —-·
1195 2180 1218 2207 7.
1238 2175 1366 2200 Pireneis
1378 2176 1439 2200 ΑΒ
1453 2190 1484 2193 -
1498 2183 1524 2209 9.
1543 2177 1672 2201 extracta
1696 2175 1723 2206 C,
1743 2176 1857 2201 exfacto
1875 2176 1944 2200 ΑΒ.
1963 2175 2050 2208 Seguo
2068 2174 2095 2199 la
2114 2173 2256 2200 11¹1de

402 2215 578 2241 Gnncotuus
595 2214 797 2245 Tunommsxs,
817 2216 866 2240 lib.
886 2217 922 2245 V,
941 2224 974 2249 33
994 2231 1026 2235 —
1051 2225 1092 2243 11.
1105 2218 1212 2243 Pascho
1236 2218 1260 2242 C
1275 2234 1307 2238 —
1331 2226 1371 2245 12.
1390 2220 1530 2245 Suessone
1547 2220 1570 2244 C
1582 2234 1613 2239 —-
1637 2219 1675 2244 16.
1696 2220 1894 2253 Foedegundis
1911 2219 1956 2244 C·
1969 2219 2138 2248 AlandrIco‚
2150 2218 2252 2251 neum

400 2259 434 2282 da
448 2260 533 2290 punto
556 2257 579 2282 C
595 2270 604 2276 -
624 2258 716 2290 strupi
739 2257 763 2282 C
778 2272 809 2276 —-
833 2258 873 2283 18.
892 2259 1069 2284 ueneeiarum
1090 2260 1117 2284 B
1129 2260 1152 2284 C
1169 2274 1200 2278 —
1225 2269 1263 2294 19.
1284 2262 1367 2294 quale
1387 2269 1446 2287 non
1468 2262 1554 2287 fuIsse
1573 2264 1639 2294 post
1658 2263 1719 2287 Noe
1738 2264 1867 2295 tempora
1887 2262 2012 2287 creditur
2032 2263 2059 2287 B
2075 2269 2089 2286 e
2101 2260 2250 2287 παίδων»

355 2305 369 2331 5
399 2301 423 2324 Α
437 2299 461 2324 C
469 2299 601 2330 conforme
613 2299 729 2324 PAULus
745 2313 776 2319 --
792 2307 832 2325 20.
847 2300 879 2324 In
897 2300 919 2324 C
929 2300 956 2324 la
966 2304 1128 2333 pergamena
1141 2303 1154 2326 ἐ
1166 2306 1234 2327 stata
1246 2304 1380 2328 raschiata
1392 2312 1406 2328 e
1417 2306 1550 2337 martyris
1560 2306 1711 2337 aggr'mtato
1722 2305 1756 2329 da
1769 2312 1846 2329 mano
1859 2305 1936 2329 molto
1942 2305 2086 2336 posteriore
2098 2304 2146 2328 in:
2155 2303 2252 2328 eonfe-

400 2343 473 2367 soris
492 2341 619 2374 episcopi
637 2343 666 2366 et
677 2359 684 2366 .
696 2361 701 2366 .
713 2358 720 2366 .
730 2358 738 2366 .
752 2355 784 2360 —
797 2348 838 2367 21.
859 2343 937 2366 urbis
949 2343 1036 2367 ira-uec:
1049 2344 1080 2367 di
1091 2345 1221 2369 ciuitatis
1238 2346 1261 2370 C
1270 2353 1339 2370 come
1351 2346 1468 2371 PAULus
1482 2360 1490 2365 -
1506 2347 1578 2371 scita
1590 2348 1634 2371 est
1650 2346 1675 2372 C
1685 2361 1717 2364 —
1732 2353 1774 2372 22.
1788 2347 1819 2371 in
1833 2347 1959 2378 eamdem
1971 2346 2122 2372 ecclesiam
2136 2346 2163 2372 B
2172 2353 2187 2370 e
2199 2344 2251 2370 coci

398 2384 483 2408 Sano-
503 2384 634 2408 PAULUS:
657 2383 671 2397 “
683 2385 712 2408 in
733 2385 849 2408 eandem
869 2384 1017 2409 basilicam
1029 2403 1042 2417 „
1065 2400 1097 2403 —
1118 2393 1160 2419 25.
1180 2390 1354 2421 serpencium
1370 2389 1456 2414 draco
1471 2390 1560 2414 eciam
1574 2390 1601 2414 Β
1614 2389 1637 2413 C
1648 2402 1681 2407 —
1696 2387 1738 2414 26.
1751 2389 1950 2423 pestilenciam
1964 2389 1991 2414 B
2002 2388 2026 2412 C
2037 2400 2069 2406 —
2085 2393 2126 2420 27.
2140 2389 2250 2413 tantam

399 2428 522 2458 stragem
541 2426 715 2459 populorum
738 2426 762 2450 C
779 2440 811 2445 -
832 2433 875 2459 30.
894 2427 989 2451 urbem
1013 2427 1036 2451 C
1053 2442 1085 2445 —
1106 2435 1147 2461 31.
1167 2437 1198 2454 ac
1217 2431 1305 2454 invece
1323 2431 1355 2454 at
1371 2433 1399 2456 et
1419 2432 1446 2456 B
1459 2431 1482 2455 C
1497 2445 1530 2450 —
1550 2437 1592 2464 32.
1612 2432 1753 2464 uigesimo
1774 2432 1812 2461 Β,
1830 2431 1882 2456 cosi
1900 2431 1977 2456 Sasso
1996 2444 2005 2449 -
2025 2430 2117 2455 nichil
2136 2430 2163 2454 B
2175 2428 2200 2454 C

338 2565 370 2582 10

487 2513 495 2530 ¹
515 2522 534 2539 R
553 2517 659 2540 omette
679 2517 726 2547 poi
747 2516 769 2540 il
790 2517 864 2540 resto
884 2516 928 2541 del
949 2524 1008 2549 cap.
1028 2517 1155 2543 XXVIII.

486 2555 497 2571 ²
517 2557 642 2585 PAULus,
662 2557 717 2582 loc.
736 2558 792 2586 cit„
812 2565 871 2591 cap.
891 2558 992 2583 XXXI.

484 2596 495 2613 ³
517 2598 691 2623 Giummuus
716 2599 918 2630 Tmonnnms,
946 2601 995 2625 llb.
1022 2602 1055 2631 V,
1074 2609 1117 2634 33,
1142 2610 1188 2636 pp.
1211 2610 1259 2637 ²²5
1280 2613 1294 2628 e

398 2638 463 2663 226:
485 2639 515 2665 α.
525 2659 530 2665 .
542 2659 562 2665 ..
577 2641 643 2673 Ipso
657 2648 735 2665 anno
746 2642 872 2674 graviter
886 2642 952 2666 urbs
963 2643 1180 2675 Burdegalensis
1194 2652 1209 2669 a
1222 2647 1295 2670 terre

400 2680 502 2707 “motu
522 2689 658 2707 concussa
675 2684 781 2717 ¹est....
809 2683 915 2708 Tamen
936 2685 970 2708 de
989 2684 1130 2710 Pirinaeis
1151 2688 1295 2712 montibus

399 2723 559 2749 “immense
579 2724 687 2758 lapides
701 2727 768 2750 sunt
780 2727 906 2755 commoti,
926 2728 973 2757 qui
995 2735 1096 2759 pecora
1115 2729 1295 2762 hominisque

399 2764 700 2799 “prostraverunt....
726 2768 860 2792 incendio
887 2771 1136 2795 cremarentur....
1164 2771 1294 2797 Aurelia-

399 2807 520 2832 “nensis
541 2809 646 2833 civitas
665 2817 751 2842 grave
773 2811 908 2835 incendio
934 2811 1179 2844 conflagravit....
1207 2814 1293 2846 Apud

399 2847 412 2861 ‘⁴
423 2850 574 2874 terminum
595 2848 789 2875 Carnotenum
800 2850 891 2876 'verus
910 2853 943 2876 de
963 2853 1075 2878 effracto
1089 2861 1161 2885 pane
1175 2862 1294 2887 sangues

399 2889 412 2902 “
424 2891 594 2917 effluxit....
605 2910 630 2924 η.

484 2932 495 2949 ⁴
514 2934 600 2964 Innu,
621 2934 670 2959 lib.
690 2935 737 2965 VI,
756 2943 796 2969 14,
810 2944 835 2969 p.
848 2936 920 2968 258:
943 2937 1054 2962 “Anno
1069 2939 1157 2970 igitur
1172 2941 1293 2972 septimo

336 2983 370 3001 20
400 2975 412 2988 “
426 2974 603 3002 childeberti
625 2978 706 3009 regis,
727 2980 773 3011 qui
795 2981 854 3004 erat
881 2979 1036 3012 Chilperici
1058 2983 1085 3006 et
1109 2981 1293 3008 Gunthranni

1357 2521 1370 2533 “
1382 2522 1533 2546 vicesimus
1551 2523 1580 2546 et
1598 2523 1715 2555 primus,
1735 2528 1830 2546 mense
1843 2521 2040 2554 januario....
2059 2519 2155 2549 Stllla,
2168 2525 2250 2552 quem

1353 2562 1366 2574 “
1378 2563 1510 2588 comitem
1530 2565 1659 2596 superius
1674 2564 1823 2588 nominavi
1838 2564 2032 2596 apparuit....
2050 2562 2083 2587 In
2097 2562 2144 2587 die
2156 2562 2250 2586 autem

1353 2604 1367 2618 “
1378 2607 1506 2630 sanctum
1527 2606 1647 2637 paschae
1665 2606 1740 2639 apud
1761 2607 1909 2638 pessonias
1922 2605 2072 2630 civitatem
2084 2604 2195 2629 coelum
2208 2611 2250 2628 nr-

1352 2646 1442 2672 “dere
1462 2648 1554 2673 visum
1573 2649 1674 2673 est....
1693 2648 1725 2672 In
1745 2647 1889 2673 Pan-isiaco
1910 2655 1977 2672 vero
1996 2647 2147 2672 tei-minam
2167 2652 2249 2674 verus

1353 2690 1365 2702 ‘⁴
1378 2691 1493 2722 sanguis
1513 2698 1548 2715 ex
1569 2691 1641 2715 nube
1660 2690 1779 2715 defluxit
1805 2692 1833 2715 et
1853 2697 1936 2723 super
1954 2690 2127 2716 vestimenta
2146 2688 2249 2713 multo-

1352 2731 1366 2745 α
1378 2739 1439 2756 rum
1458 2732 1606 2757 hominum
1626 2733 1842 2764 caecid1t....„.

1437 2773 1448 2790 ⁵
1468 2774 1593 2804 Pennus,
1612 2775 1660 2805 111,
1674 2781 1772 2800 xxxxix
1786 2783 1800 2800 e
1812 2781 1894 2800 xxxv.
1907 2781 1927 2799 R
1946 2775 2029 2806 copia
2042 2773 2250 2799 letternlmente

1350 2818 1395 2841 nei
1416 2818 1529 2849 periodi
1550 2819 1632 2842 entro
1653 2818 1816 2850 virgolette‚
1836 2817 1917 2842 salvo
1937 2817 2114 2842 l‘omissione
2127 2817 2155 2841 di
2169 2816 2249 2849 qual-

1349 2859 1399 2883 che
1419 2859 1491 2884 srase
1510 2867 1525 2884 e
1545 2859 1566 2883 il
1586 2862 1762 2885 mutamento
1782 2860 1811 2884 di
1831 2859 1949 2892 qualche
1968 2858 2076 2892 parola.

1437 2899 1449 2916 ⁶
1468 2902 1554 2931 IDEM,
1574 2902 1622 2932 ΙΙΙ,
1641 2908 1728 2928 xxw:
1751 2902 1765 2916 α
1776 2902 1810 2927 In
1823 2902 1876 2927 hac
1890 2903 1972 2927 tanta
1986 2901 2175 2926 tribulatIone
2188 2901 2249 2926 bea-

1351 2942 1504 2968 “tissimus
1524 2943 1690 2976 Gregorius,
1709 2946 1758 2976 qui
1779 2944 1847 2969 tunc
1862 2944 1950 2969 levita
1964 2945 2033 2973 erat,
2048 2951 2062 2968 a
2076 2944 2187 2968 cunetis
2202 2951 2247 2976 ge-

1351 2984 1364 2997 “
1379 2986 1514 3010 ner-aliter
1534 2993 1608 3018 papa
1628 2987 1733 3012 eiectus
1752 2988 1828 3019 est„.
1973 2985 1979 2992 '

2277 2693 2309 2719 ²5

2275 2905 2310 2933 30
