2398 3470
166 254 240 277 Mum,
257 259 291 276 ο..
307 259 388 279 ιμ-ι45
410 243 481 279 146
1175 240 1491 277 CHRONICON
1973 246 2026 280 [Α.
2046 246 2081 274 c.
2101 247 2259 281 ἰω-τσο]

187 733 282 757 Pijht'nus
296 739 342 753 rex

188 761 199 785 †
217 762 238 779 13
253 762 303 780 sext.
320 759 367 785 768.

206 1381 230 1405 s·
246 1386 285 1406 177
299 1387 314 1401 α

330 2720 361 2737 10

409 314 965 322 „mn-..nna---.---·---.....nnn-..nn-..un........-...
970 313 1204 320 ...-..---.·........-.......
1208 312 1240 318 η..
1244 312 1286 318 ...μ
1290 312 1295 317 -
1299 312 1350 318 ......
1354 312 1378 317 ...
1382 312 1387 317 .
1391 311 1433 316 .....
1437 312 1451 316 ..
1455 311 1560 317 ...u-..nn
1564 311 1715 317 ..--.--.-...-.....
1720 311 2137 319 .......un·n.....unu-...n---u---n-n-u-
2139 312 2192 319 ------
2193 312 2253 320 ...aa-

398 362 498 400 iussa,
523 371 661 394 necnon
684 367 719 394 et
742 366 822 394 acta
846 362 987 393 omnino
1012 359 1254 394 detestabatur.
1302 358 1446 400 Pipinus
1469 367 1554 390 uero
1577 367 1640 390 rex
1657 368 1736 390 cum
1753 358 1910 391 exercitu
1927 358 2112 392 Saxoniam
2124 359 2260 403 ingres·

398 426 455 447 sus
479 420 540 453 est,
566 421 600 446 et
625 413 781 457 quamuis
805 414 963 446 Saxones
985 414 1019 446 ei
1041 412 1252 446 ualidissime
1276 411 1487 449 resisterent,
1516 410 1708 443 commissis
1737 410 1857 453 preliis
1886 412 2070 454 plurimam
2101 422 2145 444 ex
2174 412 2259 454 ipsis

398 466 651 500 multitudinem
676 467 772 499 cedit
795 466 993 510 coegitque,
1016 475 1056 498 ut
1078 465 1177 498 annis
1200 464 1346 507 singulis
1361 464 1504 496 honoris
1520 474 1624 496 causa
1640 473 1749 506 equos
1763 470 1939 497 trecentos
1953 475 2019 507 pro
2034 475 2176 498 munere
2192 470 2262 498 sta-

398 524 535 554 tuerent
557 530 593 552 se
617 520 769 552 daturos.
816 519 880 552 His
902 520 950 551 ita
973 519 1127 562 Pi'pinus
1150 527 1212 550 rex
1234 528 1255 549 a
1278 516 1473 550 Saxonibus
1500 522 1720 550 sacramento
1750 517 1902 555 firmatis,
1929 517 1967 550 in
2001 517 2151 551 Galliam
2183 527 2258 551 sese

400 584 478 606 cum
502 573 656 606 exercitu
679 583 741 605 suo
765 573 911 615 recepit.
955 573 1059 604 Tunc
1084 571 1233 614 eclypsis
1255 570 1337 602 solis
1360 570 1455 602 facta
1487 576 1539 602 est
1562 570 1606 602 11.
1630 580 1740 602 nonas
1770 569 1861 602 Iunii
1892 570 1980 603 horn
2010 576 2105 604 sexta
2121 570 2142 604 ¹.
2187 570 2259 604 Eo-

397 629 477 660 dem
501 636 592 659 anno
616 625 744 658 Paulus
766 636 858 668 papa
883 626 997 658 Roma
1019 625 1207 658 defunctus
1230 629 1266 655 et
1289 622 1334 654 ad
1357 629 1514 655 sanctum
1538 622 1680 656 Petrum
1704 623 1858 666 sepultus
1881 629 1944 660 est.
1971 629 2006 656 et
2022 614 2169 656 cessavit
2183 624 2258 666 epi-

397 685 559 723 scopatus
583 688 673 711 anno
697 679 723 717 1,
749 684 783 711 et
807 688 922 710 mense
948 679 973 711 Ι.
1021 676 1102 715 Quo
1128 675 1374 708 Constantinus
1397 681 1632 719 transgressor
1654 676 1844 718 apostolice
1868 675 1961 709 sedis
1983 677 2126 709 inuasor
2147 676 2260 710 extitit

391 744 453 776 per
484 732 544 765 VI.
579 732 818 764 indictionem.
865 731 960 764 Obiit
998 736 1112 763 autem
1146 729 1292 771 Pipinus
1326 739 1387 760 rex
1425 738 1515 761 anno
1550 728 1702 771 suscepti
1732 729 1832 772 regni
1870 729 1945 762 eius
1974 729 2045 762 XV
2081 729 2258 763 mensibus

398 786 449 819 IV
471 785 593 818 diebus
616 784 697 817 XX.
744 785 921 816 Tenuerat
945 794 1030 816 uero
1053 788 1156 815 antea
1186 781 1431 824 principatum,
1463 788 1498 814 et
1528 783 1858 815 maioratumdomus
1888 783 1988 814 annis
2018 782 2054 815 X
2083 781 2128 814 ab
2158 781 2256 816 obitu

396 840 505 882 patris
527 839 579 871 sui
601 848 710 882 usque
733 838 778 870 ad
801 837 1057 879 susceptionem
1082 836 1190 878 regni.
1237 834 1343 867 Cuius
1367 845 1494 877 corpus
1515 836 1553 867 in
1569 834 1714 868 basilica
1730 834 1824 868 beati
1840 835 2000 879 Dionysii
2016 835 2176 879 martyris
2191 834 2259 868 Pa-
2286 836 2325 868 10

396 892 483 925 risiis
506 892 682 924 humatum
706 897 767 924 est.
814 890 899 924 Filii
923 900 1008 922 uero
1033 890 1106 922 eius
1128 887 1273 921 Carolus
1296 895 1330 920 et
1354 886 1616 928 carlomannus,
1644 889 1795 921 omnium
1827 887 2042 921 Francorum
2072 898 2255 928 consensu,

394 946 527 988 pariter
549 955 648 989 reges
672 949 750 977 sunt
773 943 894 976 effecti
907 943 929 976 ².

482 998 530 1031 At
551 1008 634 1031 uero
659 997 774 1030 Rome
798 996 968 1030 defuncto
994 995 1100 1028 Paulo
1123 1005 1226 1037 papa,
1251 994 1450 1037 Stephanus
1472 994 1612 1028 natione
1636 993 1773 1027 Siculus
1796 1005 1841 1027 ex
1874 1001 1975 1038 patre
2006 993 2111 1027 Olibo
2144 1005 2259 1028 roma-

394 1063 477 1084 num
493 1051 644 1093 suscepit
661 1050 910 1093 pontificatum.
927 1049 1086 1091 seditque
1102 1048 1204 1080 annis
1226 1047 1297 1091 111J
1311 1046 1323 1064 ³
1346 1047 1522 1080 mensibus
1544 1048 1589 1081 V.
1619 1048 1709 1082 “Uir
1724 1054 1894 1088 strenuus,
1917 1054 1951 1080 et
1968 1047 2095 1080 diuinis
2109 1047 2257 1090 scriptu-

402 1104 474 1137 “ris
496 1104 661 1142 eruditus,
686 1109 789 1146 atque
814 1101 1058 1135 ecclesiasticis
1081 1100 1326 1133 traditionibus
1347 1100 1509 1140 imbutus,
1533 1106 1568 1133 et
1590 1100 1626 1134 in
1642 1111 1762 1133 eorum
1778 1099 2078 1134 obseruationibus
2095 1106 2257 1134 constan-
2283 1101 2320 1133 15

400 1160 414 1176 “
427 1158 576 1190 tissimus
598 1162 850 1199 perseuerator.
899 1155 967 1187 Hic
991 1155 1071 1187 dum
1095 1165 1116 1186 a
1141 1154 1314 1186 Siciliensi
1337 1153 1450 1186 insula
1473 1154 1638 1196 paruulus
1653 1153 1803 1187 Romam
1826 1153 1986 1193 uenisset,
2012 1153 2155 1187 tradidit
2177 1162 2256 1186 eum
2373 1154 2376 1155 ⁷

401 1212 520 1254 “papa
543 1210 734 1253 Gregorius
757 1209 877 1242 tertius
898 1210 935 1241 in
958 1207 1165 1240 monasterio
1189 1207 1302 1240 sancti
1326 1207 1524 1251 Grisogoni,
1548 1206 1666 1251 ibique
1690 1207 1841 1240 clericus
1857 1213 1962 1250 atque
1985 1207 2176 1239 monachus
2204 1212 2256 1240 est

400 1264 584 1297 “effectus
631 1262 747 1301 Quem
770 1263 991 1305 postmodum
1014 1261 1204 1294 Zacharias
1226 1271 1318 1303 papa
1342 1271 1385 1294 ex
1409 1261 1484 1303 ipso
1508 1260 1633 1293 tollens
1648 1260 1868 1299 monasterio,
1883 1261 1920 1293 in
1935 1259 2182 1293 Lateranensis
2194 1269 2259 1303 pa-

401 1318 415 1334 “
429 1317 586 1350 triarchii
609 1316 771 1349 cubiculo
795 1326 870 1348 esse
893 1315 1061 1358 precepit,
1086 1324 1235 1357 eumque
1267 1315 1487 1357 postmodum
1518 1314 1761 1358 presbyterum
1791 1314 1828 1345 in
1858 1313 1959 1346 titulo
1989 1313 2092 1346 beate
2123 1311 2255 1346 Cecilie

402 1370 589 1404 “sacrauit
637 1369 751 1407 Quem
774 1375 890 1401 tamen
917 1367 1001 1411 'pro
1026 1369 1102 1401 eius
1126 1368 1292 1400 castitatis
1316 1367 1498 1405 modestia,
1521 1368 1558 1399 in
1580 1377 1642 1400 suo
1666 1367 1786 1400 officio
1809 1367 1989 1400 Lateranis
2013 1366 2177 1405 detinuit3
2192 1366 2256 1399 sed
2279 1367 2321 1399 20

402 1428 464 1456 “et
486 1423 622 1466 reliqui,
645 1423 780 1455 scilicet
805 1422 1002 1465 Stephanus
1026 1427 1062 1454 et
1085 1422 1214 1454 Paulus
1245 1421 1336 1454 beati
1364 1421 1558 1464 pontifices,
1590 1420 1740 1453 eundem
1772 1420 2006 1453 venerabilem
2038 1420 2252 1463 Stephanum

395 1479 409 1494 “
426 1488 487 1520 pro
511 1477 586 1509 eius
609 1477 674 1518 piis
697 1476 1018 1508 conuersationibus
1041 1476 1075 1506 in
1100 1485 1161 1507 suo
1185 1475 1326 1508 seruitio
1343 1475 1564 1507 detinuerunt
1578 1499 1608 1514 „.
1625 1475 1714 1507 Dum
1731 1485 1816 1507 uero
1832 1474 2060 1516 predecessor
2075 1473 2151 1506 eius
2165 1472 2253 1506 Pnu-

393 1531 444 1563 lus
459 1541 551 1573 papa
571 1529 771 1562 infirmitate
796 1530 1021 1566 detineretur,
1046 1529 1091 1560 de
1115 1539 1185 1571 qua
1201 1529 1306 1560 uitam
1330 1529 1451 1567 finiuit,
1475 1528 1672 1571 Stephanus
1696 1528 1769 1570 ipse
1793 1528 1827 1559 in
1853 1527 1926 1560 eius
1940 1537 2167 1570 perseuerans
2181 1536 2253 1559 ser-

392 1584 474 1617 uitio
499 1583 592 1615 nullo
617 1583 720 1616 modo
745 1583 788 1615 ab
813 1583 885 1615 eius
910 1583 1038 1614 lectulo
1062 1582 1209 1614 recessit
1240 1582 1356 1614 donec
1378 1581 1536 1624 spiritum
1559 1581 1742 1614 emitteret.
1790 1579 1872 1619 Quo
1907 1589 1973 1613 nec
2006 1581 2090 1614 dum
2125 1580 2253 1613 deiun-

391 1644 458 1676 cto‚
482 1637 575 1669 Toto
599 1637 670 1669 dux
693 1636 870 1678 Nepesine
895 1636 1042 1668 ciuitatis
1067 1645 1144 1668 cum
1169 1636 1345 1668 exercitus
1367 1635 1590 1668 multitudine
1606 1641 1816 1668 armatorum
1832 1634 1945 1667 subito
1962 1634 2068 1677 elegit
2083 1633 2255 1667 Constan-
2277 1633 2319 1665 25

390 1691 498 1723 tinum
522 1691 664 1722 fratrem
687 1701 786 1722 suum
810 1696 893 1722 tunc
909 1689 1036 1721 laicum
1055 1689 1274 1721 existentem.
1318 1688 1448 1731 Sicque
1463 1689 1500 1720 in
1516 1688 1755 1721 Lateranense
1766 1687 2020 1731 patriarchium
2035 1686 2255 1720 introductus

393 1750 454 1777 est.
501 1743 694 1787 Statimque
719 1742 893 1785 Georgius
916 1742 1119 1775 Prenestine
1145 1742 1298 1775 ciuitatis
1322 1741 1532 1784 episcopus⁴
1564 1741 1608 1774 ab
1639 1742 1715 1784 ipsa
1745 1741 1868 1774 eadem
1898 1740 2120 1774 multitudine
2149 1738 2253 1773 ualde

390 1803 540 1833 coactus,
563 1798 675 1839 ipsum
698 1796 938 1830 Constantium
964 1796 1130 1828 clericum
1154 1796 1252 1828 fecit.
1299 1795 1379 1828 Alia
1401 1805 1488 1827 uero
1512 1795 1569 1827 die
1592 1795 1694 1827 simili
1717 1795 1821 1827 modo
1846 1800 1967 1827 contra
1989 1800 2162 1826 canonum
2185 1798 2254 1827 sta-

389 1857 464 1883 tuta
485 1849 720 1883 subdiaconus
744 1849 868 1889 factus,
891 1849 1058 1892 populum
1081 1848 1148 1882 sibi
1172 1855 1428 1881 sacramentum
1450 1848 1598 1891 prebere
1614 1849 1713 1881 fecit.
1766 1850 1781 1866 ‘⁴
1794 1849 1841 1881 Et
1857 1847 2064 1880 adueniente
2080 1846 2256 1880 dominica

393 1907 408 1922 ‘⁴
422 1905 490 1943 die,
515 1903 558 1936 ab
583 1903 707 1937 eodem
731 1902 930 1946 Gregorio⁵
955 1903 1120 1946 episcopo
1145 1909 1180 1936 et
1204 1902 1339 1935 duobus
1362 1902 1438 1935 aliis
1462 1902 1636 1945 episcopis
1659 1908 1882 1934 consecratus
1912 1907 1974 1934 est.
2022 1901 2103 1934 Non
2131 1900 2254 1934 multos
2277 1900 2319 1932 30

395 1960 408 1975 “
423 1963 501 2000 post
523 1967 609 1990 uero
633 1957 708 1989 dies
731 1957 886 1989 eiusdem
912 1956 1053 2000 Georgii
1078 1956 1247 1999 episcopi,
1272 1956 1330 1999 qui
1355 1966 1433 1988 eum
1464 1956 1695 1993 consecrauit,
1719 1966 1841 1988 manus
1863 1955 1953 1988 aruit
1977 1960 2081 1998 atque
2113 1958 2253 1987 contra-

393 2011 407 2026 “
423 2016 479 2043 cta
504 2017 565 2048 est,
588 2011 639 2042 ita
662 2010 755 2053 quod
778 2019 844 2042 nec
869 2010 914 2042 ad
937 2020 975 2042 os
998 2020 1095 2042 suum
1121 2010 1284 2042 conferre
1308 2009 1428 2047 ualuit,
1452 2009 1573 2052 sicque
1589 2009 1759 2052 languens
1782 2009 1890 2041 uitam
1907 2007 2061 2047 finiuit„
2085 2007 2254 2040 Constan-

390 2064 479 2096 tinus
501 2068 615 2095 autem
639 2068 814 2095 transacto
837 2072 941 2101 anno,
964 2062 1136 2095 seditione
1161 2068 1333 2095 commota
1356 2063 1393 2094 in
1416 2062 1558 2104 populo,
1584 2062 1628 2094 de
1652 2061 1735 2094 sede
1751 2061 1974 2103 pontificatus
1989 2060 2152 2103 expulsus
2167 2065 2219 2092 est
2230 2057 2253 2092 ⁶.

388 2116 468 2149 Alia
490 2126 576 2149 uero
600 2115 657 2148 die
681 2115 883 2158 Philippum
906 2115 1148 2159 presbyterum
1173 2116 1218 2148 de
1242 2115 1450 2148 monasterio
1474 2115 1584 2148 sancti
1608 2115 1684 2148 Uiti
1701 2115 1879 2147 trahentes
1895 2110 2088 2158 elegerunt,
2105 2122 2252 2157 eumque

386 2170 423 2202 in
445 2170 623 2203 basilicam
649 2169 841 2201 Saluatoris
864 2179 960 2202 more
984 2169 1085 2202 solito
1109 2169 1346 2207 deduxerunt;
1371 2169 1441 2200 illic
1466 2168 1509 2201 ab
1533 2166 1722 2210 episcopo'
1755 2168 1912 2200 oratione
1944 2167 2026 2200 data
2049 2166 2143 2200 iuxta
2166 2167 2254 2199 anti-
2278 2166 2318 2200 35
2358 2160 2367 2186 J

2304 570 2322 603 υι

479 2303 502 2328 3.
522 2295 709 2320 multitudine
722 2296 826 2320 cecidit
841 2295 862 2320 C
876 2309 907 2313 ·—
922 2303 948 2328 4.
961 2302 1046 2320 causa
1066 2296 1272 2328 pollicerentur
1291 2295 1396 2328 (scritto
1417 2296 1447 2319 al
1464 2294 1600 2327 margine)
1621 2302 1707 2326 equos
1727 2296 1872 2318 trecentos
1886 2301 1938 2327 pro
1958 2300 2072 2318 munere
2085 2300 2115 2318 se
2127 2292 2247 2318 daturos

395 2341 438 2364 G·
452 2340 614 2365 Saxonibus
630 2342 671 2365 C·
686 2348 749 2364 cum
762 2340 889 2364 exercitu
903 2347 954 2364 suo
968 2347 1027 2365 sese
1047 2340 1154 2372 recepit
1173 2341 1197 2364 Α
1217 2341 1244 2365 Β
1263 2349 1277 2364 e
1299 2341 1379 2364 Sasso
1398 2352 1430 2358 -
1449 2341 1475 2364 ὁ.
1495 2340 1646 2364 defunctus
1666 2341 1707 2364 est
1726 2342 1754 2364 et
1772 2340 1808 2364 ad
1829 2341 1959 2363 sanctum
1972 2339 2087 2363 Petrum
2101 2339 2144 2363 est
2157 2337 2251 2370 sepul-

390 2388 435 2409 tus
457 2387 480 2410 C
498 2399 530 2403 —
550 2385 575 2410 8.
595 2386 669 2410 obiit
689 2388 782 2409 autem
802 2387 829 2409 et
851 2386 876 2409 B
894 2393 908 2408 e
928 2385 1009 2410 Sasso
1029 2398 1061 2403 —
1082 2393 1107 2418 9.
1128 2392 1236 2409 menses
1255 2384 1307 2417 IIlJ
1327 2385 1387 2409 dies
1406 2383 1459 2409 XX
1479 2385 1508 2412 C.
1528 2384 1664 2415 diprimu
1684 2392 1760 2408 mano
1777 2384 1842 2414 perh
1863 2391 2022 2408 inense,...
2042 2383 2087 2407 dle
2101 2396 2135 2400 -—
2151 2388 2191 2407 12.
2204 2388 2250 2416 pn-

390 2431 460 2454 riter
472 2431 538 2454 sunt
558 2436 637 2462 reges
650 2429 739 2454 effecti
763 2432 797 2457 C:
818 2436 905 2461 regeS,
919 2430 1013 2454 scritto
1033 2431 1062 2454 al
1081 2431 1207 2462 margine
1226 2443 1258 2447 —
1282 2429 1322 2454 16.
1342 2430 1373 2453 in
1393 2428 1514 2453 Romam
1537 2428 1569 2457 0;
1590 2428 1618 2453 L.
1640 2430 1682 2458 P„
1707 2430 1727 2459 Ι,
1746 2430 1812 2460 4⁶8:
1836 2429 1886 2452 “in
1907 2429 1980 2452 hanc
2006 2428 2170 2452 advenIsset
2194 2426 2249 2451 Ro—

389 2482 499 2498 manam
513 2474 608 2498 urbem
633 2488 661 2492 —
685 2481 723 2506 13.
745 2474 899 2498 monachus
919 2474 1032 2498 effectus
1055 2475 1078 2498 C
1095 2488 1127 2492 —
1151 2481 1190 2506 ¹4·
1211 2473 1388 2507 patriarchio
1408 2473 1433 2497 A
1452 2474 1483 2498 dn·
1494 2474 1589 2504 prima
1603 2482 1679 2498 mano
1699 2486 1731 2491 —
1755 2478 1796 2503 15.
1816 2473 1949 2497 Laterani
1965 2472 2070 2497 detulit
2090 2472 2117 2496 B
2133 2480 2148 2496 e
2166 2470 2249 2496 Sam

390 2531 422 2536 -—
444 2524 487 2543 22.
506 2519 774 2543 consecuctionibus
795 2519 819 2542 Α
848 2519 874 2542 Β
892 2527 906 2542 e
925 2518 1019 2543 Sasso:
1039 2518 1312 2543 consecracionibus
1335 2519 1367 2547 C;
1387 2525 1523 2550 correggo
1543 2517 1668 2543 secondo
1689 2518 1711 2542 il
1732 2518 1764 2542 L.
1785 2518 1827 2546 P.¹
1844 2518 1872 2546 -I,
1892 2518 1943 2548 408
1962 2518 2006 2541 che
2027 2517 2063 2541 R.
2076 2516 2153 2547 copia
2166 2527 2200 2533 —
2215 2521 2258 2547 24.

389 2570 571 2594 perseuerans
597 2562 694 2587 officio
717 2564 742 2587 Β
760 2572 773 2587 e
795 2563 875 2588 Sasso
898 2577 902 2580 -
934 2564 1106 2588 ammitteret
1127 2565 1151 2587 (Ι
1169 2577 1201 2580 —-
1222 2562 1264 2588 26.
1285 2563 1443 2595 patriarchi
1465 2563 1488 2587 C
1505 2576 1538 2580 —
1559 2569 1601 2595 30.
1621 2565 1649 2587 et
1669 2571 1684 2587 a
1704 2562 1813 2587 duabus
1831 2562 1899 2587 aliis
1921 2563 1944 2586 C
1962 2575 1995 2579 —
2015 2568 2058 2593 31.
2077 2561 2172 2594 Sergii
2191 2560 2219 2585 B
2236 2568 2250 2584 e

393 2608 487 2637 Sus-<03
506 2606 624 2640 Georgii
646 2608 684 2632 A:
705 2607 830 2640 Georgio
852 2609 882 2638 C,
901 2611 1018 2632 corretto
1032 2608 1101 2639 perh
1121 2609 1151 2632 di
1167 2608 1279 2632 :tr-conda
1300 2616 1376 2632 mano
1395 2607 1419 2632 si
1439 2608 1475 2632 da
1494 2613 1543 2631 uon
1557 2608 1655 2631 vedere
1673 2608 1702 2632 la
1716 2608 1819 2638 φατρία
1827 2606 1976 2638 primitiva
1997 2619 2029 2623 —-
2050 2612 2093 2637 3²·
2112 2605 2143 2630 di
2155 2604 2250 2636 priua

389 2660 464 2675 mano
484 2659 516 2676 os
537 2652 560 2676 C
578 2665 610 2670 -—-
631 2658 673 2684 34.
693 2653 837 2676 thraentes
861 2652 884 2675 C
910 2666 939 2670 —
966 2657 1009 2683 35.
1029 2653 1063 2676 ab
1083 2652 1220 2685 episcopo
1241 2652 1263 2676 Α
1285 2653 1311 2676 Β
1330 2660 1424 2677 manca
1445 2665 1453 2670 —
1474 2651 1596 2683 dataque
1619 2652 1642 2676 C

479 2712 487 2729 ¹
508 2714 653 2739 chronicon
675 2715 813 2739 Cavense=
843 2713 925 2746 “764
954 2714 1014 2738 Hoc
1042 2721 1116 2738 anno
1148 2715 1222 2738 iacta
1250 2715 1294 2739 est
1346 2714 1388 2739 111
1407 2721 1493 2739 mens.
1513 2713 1538 2737 V
1557 2714 1618 2738 dies
1637 2713 1796 2746 XXVIII„.

391 2754 546 2788 “ecclipsis
571 2756 641 2780 solis
668 2757 763 2787 pridie
787 2763 878 2781 nonas
900 2757 1003 2786 iunias,
1029 2756 1075 2780 die
1094 2755 1194 2786 Luxus,
1222 2757 1294 2781 hora
1437 2755 1450 2771 ⁴
1470 2757 1504 2781 L.
1524 2756 1562 2785 P„
1583 2756 1603 2787 I,
1624 2757 1684 2788 468,
1709 2756 1768 2781 Vita
1783 2756 1915 2786 Stephani
1931 2754 2076 2786 lll‚§111,
2096 2754 2158 2778 dice
2171 2753 2250 2779 solox

390 2797 501 2826 “sexta‚
520 2797 588 2822 luna
608 2798 747 2830 vigesima
768 2805 843 2822 nona
857 2815 881 2830 η.
900 2798 953 2822 Per
973 2797 994 2822 il
1014 2800 1091 2823 resto
1114 2797 1174 2823 Cet:
1196 2799 1228 2823 L.
1253 2798 1293 2829 P„
1350 2797 1501 2830 “Georgio
1514 2799 1649 2832 episcopo
1660 2816 1684 2830 η,
1705 2806 1749 2822 ma
1768 2798 1989 2823 effettivamente
2001 2804 2063 2822 esso
2076 2797 2109 2821 su
2128 2802 2251 2820 vescovo
2282 2803 2315 2822 20

389 2839 410 2868 I,
429 2839 489 2872 465.
1347 2841 1377 2866 di
1396 2841 1544 2870 Preneste:
1560 2839 1729 2873 Cf.:JAFa1'-:‚
1742 2842 1814 2873 Reg.
1830 2841 1906 2865 Rom.
1926 2839 1999 2865 flmt.
2020 2847 2047 2864 n.
2067 2844 2145 2872 2347,
2166 2837 2250 2871 ²3⁶4*
2358 2833 2364 2844 ⁵

477 2880 488 2897 ¹
499 2882 715 2911 Fannncfflms,
729 2883 908 2911 Continuatio.
920 2883 968 2908 cit.
982 2882 1046 2915 (54),
1060 2883 1116 2907 vol.
1130 2883 1178 2907 cit.
1192 2890 1219 2915 p.
1236 2890 1293 2916 193.
1349 2883 1413 2908 Cod.
1434 2884 1525 2907 Carol.
1546 2890 1592 2916 pp.
1612 2890 1647 2916 94
1666 2890 1681 2907 e
1701 2889 1761 2914 13²·

389 2923 494 2956 Pipino
516 2925 546 2948 fu
566 2925 716 2949 nominato
742 2925 961 2958 maggiordomo
985 2925 1030 2949 nel
1052 2930 1112 2957 741,
1132 2923 1228 2956 percio
1247 2932 1294 2950 era
1435 2924 1446 2941 θ
1470 2925 1596 2957 Georgio,
1615 2931 1749 2958 corregge
1767 2926 1960 2958 giustamente
1978 2923 2073 2949 Sasso.

390 2968 508 2993 nell’an.
524 2974 566 3000 27.
1436 2965 1447 2982 ⁶
1467 2968 1500 2992 L.
1521 2968 1562 2997 P„
1582 2967 1602 2996 Ι,
1621 2968 1671 2992 cit.
1699 2967 1757 2992 Vita
1779 2967 1908 2998 Stephani
1925 2966 1971 2995 111,
1992 2965 2005 2997 ξ
2024 2965 2070 2991 VI.

476 3008 488 3026 ²
507 3011 541 3035 L.
555 3012 596 3040 P„
609 3011 630 3042 1,
641 3012 706 3042 4⁶&
729 3012 787 3037 Vita
802 3012 933 3042 Stephani
945 3011 999 3036 111:
1017 3011 1029 3024 “
1041 3030 1047 3037 .
1059 3027 1066 3036 .
1079 3030 1084 3036 .
1096 3028 1103 3036 .
1114 3012 1188 3036 sedit
1200 3018 1292 3037 annos
