2398 3470
168 253 246 278 Mun„
261 260 295 275 ea.
310 255 371 279 76-77

258 1804 278 1819 ι’.
293 1798 352 1819 woh

202 1939 352 1959 Mmcellinus

181 1972 203 1986 a.
218 1967 246 1988 C.
261 1967 350 1991 296-304

343 2653 375 2671 10

345 2861 373 2886 15

413 240 459 283 74
996 242 1285 280 ROMUALDI
1313 211 1679 281 SALERNI'i'ANI
1952 248 2037 285 [ΔΑ.
2057 250 2093 279 c.
2113 251 2267 286 290-204]

404 382 483 408 octo
507 385 653 414 menses,
669 375 764 418 apud
778 374 1031 408 Alexandriam
1045 374 1055 392 ¹
1073 375 1259 419 direptioni
1277 376 1385 414 dedit,
1402 375 1578 420 Egyptum
1594 381 1702 409 totam
1717 374 2037 418 proscriptionibus,
2054 368 2268 418 cedibusque

404 429 550 462 sedauit.
597 428 762 461 Preterea
787 428 949 462 Galerius
972 429 1213 467 Maximianus,
1231 439 1309 461 cum
1327 429 1463 462 duobus
1484 429 1554 474 jam
1577 429 1694 472 preliis
1718 429 1885 462 aduersus
1909 429 2078 462 Narseum
2097 429 2269 461 conflixis-

404 488 469 522 set,
491 482 595 515 tertia
617 482 710 515 inter
733 481 954 521 Gallinicum‚
979 488 1014 514 et
1038 482 1164 515 Carras
1195 492 1411 526 congressus,
1436 488 1471 515 et
1493 483 1617 521 uictus,
1649 482 1780 514 amissis
1812 481 1921 525 copiis
1945 481 1990 514 ad
2012 481 2266 515 Diocletianum

403 535 549 579 refugit:
576 547 597 567 a
620 546 689 579 quo
714 536 991 579 arrogantissime
1015 541 1196 578 susceptus
1227 542 1279 568 est
1291 535 1314 576 ²,
1336 537 1386 568 ita
1417 542 1455 569 ut
1478 546 1542 579 per
1565 546 1589 568 v
1614 535 1731 568 milia³
1754 546 1918 578 passuum
1945 541 2155 579 purpuratus
2187 541 2267 568 ante

403 589 603 621 uehiculum
627 589 703 634 ejus
727 588 919 622 cucurrisse
935 590 1117 622 referatur.
1165 589 1295 621 Verum
1312 589 1378 621 hac
1395 589 1617 628 contumelia,
1635 589 1732 632 quasi
1749 594 1829 621 cote
1845 588 1892 621 ad
1906 588 2070 621 uirtutem
2085 599 2165 622 usus
2182 594 2234 622 est
2246 589 2268 628 ⁴,

404 653 484 676 mox
506 653 570 685 per
593 642 783 686 Illyricum,
801 648 835 675 et
850 642 997 675 Mesiam
1013 643 1165 686 undique
1183 643 1303 685 copias
1326 642 1498 675 contraxit
1510 642 1532 681 ⁵,
1551 643 1721 675 Narseum
1737 642 1874 685 magnis
1890 641 2055 682 consiliis,
2071 642 2269 686 uiribusque

403 695 591 738 superauit.
638 695 811 728 Extinctis
834 695 1019 727 Persarum
1043 695 1163 737 copiis,
1194 695 1340 738 ipsoque
1366 695 1499 728 Narseo
1523 695 1557 727 in
1582 696 1701 739 fugam
1726 701 1862 733 coacto,
1886 701 1999 727 castra
2022 696 2097 740 ejus
2127 695 2264 735 inuasit,

401 758 539 787 uxores,
565 759 710 787 sorores,
734 748 931 792 liberosque
956 749 1060 791 cepit,
1083 749 1283 781 immensam
1307 749 1375 780 uim
1399 758 1486 793 gaze
1510 748 1649 781 Persice
1681 748 1836 791 diripuit,
1860 749 2030 790 captiuos,
2054 748 2267 791 quampluri·

402 812 478 835 mos
500 802 683 835 Persarum
706 802 875 835 nobilium
900 802 1060 840 abduxit3
1085 812 1246 835 reuersus
1268 803 1305 834 in
1327 802 1615 845 Mesopotamiam
1648 812 1756 834 ouans
1779 800 1981 846 regressus⁶
2004 812 2026 834 a
2047 801 2269 835 Diocletiano

405 855 553 898 plurimo
577 857 710 889 honore
734 862 916 898 susceptus
939 862 1007 894 est;
1032 862 1152 898 postea
1183 865 1248 898 per
1271 856 1412 889 eosdem
1437 856 1546 889 duces
1576 862 1713 888 strenue
1737 855 1922 888 'aduersus
1952 855 2098 898 Carpos,
2129 855 2267 888 Baster—

403 919 535 952 nasque
561 915 750 953 pugnatum
775 915 835 942 est.
883 908 1058 942 Sarmatas
1089 909 1217 942 deinde
1248 909 1425 946 uicerunt3
1451 919 1595 951 quorum
1620 908 1891 951 copiosissimam
1917 908 2090 951 captiuam
2113 908 2269 942 multitu—

405 962 525 994 dinem
548 972 612 1005 per
636 963 874 996 Romanorum
900 963 1018 995 finium
1042 963 1237 1005 dispersere
1269 962 1421 1005 presidia
1432 961 1456 995 Ἰ.
1502 962 1742 995 Diocletianus
1766 962 1896 1005 quippe
1918 962 2119 995 moderatus
2141 960 2268 995 callide

402 1015 478 1054 fuit,
502 1026 620 1060 sagax,
644 1022 679 1048 et
702 1016 889 1049 admodum
904 1016 1039 1049 subtilis
1054 1016 1196 1060 ingenii,
1214 1023 1248 1049 et
1264 1016 1322 1060 qui
1338 1016 1524 1049 seueritate
1547 1026 1609 1048 sua
1632 1016 1779 1048 alienam
1796 1015 1962 1048 inuidiam
1985 1015 2094 1048 uellet
2110 1013 2267 1058 explere3

404 1069 687 1112 diligentissimus
710 1075 836 1108 tamen,
862 1076 896 1102 et
926 1070 1170 1102 solertissimus
1193 1069 1367 1112 princeps.
1414 1070 1454 1102 In
1486 1070 1634 1112 imperio
1657 1069 1818 1102 Romano
1842 1069 1972 1111 primus
1995 1069 2090 1113 regie
2121 1077 2270 1101 consue-

402 1123 532 1155 tudinis
556 1123 670 1156 forma
693 1123 813 1166 magis,
839 1133 941 1165 quam
958 1123 1118 1156 Romane
1135 1122 1304 1156 libertatis
1319 1123 1505 1162 inheserat,
1530 1129 1565 1155 et
1588 1123 1727 1155 adorari
1743 1133 1780 1154 se
1794 1122 1908 1166 jussit,
1933 1132 2011 1155 cum
2028 1128 2134 1155 antea
2151 1121 2269 1155 cuncti

403 1176 643 1209 salutarentur.
691 1177 906 1209 Ornamenta
930 1177 1004 1209 auri
1029 1183 1135 1220 atque
1158 1186 1373 1220 gemmarum
1390 1177 1553 1215 uestibus,
1579 1175 1896 1218 calceamentisque
1918 1175 2057 1215 indidit,
2079 1186 2159 1208 nam
2174 1175 2270 1219 priua

401 1229 538 1272 imperii
560 1230 698 1275 insigne
721 1230 758 1262 in
789 1230 939 1262 clamide
969 1239 1146 1272 purpurea
1169 1236 1301 1263 tantum
1333 1230 1458 1268 fuerat,
1489 1229 1624 1272 reliqua
1655 1229 1851 1262 communia
1864 1228 1886 1262 ⁸.
1933 1228 2121 1262 Herculius
2150 1235 2269 1262 autem

401 1283 582 1326 propalam
606 1283 713 1323 ferus,
735 1283 791 1315 uir
814 1282 860 1315 ad
884 1293 1021 1315 omnem
1037 1283 1271 1326 asperitatem,
1286 1283 1513 1325 seuitiamque
1536 1282 1716 1325 procliuia
1732 1282 1882 1320 inuidus,
1904 1281 2158 1322 incommodus,
2182 1281 2269 1315 ciui·

399 1336 504 1368 litatis
527 1336 665 1379 penitus
689 1346 825 1379 expers,
849 1337 1072 1378 asperitatem
1088 1347 1184 1369 suam
1200 1336 1314 1369 uultus
1330 1337 1476 1369 horrore
1493 1335 1733 1379 significans⁹:
1759 1335 1818 1368 hic
1841 1341 1963 1368 nature
1986 1345 2048 1368 sue
2071 1334 2268 1378 indulgens,

400 1390 612 1423 Dioclitiano
635 1390 673 1422 in
696 1389 855 1422 omnibus
878 1389 1074 1422 seuioribus
1098 1389 1251 1423 consiliis
1275 1389 1470 1422 obsecutus.

968 1526 981 1540 ¹*
995 1523 1144 1557 Dii-,cmx
1167 1533 1393 1557 Pnasncurro
1417 1533 1457 1557 m
1481 1524 1665 1557 Eccnnsm
1679 1548 1710 1564 „.

487 1628 624 1661 Interea
648 1627 888 1660 Diocletianus
915 1627 952 1659 in
985 1627 1120 1660 oriente
1148 1637 1240 1659 anno
1264 1627 1497 1660 nonodecimo
1525 1627 1600 1671 ejus
1622 1626 1760 1670 imperii
1788 1633 1823 1660 et
1851 1626 2083 1660 Maximianus
2109 1625 2145 1658 in
2170 1623 2267 1658 occi-

403 1682 507 1714 dente
530 1681 657 1714 uastari
681 1681 859 1721 ecclesias,
883 1680 999 1724 affligi,
1022 1680 1242 1724 interficique
1266 1680 1482 1714 Christianos
1505 1680 1643 1713 decimo
1667 1686 1747 1723 post
1778 1680 1951 1714 Neronem
1975 1680 2055 1713 loco
2087 1683 2268 1722 ceperunt,

402 1745 470 1778 que
494 1734 793 1778 persecutionibus
817 1735 894 1767 fere
919 1733 1079 1766 omnibus
1102 1734 1270 1767 anteactis
1295 1734 1500 1773 diuturnior,
1524 1740 1630 1777 atque
1654 1734 1836 1767 immanior
1858 1734 1943 1772 fuit3
1967 1744 2047 1766 nam
2063 1742 2129 1776 per
2143 1732 2267 1766 decem

403 1799 512 1822 annos
534 1788 706 1821 incendiis
730 1788 883 1821 ecclesia
898 1787 932 1827 ¹⁰,
956 1787 1055 1820 libris
1079 1798 1218 1831 quoque
1243 1787 1393 1827 exustis,'
1410 1787 1727 1831 proscriptionibus
1749 1787 1988 1827 innocentum,
2004 1793 2194 1832 martyrum
2212 1795 2270 1819 ce-

400 1842 513 1883 dibus,
537 1841 788 1875 incessabiliter
811 1847 891 1874 acta
904 1839 968 1874 'est
981 1840 1015 1874 ¹¹.
1069 1843 1082 1859 “
1096 1841 1171 1873 Hec
1195 1842 1394 1884 persecutio
1418 1847 1490 1874 tam
1515 1842 1679 1882 crudelis,
1696 1847 1732 1874 et
1755 1841 1880 1874 crebra
1895 1841 1973 1882 fuit,
1997 1846 2035 1874 ut
2059 1840 2149 1874 intra
2163 1849 2269 1873 unum

407 1897 421 1912 ⁸
434 1905 587 1928 mensem
612 1896 738 1928 decem
761 1901 796 1928 et
818 1901 951 1938 septem
975 1894 1071 1927 milia
1093 1902 1281 1939 martyrum
1305 1905 1370 1937 pro
1394 1895 1531 1928 Christo
1554 1894 1647 1938 passi
1669 1895 1918 1934 inueniantur„
1935 1894 1967 1927 ’'.
2008 1892 2090 1933 Quo
2113 1900 2268 1936 tempore

402 1948 630 1981 Marcellinus
651 1959 742 1991 papa
766 1949 906 1981 territus
929 1948 1030 1980 simul
1054 1959 1098 1981 ex
1121 1949 1349 1991 quorumdam
1373 1959 1486 1987 suasu,
1511 1955 1546 1981 et
1569 1954 1715 1991 propter
1739 1954 1922 1991 acceptam
1945 1947 2132 1991 pecuniam
2148 1957 2170 1979 a
2185 1945 2270 1979 Dio-

401 2002 542 2034 clitiano
566 2002 736 2044 deceptus
758 2001 947 2035 turificauit
971 2001 1089 2038 idolis:
1114 2001 1341 2044 quamobrem
1366 2012 1563 2034 conuenere
1588 2002 1747 2044 episcopi
1765 2002 1879 2034 Rome
1903 2012 1947 2034 ex
1963 2001 2112 2034 diuersis
2127 1999 2269 2044 prouin-

2294 855 2335 888 10
2357 885 2358 888 ,

2296 1121 2357 1154 15]

2293 1777 2385 1830 25;ῐ

402 2055 477 2095 ciis,
502 2065 571 2087 non
594 2055 707 2097 penis,
730 2065 800 2087 non
825 2054 952 2094 exiliis,
969 2065 1036 2087 non
1062 2055 1140 2096 ipso
1165 2054 1285 2087 mortis
1301 2055 1499 2087 discrimine
1524 2055 1714 2097 pauefacti,
1731 2065 1874 2087 numero
1899 2060 2038 2087 centum
2054 2052 2268 2098 quindecim,
2377 2069 2379 2075 ι

400 2108 458 2152 qui
483 2119 562 2141 cum
588 2108 749 2153 lacrymis
773 2114 808 2141 et
829 2108 962 2152 gemitu
980 2107 1199 2147 celebrantes
1221 2107 1427 2149 Concilium,
1443 2108 1667 2141 sciscitabant
1691 2118 1769 2141 cum
1793 2107 1993 2141 reuerentia
2009 2108 2223 2153 episcopum,
2238 2106 2268 2138 si

475 2234 499 2253 ι.
521 2229 593 2260 aput
614 2228 659 2255 B.-
677 2235 771 2253 Μαι
783 2228 814 2253 in
825 2228 852 2252 B
870 2241 881 2246 -
899 2227 1162 2261 proserlpcionibua
1180 2227 1207 2252 B
1217 2228 1242 2254 C
1253 2241 1285 2246 —-
1299 2234 1323 2252 2.
1338 2227 1487 2253 aduersum
1503 2228 1527 2253 C
1546 2241 1576 2245 —-
1591 2235 1616 2260 3.
1630 2227 1721 2252 tercio
1740 2228 1817 2253 inter
1834 2226 2017 2253 Gananlcum
2032 2226 2056 2252 C
2068 2238 2079 2244 -
2099 2224 2225 2252 Charra..
2239 2225 2264 2251 C

401 2283 412 2289 -
431 2271 528 2295 amisit
547 2271 571 2296 C
588 2283 600 2289 -
620 2269 829 2297 Diocuclanum
851 2271 876 2296 C
900 2283 932 2287 —
959 2278 984 2301 4.
1010 2270 1223 2303 arrogatissime
1249 2269 1306 2302 (stc)
1328 2270 1352 2295 C
1369 2283 1381 2289 -
1400 2277 1515 2302 passum
1537 2272 1561 2296 C
1584 2283 1617 2288 -
1644 2276 1668 2302 5.
1693 2277 1748 2303 qua
1770 2270 1855 2295 sicuti
1883 2270 1907 2296 C
1932 2283 1963 2287 -
1989 2268 2015 2294 6.
2038 2268 2170 2293 Mle-iam
2190 2266 2216 2293 C
2232 2279 2266 2286 —-

400 2312 425 2338 8.
444 2311 602 2337 inmensam
624 2312 649 2337 C
666 2326 697 2330 -—
717 2320 741 2344 9.
762 2311 947 2336 Diocliciano
970 2311 994 2337 C
1010 2325 1043 2330 —
1066 2319 1105 2336 ιο.
1125 2311 1273 2337 aduersum
1295 2312 1319 2337 C
1335 2324 1368 2330 —-
1390 2317 1430 2337 1².
1446 2312 1659 2338 DioclicIanum
1674 2312 1699 2338 C
1716 2325 1749 2329 —
1772 2318 1813 2343 14·
1833 2312 2043 2337 sollertissimus
2059 2311 2084 2335 C
2102 2322 2134 2328 -
2152 2313 2192 2341 ις.
2205 2307 2263 2334 for·

403 2360 478 2378 mam
500 2355 524 2380 C
540 2366 551 2372 -
570 2354 699 2379 inexerat
721 2354 744 2379 C
762 2367 795 2372 —
817 2353 856 2379 16.
876 2354 1070 2378 calciamentis
1089 2353 1150 2379 Bc
1166 2367 1199 2371 —
1222 2358 1262 2383 17.
1281 2352 1408 2386 clamyde
1426 2353 1453 2377 B
1471 2367 1481 2372 -
1501 2354 1652 2379 Herculeus
1673 2353 1698 2376 B
1717 2366 1750 2371 —
1772 2353 1813 2378 18.
1827 2354 2034 2386 seruiciamque
2049 2353 2072 2378 C
2084 2366 2117 2370 -
2138 2357 2182 2377 2ο.
2194 2350 2266 2376 Dio·

405 2396 558 2420 clicianum
574 2396 598 2421 C
614 2410 647 2415 —
667 2403 710 2421 π.
722 2394 900 2428 Ecclesia1A
920 2395 946 2420 lo
960 2397 1040 2427 porta
1057 2402 1127 2419 come
1145 2397 1207 2419 nota
1225 2394 1375 2427 marginale
1393 2395 1425 2418 dt·
1446 2397 1575 2419 carattere
1594 2394 1639 2418 del
1655 2394 1734 2419 secolo
1753 2394 1785 2418 X
1788 2394 1840 2423 VI,-
1857 2395 1883 2418 B
1901 2396 1931 2419 in
1950 2397 2039 2426 questo
2064 2393 2160 2427 luga,-
2180 2391 2204 2417 C
2219 2391 2267 2417 nel

400 2440 465 2462 tem
477 2438 542 2470 dopo
560 2438 589 2462 in
610 2438 756 2463 occidente
775 2437 884 2462 vastari
903 2437 1053 2467 Ecclesias‚
1073 2436 1168 2469 affligi,
1193 2436 1302 2461 decima
1321 2436 1479 2470 persecutio
1499 2437 1530 2461 in
1550 2436 1670 2462 ecclesia
1689 2450 1721 2454 -
1742 2442 1785 2463 22.
1799 2436 1993 2462 Dioclicianus
2017 2436 2040 2461 C
2057 2449 2090 2454 —
2110 2441 2154 2468 23.
2173 2434 2264 2461 inter

400 2479 510 2511 ficique]
530 2480 561 2504 ln
583 2479 607 2504 C
622 2479 731 2505 initiale
749 2482 844 2504 omma
862 2493 896 2498 —
916 2486 959 2512 ²4·
978 2478 1223 2511 persecucIonibus
1248 2477 1271 2502 C
1285 2491 1319 2496 —
1345 2483 1389 2509 25.
1408 2478 1671 2512 proscripcionibus
1689 2479 1716 2502 B
1732 2478 1755 2503 C
1773 2492 1804 2496 —
1826 2478 1917 2510 25-26.
1938 2479 2054 2504 cedibus
2071 2477 2222 2503 martirum
2243 2474 2268 2500 C

402 2535 434 2539 —
456 2521 498 2547 26.
517 2524 677 2556 persecutio
701 2522 724 2546 C
740 2535 750 2540 -
769 2521 908 2554 flagrabat
930 2521 954 2546 C
968 2528 1037 2546 come
1054 2521 1085 2545 tn
1103 2521 1177 2544 Beda
1199 2533 1232 2538 -
1253 2520 1294 2546 28.
1314 2522 1343 2545 et
1362 2520 1543 2546 Marcellinus
1564 2521 1588 2546 C
1603 2533 1617 2540 -
1640 2522 1684 2546 set
1702 2522 1819 2554 propter
1833 2522 1858 2547 C
1873 2534 1907 2540 —-·
1928 2527 1971 2553 ²9·
1989 2520 2103 2556 hydolu
2123 2519 2148 2546 C
2164 2531 2176 2539 ⁴·
2193 2525 2262 2553 qua-

401 2564 523 2590 mabrem
541 2564 566 2589 A
577 2578 612 2583 —
626 2572 668 2598 31.
682 2565 850 2599 siscitabant
870 2563 911 2592 A:
929 2563 1111 2589 missitabant
1126 2564 1150 2589 C

494 2645 501 2659 ¹
520 2653 539 2671 a
558 2649 676 2672 omette:
694 2647 764 2679 capit
782 2645 926 2677 interficit.
939 2645 994 2670 Sed
1010 2645 1184 2669 immoderata
1195 2646 1307 2669 victoria
1451 2643 1463 2660 ⁹
1481 2645 1665 2676 Eunomus,
1678 2645 1725 2670 lib.
1739 2645 1799 2676 cit„
1813 2653 1876 2677 cap.
1889 2645 2011 2671 xxvm
2032 2643 2204 2670 “Herculius
2217 2650 2266 2668 au·
2316 2639 2320 2641 ⁴

403 2695 474 2713 usus.
1364 2688 1444 2712 “tem
1464 2688 1611 2719 propalam
1638 2688 1716 2714 ferus
1741 2691 1769 2713 et
1794 2689 1921 2714 incivills
1947 2689 2063 2721 ingenii,
2086 2687 2266 2720 asperitatem
2288 2682 2327 2709 ’Ἅι-

469 2760 472 2764 .
492 2728 503 2745 ²
522 2730 663 2762 omnus,
682 2731 744 2762 vn,
765 2735 808 2762 25,
827 2738 860 2764 9²
879 2732 1009 2762 exceptus.
1363 2730 1376 2743 ‘¹
1387 2737 1467 2754 suam
1486 2730 1577 2755 etiam
1597 2731 1692 2756 vuitus
1711 2731 1832 2756 horrore
1852 2730 2015 2764 significans
2024 2748 2048 2763 ,μ

492 2772 504 2790 ³
523 2772 662 2805 onosma,
680 2773 736 2799 loc.
756 2773 820 2798 cit.:
839 2772 943 2804 aliquot
959 2772 1039 2796 milia
1056 2774 1102 2796 etc.
1442 2770 1465 2788 ²⁰
1484 2771 1621 2804 ansrus,
1641 2773 1688 2798 lib.
1707 2780 1722 2798 e
1741 2779 1802 2805 sap.
1819 2774 1875 2803 cit„
1894 2772 1910 2806 ξ
1930 2779 1963 2805 ¹3
1983 2772 2021 2806 (p.
2034 2772 2115 2805 ²⁶9²
2134 2770 2266 2799 “unin-

492 2813 503 2829 ⁴
522 2822 542 2840 R
561 2817 682 2841 omette=
697 2818 749 2847 per
766 2821 848 2847 quam
872 2814 971 2838 detrita
989 2814 1062 2846 regii
1071 2812 1166 2844 fastus
1189 2813 1308 2846 robigine
1362 2813 1375 2826 “
1387 2815 1495 2839 cendiis
1510 2815 1707 2848 ecclesiarum,
1719 2815 1976 2848 proscriptionibus
1988 2815 2264 2845 innocentium....,.

402 2857 484 2880 aciem
502 2857 599 2881 mentis
617 2857 742 2889 aexpaeddit.
762 2856 857 2889 Itaque
875 2859 921 2881 etc.
1440 2855 1460 2873 ¹¹
1481 2857 1618 2889 Onosms,
1638 2858 1691 2884 loc.
1710 2859 1758 2883 cit.
1779 2857 1888 2887 Questo
1901 2858 2020 2890 periodo
2038 2853 2159 2882 si'trova
2172 2855 2265 2882 anche
2292 2854 2317 2876 ²

490 2896 502 2912 ⁵
519 2905 539 2923 a
559 2900 679 2925 omettez
697 2899 851 2931 raptimque
868 2899 899 2923 tn
918 2897 1015 2922 hostem
1036 2904 1163 2922 reversus.
1362 2899 1392 2923 in
1413 2899 1502 2930 Bana,
1522 2899 1645 2924 Historia
1662 2899 1835 2925 ecclesiastica
1849 2900 1940 2933 genas
1956 2899 2117 2933 Anglonm,
2130 2897 2201 2925 edla.
2214 2897 2265 2923 Al-
2305 2895 2324 2918 f'

492 2938 503 2954 ⁶
522 2948 541 2966 a
561 2941 717 2974 aggiungex
734 2947 815 2966 ovans
832 2946 974 2972 regrum-r.
1361 2940 1424 2965 fred
1443 2933 1558 2971 Holdef,
1586 2942 1738 2975 Freiburg,
1756 2941 1779 2974 1,
1799 2942 1830 2968 Β.
1849 2942 1906 2968 und
1932 2942 2090 2975 Tubingen,
2111 2939 2188 2972 188²,
2206 2939 2230 2972 1,
2245 2943 2264 2972 ’7
2309 2940 2311 2946 ’

490 2980 501 2998 ⁷
522 2981 661 3013 ansms,
684 2982 745 3014 VII,
765 2987 806 3014 23,
830 2987 891 3007 1-12
913 2980 972 3013 (pp.
993 2980 1130 3014 ²⁶3·²⁶5)·
1362 2982 1399 3015 (p.
1422 2983 1475 3013 ι2).

491 3021 503 3039 ⁸
523 3025 704 3055 Eunomus,
721 3024 773 3056 IX,
792 3023 827 3050 26
846 3023 885 3056 (p.
909 3022 981 3056 166).
1441 3021 1464 3040 ²¹
1482 3024 1573 3055 Bana,
1591 3024 1646 3050 loc.
1665 3026 1716 3052 cit.
