2398 3470
213 705 263 722 aug.
281 700 304 716 Αἰ

214 810 264 828 aug.
282 810 306 827 29

152 1006 231 1026 l'tclor
244 1006 281 1025 JV
291 1004 362 1027 anlip.

174 1033 186 1056 †
202 1039 226 1052 20
243 1037 291 1056 apr.
315 1032 363 1055 1164

207 1076 227 1089 c.
243 1069 301 1094 239h

175 1125 230 1147 sept.
249 1124 272 1141 18
289 1123 338 1146 1163

200 1235 219 1250 ς,
236 1229 289 1248 febr.
306 1230 317 1247 (ἦ

214 1282 265 1301 mai.
285 1288 307 1305 ¹9

326 2185 357 2202 10

326 2607 359 2625 20

326 2818 357 2844 25

327 3029 360 3053 30

1148 240 1462 278 CHRONICON
1879 247 1962 284 [ΛΑ.
1982 248 2015 276 c.
2036 247 2230 283 ixsa-noa]

385 373 469 400 tere.
516 366 643 408 Sicque
674 365 806 396 factum
838 369 900 401 est,
926 362 1019 406 quod
1050 361 1252 401 Lombardi,
1284 362 1341 405 qui
1366 362 1456 395 inter
1486 363 1572 395 alias
1602 362 1761 396 nationes
1791 363 1961 398 libertatis
1991 364 2229 409 singularitate

384 419 592 464 gaudebant,
623 428 688 460 pro
712 416 915 455 Mediolani,
946 416 1077 448 inuidia
1101 426 1179 448 cum
1210 415 1416 448 Mediolano
1439 416 1572 458 pariter
1603 423 1808 450 corruerunt
1831 423 1866 451 et
1887 428 1925 451 se
1955 418 2228 451 Teutonicorum

383 472 539 506 seruituti
563 472 686 503 misere
718 469 956 502 subdiderunt.
1002 469 1161 502 Audiens
1191 476 1307 501 autem
1329 470 1518 512 imperator
1548 469 1789 502 Alexandrum
1819 481 1946 514 papam
1972 471 2167 515 perrexisse
2194 471 2228 504 in

385 525 526 564 Gallias,
556 530 713 556 metuens
739 533 782 555 ne
806 534 825 554 a
850 523 1062 554 Francorum
1094 533 1178 566 rege
1210 523 1436 565 reciperetur,
1468 523 1590 555 nuntio
1621 524 1668 556 ad
1699 534 1778 556 eum
1808 524 2014 558 festinanter
2042 525 2230 563 mandauit,

382 589 507 622 rogans
530 584 567 610 ut
598 577 690 620 apud
722 577 883 608 Diionem
914 576 1043 619 pariter
1076 577 1315 615 conuenirent,
1340 583 1374 609 et
1405 576 1569 620 quicquid
1601 577 1645 609 de
1676 587 1768 620 papa
1799 576 2001 612 Alexandro
2027 584 2063 611 et
2085 578 2230 612 Uictore
2276 577 2295 609 5

384 633 433 664 eis
457 637 548 663 esset
570 630 781 669 faciendum,
814 629 1129 662 ecclesiasticarum
1161 639 1387 672 personarum
1410 629 1541 662 iudicio
1572 629 1759 663 difinirent.
1807 629 1915 669 Quod
1945 630 2088 664 uerbum
2115 630 2232 665 Lodo-

386 686 464 717 uico
487 684 562 728 regi
586 684 798 715 Francorum
828 682 1015 715 admodum
1047 682 1190 724 placuit,
1214 682 1275 725 qui
1297 683 1333 714 in
1356 683 1486 725 prefixo
1510 683 1567 715 die
1591 688 1627 715 et
1650 685 1797 717 termino
1821 694 1899 717 cum
1922 685 2042 727 paucis
2063 684 2232 718 militibus

383 739 429 771 ad
454 738 567 770 locum
591 737 814 769 constitutum
838 736 944 774 uenit,
968 740 1020 767 set
1042 736 1288 778 imperatorem
1310 734 1439 768 ibidem
1465 736 1606 768 minime
1623 736 1766 769 invenit.
1812 736 1935 770 Altera
1956 743 2071 771 autem
2094 737 2152 771 die
2167 737 2231 770 im-

388 796 527 834 perator
551 800 627 822 cum
651 800 778 833 magna
801 799 903 820 manu
926 788 1069 820 militum
1095 794 1130 820 et
1152 788 1305 831 peditum
1331 794 1366 821 et
1389 799 1467 821 cum
1500 789 1694 822 Octauiano
1717 790 1764 823 ad
1787 789 1948 823 eumdem
1977 790 2091 823 locum
2113 790 2232 824 uevire

383 844 517 877 curauit
531 843 551 876 ¹.
599 842 706 881 Quod
721 854 784 875 rex
799 842 948 874 Francie
972 852 1201 885 cognoscens,
1226 841 1299 874 eius
1314 843 1484 875 versutias
1507 848 1675 882 metuens,
1698 843 1820 875 uenire
1844 843 1890 876 ad
1905 843 1998 876 illius
2022 843 2231 888 colloquium

385 898 567 930 recusauit.
614 896 734 934 Quare
759 896 945 938 imperator
967 895 1178 938 indignatus,
1202 906 1280 928 cum
1304 895 1501 928 Octauiano
1525 894 1561 927 in
1584 895 1825 929 Alamanniam
1857 896 1972 930 rediit.
2017 896 2231 931 Octauianus

385 958 497 984 autem
521 950 769 993 aliquantulum
786 950 819 981 in
844 948 1051 981 Alamannia
1075 949 1283 986 demoratus,
1299 958 1365 981 nec
1381 949 1426 981 ab
1438 948 1642 982 Alamannis
1663 956 1866 983 reuerenter
1889 956 2070 993 exceptus,
2091 950 2234 984 intrauit

387 1004 531 1042 Italiam,
556 1010 590 1036 et
614 1009 692 1045 post
715 1003 781 1035 hec
805 1003 958 1035 Luccam
981 1001 1134 1041 uenienti,
1159 1001 1290 1034 ibidem
1314 1012 1422 1045 usque
1446 1002 1492 1035 ad
1515 1003 1585 1037 uite
1609 1014 1670 1036 sue
1693 1003 1899 1036 terminum¹
1927 1003 2071 1037 mansit!

473 1058 610 1089 Interea
634 1057 714 1089 dum
747 1055 950 1088 Alexander
972 1066 1064 1098 papa
1094 1056 1189 1098 apud
1214 1055 1450 1088 Saluiniacum
1481 1062 1684 1096 moraretur,
1709 1057 1820 1099 primo
1843 1067 1904 1089 rex
1934 1056 2062 1101 Anglie
2086 1058 2132 1091 ad
2155 1067 2235 1092 eum

383 1112 537 1149 ueniens,
569 1111 680 1152 ipsum
712 1121 789 1143 cum
820 1110 983 1141 uniuerso
1015 1119 1124 1152 regno
1155 1119 1217 1141 suo
1248 1109 1285 1141 in
1309 1110 1486 1142 dominum
1517 1116 1553 1143 et
1576 1116 1709 1153 patrem
1739 1111 1875 1153 recepit
1886 1110 1910 1144 ³.
1956 1110 2040 1144 Post
2070 1110 2138 1144 hec
2167 1121 2231 1144 rex
2257 1110 2298 1143 15

385 1164 533 1197 Francie
558 1174 636 1196 cum
661 1169 734 1196 tota
757 1163 939 1196 Gallicana
963 1162 1114 1194 ecclesia
1136 1173 1214 1195 eum
1237 1173 1301 1205 pro
1325 1163 1509 1196 uniuersali
1534 1174 1627 1206 papa
1648 1164 1834 1206 recipiens,
1865 1164 2056 1197 honorifice
2083 1163 2235 1198 Parisino

388 1228 495 1260 usque
520 1218 663 1250 deduxit
677 1217 700 1249 ⁴.
747 1217 843 1259 Papa
865 1222 979 1248 autem
1003 1215 1207 1248 Alexander
1229 1226 1348 1259 regem
1375 1217 1521 1250 Francie
1545 1224 1580 1251 et
1603 1216 1729 1261 Anglie
1754 1218 1975 1256 conueniens,
1998 1228 2123 1260 pacem
2145 1218 2235 1251 inter

385 1281 444 1303 eos
468 1277 502 1303 et
525 1271 748 1303 concordiam
771 1269 986 1302 reformauit.
1033 1269 1105 1308 Qui
1117 1279 1188 1301 non
1203 1269 1311 1302 multo
1327 1276 1405 1312 post
1420 1270 1573 1302 Turonis
1596 1270 1792 1303 uniuersale
1816 1271 2005 1304 concilium
2029 1270 2234 1311 celebrauit,

385 1324 420 1356 in
443 1334 511 1367 quo
541 1323 800 1365 archiepiscopi
833 1323 988 1365 episcopi
1020 1322 1164 1355 abbates
1194 1322 1333 1366 Anglie‚
1367 1323 1522 1362 Scozzie,
1554 1323 1746 1367 Hybernie,
1776 1324 2032 1368 Hyspaniarum
2063 1329 2100 1357 et
2127 1324 2235 1358 totius

385 1377 498 1410 Gallie
523 1382 761 1410 conuenerunt
772 1376 794 1408 ⁵.
840 1375 891 1408 Eo
915 1381 1073 1418 tempore
1097 1376 1274 1409 Corradus
1297 1377 1438 1420 quidam
1469 1377 1594 1410 nobilis
1618 1377 1766 1410 clericus
1796 1377 2006 1410 Alamannie
2028 1383 2063 1410 et
2085 1378 2236 1421 impera·
2257 1379 2300 1410 20

384 1431 468 1463 toris
492 1430 779 1473 consanguineus,
804 1430 863 1472 qui
878 1429 914 1461 in
937 1428 1145 1472 Maguntina
1169 1429 1319 1463 ecclesia
1342 1436 1418 1463 erat
1440 1430 1582 1470 electus,
1606 1430 1729 1463 nolens
1752 1431 1941 1464 Octauiani
1956 1437 1991 1464 et
2012 1431 2234 1474 imperatoris

383 1483 532 1517 scismati
557 1483 765 1522 consentire,
789 1483 975 1515 ecclesiam
991 1493 1087 1515 suam
1111 1484 1287 1521 deserens,
1310 1484 1493 1527 ignorante
1516 1484 1736 1527 imperatore,
1751 1484 1799 1517 ad
1820 1483 2085 1527 A[lexandrum]
2108 1495 2236 1528 papam

382 1537 418 1568 in
441 1537 622 1570 Franciam
648 1536 795 1569 festinus
817 1535 972 1575 aduenit,
996 1547 1099 1579 quem
1114 1548 1206 1580 papa
1230 1537 1314 1569 satis
1329 1537 1481 1581 benigne
1496 1538 1681 1580 recipiens,
1707 1539 1922 1581 postmodum
1945 1548 2062 1571 secum
2086 1537 2235 1572 Romam

384 1601 491 1634 usque
516 1589 830 1628 deduxit;'dehinc
853 1590 890 1622 in
915 1590 1127 1623 cardinalem
1152 1597 1187 1623 et
1210 1590 1438 1624 Sabinensem
1461 1591 1662 1635 episcopum
1693 1592 1879 1635 promouit,
1903 1598 2076 1634 postremo
2099 1591 2137 1624 in
2157 1591 2236 1625 Ma-

381 1644 563 1688 guntinum
596 1643 899 1687 archiepiscopum
931 1643 1129 1677 sublimauit
1140 1643 1162 1677 ⁶.
1210 1643 1292 1683 Quo
1319 1645 1439 1677 audito
1470 1645 1660 1687 imperator
1690 1645 1741 1677 ira
1764 1651 1967 1684 commotus,
1999 1643 2232 1679 Christianum
2257 1645 2299 1678 25

2260 845 2298 876 10

474 1758 494 1776 1.
516 1751 685 1776 Lombardis
707 1751 730 1775 C
746 1765 757 1770 -
777 1752 807 1775 in
827 1752 858 1775 di
868 1753 963 1783 prima
982 1760 1069 1782 mano,
1087 1753 1221 1785 aggiunto
1234 1754 1284 1784 poi
1300 1755 1343 1777 ter
1361 1754 1406 1778 col
1420 1753 1499 1778 solito
1516 1753 1660 1778 inchx'ostro
1678 1753 1797 1778 sbiada'to
1819 1753 1842 1777 C
1858 1766 1867 1770 -
1887 1753 2023 1778 naciones
2045 1754 2068 1778 C
2084 1762 2098 1777 a
2115 1753 2206 1779 Arndt
2222 1765 2236 1772 -

383 1795 511 1819 liberatis
526 1795 548 1818 C
567 1808 600 1811 —
620 1802 644 1825 4.
665 1795 785 1818 nuncios
807 1794 831 1818 C
846 1802 860 1817 e
878 1793 971 1819 Arndt
989 1808 1021 1811 —
1041 1800 1065 1826 5.
1085 1795 1216 1819 Victores
1236 1795 1268 1819 dr·
1280 1796 1374 1827 prima
1391 1803 1480 1823 mano,
1498 1798 1616 1821 corretto
1629 1796 1851 1827 posterior-mente
1866 1803 1914 1820 con
1933 1803 2031 1821 rasura
2044 1796 2111 1820 G-
2124 1794 2150 1821 6.
2163 1794 2233 1820 diffi-

384 1838 479 1861 nirent
498 1838 521 1860 A
542 1850 552 1855 -
573 1837 659 1861 verbo
681 1838 704 1861 C
721 1850 754 1858 ÷
774 1836 800 1861 8.
819 1838 862 1861 set
881 1837 1081 1869 imperatorem
1102 1838 1221 1862 minime
1241 1838 1355 1862 invenit
1373 1837 1479 1862 ibidem
1502 1839 1524 1862 C
1541 1847 1554 1862 e
1573 1838 1665 1863 Arndt
1684 1852 1716 1856 —
1735 1845 1760 1871 9.
1780 1845 1883 1871 magna
1901 1838 2018 1870 ripetuto
2031 1837 2055 1861 Α
2070 1851 2102 1856 -
2119 1844 2159 1863 10.
2171 1844 2233 1863 ver—

383 1879 474 1903 sucias
496 1879 519 1903 C
536 1887 549 1902 e
568 1878 660 1903 Arndt
678 1892 711 1897 -
734 1885 773 1903 12.
793 1879 997 1903 Alamanniam
1015 1879 1040 1903 A
1057 1888 1071 1903 e
1091 1881 1115 1904 C
1132 1893 1165 1897 —
1189 1887 1230 1912 ¹9·
1247 1881 1340 1904 tocius
1363 1881 1387 1905 C
1403 1889 1415 1904 e
1434 1881 1525 1905 Arndt
1545 1894 1575 1898 -
1591 1887 1634 1905 21.
1647 1879 1810 1905 Octauiano
1823 1881 1877 1905 Be
1889 1879 1981 1909 Sauo,
1994 1887 2045 1905 non
2058 1881 2083 1905 A
2095 1887 2166 1905 como
2178 1879 2236 1906 dtu

385 1921 477 1946 Arndt
489 1934 521 1940 -—
542 1927 583 1946 22.
603 1921 768 1946 Alexander
787 1922 819 1945 di
829 1922 923 1953 prima
941 1929 1027 1952 mano,
1047 1925 1161 1947 corretto
1175 1923 1227 1954 poi
1243 1923 1287 1947 col
1301 1923 1380 1947 solito
1397 1923 1542 1947 inchiostro
1560 1923 1674 1947 sbtadito
1687 1923 1711 1948 C
1721 1936 1755 1940 —
1770 1929 1811 1955 ²3·
1826 1922 1896 1947 satis
1910 1922 2092 1954 raddopptato
2105 1922 2234 1954 dorium

383 1971 459 1988 muno
477 1972 492 1986 e
508 1966 624 1989 corretto
644 1964 669 1989 C
686 1977 717 1981 —
739 1969 780 1995 24.
800 1963 831 1988 in
851 1962 1063 1988 Sabinienslum
1086 1965 1108 1989 C
1124 1973 1139 1988 e
1157 1964 1247 1989 Arndt

389 2053 539 2084 “Morena‚
561 2054 599 2077 M.
624 2053 658 2078 G.
680 2054 715 2077 H.
737 2053 797 2083 SS„
815 2052 918 2083 XVIII,
938 2061 963 2086 p.
977 2052 1064 2086 638„.
1103 2054 1128 2077 A
1149 2061 1192 2078 me
1205 2055 1284 2087 piace
1431 2052 1436 2067 ⁴
1459 2055 1546 2085 Boso,
1566 2055 1650 2078 Liber
1676 2054 1788 2086 Pontis„
1809 2053 1842 2082 ΙΙ,
1866 2062 1892 2086 p.
1918 2059 1967 2085 405
1995 2061 2009 2078 e
2034 2061 2089 2086 sg.;
2116 2053 2149 2079 R.
2177 2060 2234 2078 non

386 2096 482 2119 invece
501 2095 531 2119 di
551 2095 719 2119 richlamare
739 2102 796 2120 una
820 2097 926 2128 pagina
945 2096 1076 2120 vibrante
1096 2094 1281 2128 d’Italianita,

385 2138 485 2161 scritta
510 2137 557 2161 dal
586 2137 733 2162 cardinale
760 2137 835 2161 Boso
864 2139 893 2162 in
923 2138 983 2162 Lib.
1013 2138 1130 2171 Ροηίιγῖ,
1158 2146 1184 2171 p.
1213 2146 1282 2170 411:

387 2179 542 2203 “Preterea
570 2179 645 2203 illud
675 2179 711 2203 ad
738 2179 901 2204 memoriam
930 2180 1063 2204 duximus
1091 2181 1282 2205 revocandum

385 2221 397 2233 “
412 2222 487 2252 quod
507 2223 671 2254 priusquam
691 2221 726 2245 ad
744 2222 922 2254 colloquium
942 2222 1017 2254 regis
1036 2222 1211 2247 Francorum
1231 2224 1282 2247 im-

387 2265 399 2277 “
411 2266 525 2296 perator
545 2266 605 2296 ipse
619 2265 771 2296 accederet,
786 2266 851 2298 post
865 2265 1088 2290 destructionem
1107 2265 1238 2290 Terdone
1251 2273 1282 2290 ac

387 2306 570 2331 “Mediolani
591 2308 620 2332 et
645 2306 747 2332 Creme
771 2308 863 2331 totam
889 2307 1088 2332 Lombardiam
1115 2308 1146 2332 in
1173 2310 1282 2332 tantam

385 2348 397 2361 “
412 2351 578 2374 servitutem
602 2350 747 2382 redegerat
765 2351 797 2374 ut
816 2357 874 2374 non
894 2350 987 2374 solum
1014 2350 1071 2374 alia
1091 2357 1189 2374 eorum
1207 2350 1282 2375 bona

388 2392 400 2404 ⁸⁴
412 2391 554 2416 violenter
574 2392 705 2423 auferret,
727 2393 769 2416 set
788 2392 885 2421 etiam,
904 2392 980 2424 quod
1000 2392 1076 2417 inter
1095 2399 1222 2424 paganos
1237 2393 1282 2417 ab·

386 2432 399 2445 ‘¹
411 2441 477 2465 sque
491 2434 611 2466 capitali
625 2441 697 2466 pena
709 2442 766 2458 non
778 2435 959 2466 presumitur,
975 2434 1177 2459 ministeriales
1191 2435 1282 2467 ipsius

387 2475 401 2488 “
413 2483 515 2500 uxores
528 2478 555 2500 et
568 2476 642 2501 filias
662 2484 759 2501 eorum
780 2477 940 2508 diriperent
953 2478 981 2502 et
996 2478 1111 2509 impune
1131 2477 1209 2501 abuti
1224 2485 1282 2501 non

388 2518 609 2544 “formidarent.
646 2519 702 2543 Pro
727 2519 785 2543 hiis
811 2526 878 2551 ergo
904 2520 932 2543 et
952 2519 1017 2543 aliis
1044 2511 1282 2552 importabilibus

388 2560 401 2572 ‘⁴
413 2560 496 2585 malis
509 2560 610 2585 Veneti
627 2568 690 2585 cum
703 2561 925 2592 Veronensibus,
940 2561 1094 2590 Paduanis,
1107 2561 1281 2589 Vicentinis.

388 2602 439 2626 “et
459 2610 520 2627 cum
539 2605 602 2627 tota
622 2604 678 2628 sibl
699 2604 846 2628 adiacente
858 2603 987 2628 Marchia
1006 2604 1118 2628 occulte
1132 2611 1161 2628 se
1180 2612 1282 2628 conve-

389 2645 515 2669 “nerunt
534 2648 561 2669 et
585 2653 667 2678 super
686 2646 777 2670 tantis
803 2647 1022 2679 oppresionibus
1048 2646 1158 2670 diutius
1184 2647 1283 2671 confe-

389 2687 402 2699 “
414 2689 514 2716 rentes,
534 2688 647 2712 tandem
661 2689 768 2721 pariter
782 2690 949 2713 iuraverunt
967 2688 1052 2721 quod,
1071 2688 1152 2712 salvo
1168 2689 1280 2721 imperii

388 2727 401 2741 ‘¹
413 2730 534 2761 antiquo
547 2730 616 2761 iure,
632 2731 705 2755 nihil
720 2731 844 2763 amplius
857 2732 890 2755 de
904 2732 997 2756 cetero
1013 2731 1138 2755 facerent
1153 2731 1283 2763 predicto

389 2770 583 2804 “imperatori
604 2772 661 2796 nisl
680 2773 755 2803 quod
774 2773 809 2797 ab
828 2773 957 2805 antiquis
977 2772 1204 2797 antecessoribus
1224 2772 1283 2797 suis

389 2812 473 2837 “eius
492 2813 694 2842 decessoribus,
714 2814 823 2839 Carolo
842 2815 979 2840 videlicet
1003 2817 1088 2847 atque
1114 2815 1164 2839 alli
1186 2815 1282 2839 ortho-

389 2854 497 2879 “doxis
516 2856 734 2887 imperatoribus
754 2859 866 2882 constat
886 2857 1056 2882 exhibitum.
1088 2855 1200 2885 Quibus
1214 2864 1282 2881 una-

389 2897 403 2909 “
415 2898 531 2921 nimiter
550 2898 700 2922 associatis
719 2900 746 2923 et
766 2899 953 2924 iurisiurandi
979 2900 1121 2932 religione
1145 2900 1283 2930 astrictis,

390 2938 548 2970 “ceperunt
568 2939 630 2964 loca
655 2947 706 2964 sua
731 2941 868 2974 paulatim
898 2942 1018 2971 munire,
1036 2940 1282 2965 Theutonicorum

391 2980 403 2992 ‘⁴
416 2980 584 3005 insolentias
603 2982 749 3006 cohercere
767 2985 795 3006 et
814 2990 884 3015 quos
897 2983 1083 3007 inveniebant
1096 2983 1151 3006 sibl
1167 2982 1283 3006 rebelles

390 3021 403 3034 ¹¹
415 3023 550 3047 audacius
570 3024 736 3056 propulsare
746 3043 769 3055 „.

1338 2097 1447 2121 sembra
1465 2097 1536 2121 bene
1556 2097 1723 2121 informato.

1427 2137 1438 2154 ²
1449 2139 1537 2169 Insa,
1550 2138 1584 2170 11,
1598 2146 1626 2172 p.
1639 2146 1706 2171 410:
1722 2138 1736 2152 ‘¹‘
1746 2138 1852 2163 Eodem
1866 2140 1993 2172 tempore
2004 2137 2098 2172 (¹¹²4)
2110 2138 2237 2164 infelicis

1340 2183 1354 2196 ¹‘
1366 2183 1500 2206 memorie
1519 2181 1698 2206 Octavianus
1717 2182 1896 2206 heresiarcha
1917 2181 2076 2206 infirmatus
2094 2182 2136 2206 est
2161 2181 2236 2214 apud

1339 2225 1352 2238 ⁸
1362 2224 1477 2253 Lucam,
1488 2224 1535 2248 ubi
1550 2224 1625 2249 circa
1640 2224 1743 2248 festum
1757 2224 1890 2256 paschale
1905 2224 2077 2256 impenitens
2086 2225 2115 2248 et
2125 2230 2237 2248 excom-

1338 2268 1351 2281 ⁴‘
1364 2268 1525 2291 municatus
1545 2267 1580 2291 de
1604 2267 1658 2291 hoc
1678 2266 1785 2291 mundo
1805 2267 1944 2298 migravit
1962 2266 1998 2290 ad
2019 2266 2162 2291 inferos..
2176 2282 2236 2297 ..„.

1426 2307 1437 2325 ³
1455 2308 1544 2340 Imm,
1569 2317 1596 2342 p.
1623 2314 1692 2341 407:
1721 2308 1777 2333 “In
1804 2308 1904 2333 diebus
1930 2308 1992 2333 illis
2016 2308 2162 2342 predictus
2187 2315 2236 2332 rex

1340 2350 1353 2363 “
1365 2350 1517 2384 (Henrious
1526 2350 1564 2383 11)
1577 2351 1740 2383 Anglorum
1753 2351 1911 2383 dompnum
1924 2349 2121 2375 Alexandrum
2134 2356 2236 2384 papum

1339 2393 1352 2406 ‘⁴
1364 2393 1440 2425 apud
1459 2393 1584 2418 Dolense
1603 2393 1810 2417 Monasterium
1829 2391 1926 2425 (Deols
1945 2392 1972 2416 in
1991 2392 2091 2416 diocesi
2107 2391 2138 2416 di
2153 2392 2237 2416 Bour-

1339 2434 1352 2447 “
1364 2434 1436 2468 ges),
1456 2435 1599 2468 corporali
1620 2435 1765 2468 presentia
1784 2434 1920 2459 visitavit
1939 2435 1967 2459 et
1980 2434 2015 2458 ad
2034 2434 2095 2458 eius
2113 2433 2236 2467 vestigia

1339 2477 1511 2503 “humiliter
1530 2477 1659 2510 procidit
1671 2496 1676 2501 .
1741 2494 1766 2508 „.
1802 2476 1858 2506 Cf„
1879 2484 1955 2509 pure.
1975 2477 2084 2507 Mutat,
2106 2476 2235 2502 collectio

1338 2528 1404 2549 can„
1423 2520 1498 2551 XXI,
1521 2525 1598 2552 1015,
1619 2520 1733 2551 epistola
1753 2520 1791 2544 ad
1808 2519 1974 2544 Ludo-vicum
1992 2527 2094 2551 regem.

1427 2561 1438 2577 ⁴
1458 2562 1543 2594 lusu,
1565 2570 1592 2595 p.
1611 2561 1681 2595 408:
1701 2562 1876 2586 Alessandro
1895 2561 1944 2592 111,
1963 2561 2040 2594 dopo
2061 2561 2162 2586 essersl
2181 2560 2235 2585 ser-

1338 2607 1415 2629 mato
1435 2605 1529 2630 alcuni
1549 2605 1648 2638 giorni
1667 2612 1683 2629 a
1702 2604 1804 2634 Tours,
1826 2603 2021 2629 “adveniente
2040 2604 2134 2628 autem
2158 2601 2234 2631 Qus.-

1339 2647 1353 2660 “
1364 2647 1533 2680 dragesima,
1551 2647 1727 2679 colloquium
1746 2646 1896 2671 habiturus
1910 2646 1945 2671 ad
1959 2645 2149 2671 Parisiensem
2162 2646 2233 2670 civi-

1339 2689 1351 2701 “
1363 2691 1452 2714 tatem
1471 2689 1591 2714 accessit
1601 2708 1625 2722 η.

1425 2729 1436 2746 ⁵
1455 2731 1541 2760 InaM,
1560 2731 1615 2755 loc.
1635 2730 1698 2756 cita
1717 2730 1827 2755 “Anno
1841 2730 1932 2762 igitur
1945 2730 2089 2754 dominice
2103 2729 2234 2754 Incarus-

1338 2773 1454 2797 “tionis
1473 2772 1631 2804 MCLXIII,
1657 2773 1743 2797 indic.
1763 2772 1811 2804 XI,
1830 2779 1907 2797 anno
1932 2774 2036 2804 quarto
2056 2773 2099 2796 sui
2119 2769 2234 2805 pontifl-

1340 2815 1353 2828 “
1363 2818 1452 2844 catus,
1472 2815 1551 2840 XIIII
1571 2816 1634 2841 Kal.
1656 2817 1741 2846 iunii,
1759 2817 1918 2849 sepedictus
1937 2815 2104 2840 Alexander
2117 2822 2190 2848 papa
2202 2816 2233 2840 ln

1339 2857 1352 2870 ⁸
1362 2858 1481 2882 ecclesia
1495 2859 1587 2883 sancti
1597 2858 1731 2883 Mauricli
1742 2858 1870 2882 Turonis
1880 2857 2036 2882 concilium
2046 2857 2202 2882 celebravit
2210 2874 2232 2889 ,,

1338 2900 1574 2925 coll‘intervento
1594 2902 1622 2925 di
1640 2906 1671 2932 17
1691 2900 1841 2930 cardinali,
1856 2906 1906 2933 ¹²4
1925 2900 2050 2929 vescovi,
2063 2906 2115 2932 414
2127 2899 2233 2930 abbati,

1338 2941 1412 2966 oltre
1432 2942 1507 2975 preti
1528 2950 1542 2966 e
1560 2943 1670 2975 popolo
1690 2941 1934 2966 numerosissimo.

1426 2982 1437 2998 ⁶
1456 2983 1498 3008 La
1518 2985 1630 3009 notizia
1651 2985 1681 3008 dl
1700 2983 1733 3009 R.
1753 2982 1768 3008 ὲ
1788 2991 1862 3008 vera.
1900 2983 1955 3014 Cf,
1969 2984 2043 3008 oltre
2052 2983 2136 3011 Boso,
2150 2983 2233 3008 Liber

1342 3026 1516 3059 l'ontificalis,
1538 3026 1572 3056 11,
1599 3032 1659 3058 417,
1679 3026 1706 3050 la
1725 3026 1804 3051 bolla
1826 3026 1856 3050 di
1876 3025 2050 3050 Alessandro
2075 3023 2116 3049 111
2133 3024 2178 3050 del
2200 3031 2237 3060 14*

2263 2228 2298 2256 3⁵

2263 2442 2298 2468 40

2262 2650 2295 2677 45

2261 2862 2296 2889 50

2390 1692 2398 1783 ὲ

2389 1785 2398 1870 ³
