2398 3470
113 252 197 288 [ΑΛΒ
216 252 250 281 0·
269 253 423 287 ³08433]
883 246 1198 284 CHRONICON
1922 243 1970 284 77
2010 255 2087 280 κω..
2102 261 2137 276 ee.
2152 256 2215 280 ⁷⁸-79

198 377 292 411 Anni
315 378 454 410 Domini
477 378 656 411 CCCVIII
679 377 925 416 Constantinus
947 377 1143 411 Constantii
1167 387 1211 410 ex
1234 376 1439 410 obscuriore
1463 376 1686 409 matrimonio
1710 376 1847 409 Helene
1872 376 1974 416 filius,

93 431 95 434 ’
112 437 150 465 et
170 431 208 464 in
229 432 309 464 loco
331 431 439 474 patris
455 431 736 473 exoptatissimus
759 440 800 462 ac
817 431 1027 469 moderator,
1043 431 1079 462 in
1094 430 1273 464 Britannia
1297 429 1443 462 effectus
1458 429 1648 471 imperator
1671 435 1732 468 est,
1748 430 1975 473 regnauitque

112 484 210 517 annis
232 494 307 517 xxx
333 484 509 517 mensibus
532 494 557 516 x
570 483 591 517 ¹.
643 485 658 502 ⁴⁴
671 482 730 516 Ab
754 494 844 516 anno
872 490 987 516 autem
1010 483 1264 526 persecutionis
1291 488 1428 525 quarto,
1453 482 1655 515 Maxentius
1682 483 1839 515 Herculii
1862 483 1975 515 Maxi-

117 530 251 571 “miani
274 537 364 570 filius
387 537 501 570 Rome
525 537 702 581 Augustus
723 536 931 579 appellatur.
978 537 1135 570 Licinius
1157 536 1269 569 Dacia
1292 535 1470 574 oriundus,
1502 535 1705 568 Constantie
1729 537 1858 568 sororis
1882 536 1977 569 Con-

69 590 88 623 5
117 591 286 624 “stantiui
309 591 374 629 uir,
398 591 578 624 Carmunti
602 591 792 633 imperator
815 595 951 622 creatus
965 614 995 629 „.
1042 591 1094 622 Ita
1117 589 1318 632 respublica
1340 595 1423 621 tunc
1446 588 1509 621 sub
1533 589 1635 621 nouis
1658 594 1823 631 quattuor
1845 589 1975 632 princi-

109 644 210 687 pibus
233 644 316 681 fuit3
341 644 581 683 Constantino,
605 650 640 677 et
661 642 837 676 Masentio
854 643 931 675 filiis
955 642 1189 687 Augustorum
1205 642 1343 676 Licinio
1367 648 1493 681 autem,
1511 648 1546 674 et
1570 641 1764 674 Maximino
1782 642 1978 675 hominibus

79 691 83 694 ⁴
112 697 211 731 nouis
221 697 246 730 ⁸.
292 696 445 730 'Deinde
469 697 590 740 quinto
613 696 890 739 persecutionis³
917 707 1018 734 anno,
1043 697 1135 729 inter
1161 695 1437 734 Constantinum,
1464 701 1498 727 et
1526 695 1742 728 Maxentium
1766 695 1895 728 bellum
1926 696 1978 728 ci-

108 750 180 783 uile
197 757 354 784 exortum
372 756 434 784 est.
479 749 677 783 Maxentius
699 759 783 792 sepe
799 749 917 781 multis
932 750 1053 792 preliis
1076 749 1271 792 fastigatus,
1287 749 1408 782 ultime
1433 749 1479 781 ad
1495 754 1641 790 pontem
1663 748 1835 781 Moluium
1852 749 1978 788 uictus,

111 809 146 837 et
168 804 375 837 interfectus
399 810 459 837 est.
506 803 719 836 Maximinus
741 802 994 845 persecutionis
1016 803 1188 842 incentor,
1212 808 1447 845 executorque
1472 801 1726 840 infestissimus,
1742 802 1837 845 apud
1861 802 1974 834 Thar-

4 854 8 866 ’
48 857 89 890 10
110 867 198 896 sum,
222 857 305 890 dum
329 857 434 890 ciuile
460 856 590 890 bellum
615 862 738 889 contra
759 855 934 889 Licinium
959 856 1124 898 disponit,
1146 855 1266 889 interit
1277 855 1302 888 ⁴.

927 951 1120 984 Jerom‘mus
1131 950 1145 971 ⁶
1151 963 1163 984 :

200 1027 372 1061 Siluester
393 1019 534 1061 natione
559 1027 740 1060 Romanus
764 1037 807 1059 ex
830 1032 928 1070 patre
951 1027 1094 1066 Rufino,
1109 1033 1189 1069 post
1203 1026 1417 1060 Melciadem
1440 1037 1618 1059 romanam
1640 1026 1849 1070 gubernauit
1866 1026 1981 1059 eccle-

109 1081 205 1121 siam,
228 1081 386 1124 seditque
410 1081 509 1113 annis
532 1090 625 1113 xxn1
643 1080 819 1113 mensibus
833 1090 871 1112 1x
886 1079 908 1112 ⁶.
954 1080 1023 1112 Hic
1046 1080 1323 1122 persecutionem
1338 1079 1557 1113 Constantini
1574 1080 1686 1122 primo
1704 1080 1853 1123 fugiens,
1870 1079 1976 1112 exilio

21 1176 23 1178 ¹
109 1133 176 1167 fuit
199 1134 236 1166 in
259 1139 377 1167 monte
402 1134 534 1177 Sirapti
547 1133 575 1166 ⁷:
601 1139 636 1167 et
659 1134 881 1177 postmodum
905 1133 1048 1166 rediens
1072 1143 1150 1166 cum
1172 1133 1294 1176 gloria,
1321 1133 1510 1175 baptizauit
1534 1133 1683 1165 eundem
1715 1133 1978 1166 Constantinum

15 1209 20 1211 -
49 1186 87 1219 15
110 1186 306 1231 Augustum
318 1186 340 1220 ⁸.
384 1186 456 1220 Sed
479 1187 560 1231 quia
583 1188 627 1220 de
652 1188 727 1232 ejus
741 1186 913 1229 baptismo
935 1186 1033 1219 uaria
1047 1186 1215 1228 scripture
1238 1186 1484 1228 pronunciant,
1501 1186 1690 1219 dicendum
1715 1186 1799 1218 mihi
1823 1185 1979 1224 uidetur,

20 1239 24 1246 ‘
110 1240 195 1284 quid
218 1240 356 1273 diuerse
381 1241 552 1283 scripture
576 1240 734 1277 sentiant,
760 1246 795 1272 et
818 1240 874 1272 cui
897 1240 1007 1283 magis
1030 1240 1117 1272 fides
1130 1240 1183 1280 ¹sit
1206 1239 1418 1273 adhibenda.
1466 1239 1506 1272 In
1531 1239 1699 1272 decretali
1728 1240 1877 1282 epistola
1907 1239 1977 1271 Eu-

109 1293 206 1332 sebii,
229 1293 319 1326 sicut
341 1293 418 1336 ipso
442 1299 603 1326 narrante
627 1293 866 1337 cognouimus‚
892 1293 1048 1338 legimus,
1073 1293 1221 1325 eundem
1238 1292 1431 1335 principem
1457 1298 1535 1335 post
1557 1292 1742 1326 uictoriam
1767 1292 1977 1331 Scitharum,

110 1346 169 1390 qui
193 1352 402 1380 transmeato
426 1346 587 1380 Danubio
603 1347 750 1379 Tracias
773 1352 1006 1385 uastauerant,
1022 1346 1159 1378 uenisse
1183 1346 1344 1384 Romam,
1361 1352 1396 1378 et
1411 1345 1456 1378 ab
1482 1345 1634 1378 Eusebio
1651 1347 1819 1389 episcopo
1835 1355 1978 1378 romano

21 1444 23 1446 Ι
109 1399 370 1440 cathecizatum,
396 1400 554 1443 quamuis
575 1401 612 1432 in
635 1400 750 1433 multis
773 1399 967 1438 codicibus
980 1399 1067 1432 uitio
1084 1399 1291 1442 scriptorum
1309 1399 1515 1442 reperiatur,
1532 1399 1681 1432 eundem
1698 1410 1719 1431 a
1734 1399 1874 1442 prefato
1891 1409 1979 1441 pon-

20 1475 27 1497 ς
43 1455 87 1487 20
109 1453 204 1486 tifice
227 1453 456 1497 baptizatum:
482 1454 578 1497 quod
600 1453 726 1487 falsum
750 1453 831 1487 satis
847 1453 1032 1487 euidenter
1057 1459 1211 1496 apparet.
1257 1452 1349 1492 Quis
1372 1453 1476 1493 enim,
1493 1458 1590 1485 tanto
1614 1453 1775 1496 principe
1791 1453 1979 1496 baptizato,

109 1559 205 1593 lare?
230 1567 266 1592 et
288 1561 386 1604 cujus
409 1567 484 1593 erat
505 1560 729 1603 Tarquinius,
756 1560 821 1592 nisi
843 1560 978 1593 romani
995 1560 1214 1602 imperatoris
1236 1560 1426 1602 prefectus,
1444 1560 1502 1602 qui
1526 1559 1750 1592 Timotheum
1766 1560 1981 1592 christianis-

109 1613 232 1646 simum
255 1614 361 1646 uariis
383 1614 564 1647 tormentis
586 1613 773 1653 interemit,
798 1620 833 1646 et
858 1613 1062 1647 Siluestrum
1087 1613 1243 1646 eiusdem
1267 1612 1447 1646 Timothei
1462 1613 1634 1655 hospitem
1659 1613 1828 1646 carcerali
1847 1614 1981 1646 manci-

107 1666 204 1710 pauit
228 1667 411 1700 custodia?
436 1673 471 1700 et
494 1668 593 1701 euius
617 1667 879 1710 persecutiones
903 1667 1042 1711 fugiens
1067 1666 1239 1700 Siluester
1263 1667 1468 1709 episcopum
1496 1668 1533 1698 in
1555 1673 1708 1699 montem
1736 1667 1867 1709 Sirapti
1893 1668 1980 1699 late-

34 1718 85 1754 --25
110 1718 208 1754 bram
231 1720 399 1753 fouebat?
425 1719 518 1759 Quia
540 1731 627 1753 uero
648 1721 766 1765 regius
790 1720 923 1753 animus
946 1720 1134 1763 implicitus
1159 1720 1252 1752 curis
1275 1730 1339 1762 per
1362 1720 1470 1752 multa
1494 1720 1715 1760 distenditur,
1738 1731 1759 1752 a
1781 1720 1886 1753 beato
1910 1721 1981 1753 Eu-

110 1773 208 1807 sebio
232 1774 467 1807 cathecizatus
491 1774 626 1807 distulit
649 1773 868 1818 baptismum,
899 1774 993 1816 quod
1024 1779 1154 1816 postea,
1178 1773 1320 1806 fauente
1349 1773 1473 1816 gratia,
1497 1773 1714 1806 reuelatione
1747 1774 1980 1816 apostolorum

109 1828 349 1866 commonitus,
374 1828 558 1861 occasione
582 1827 823 1870 recuperande
847 1827 967 1860 salutis
990 1838 1011 1859 a
1035 1827 1138 1860 beato
1161 1828 1356 1869 susciperet
1379 1826 1560 1860 siluestre.
1607 1827 1653 1859 Et
1675 1827 1726 1859 ita
1741 1828 1810 1860 hoc
1834 1838 1910 1860 esse
1925 1829 1978 1860 in-

112 1880 310 1914 dubitanter
334 1880 507 1914 catholica
530 1881 644 1914 credit
665 1880 815 1913 ecclesia
828 1880 851 1913 ⁹.
897 1880 988 1913 Illud
1011 1890 1107 1920 uero,
1132 1880 1227 1923 quod
1249 1881 1286 1912 in
1309 1880 1454 1912 historia
1477 1880 1718 1913 ecclesiastica
1740 1880 1915 1923 tripartita
1930 1882 1981 1914 le-

110 1934 218 1978 gitur-3
243 1944 392 1977 eumque
408 1944 517 1978 usque
533 1933 579 1967 ad
594 1939 739 1967 mortem
758 1933 930 1966 distulisse
954 1933 1137 1976 baptisma,
1152 1939 1186 1966 et
1209 1934 1244 1965 in
1262 1933 1375 1966 Nicea
1398 1933 1540 1966 ciuitate
1557 1933 1591 1965 in
1616 1933 1765 1966 Arriana
1781 1934 1851 1967 fide
1867 1934 1981 1978 bapti-

42 1986 89 2021 30
111 1993 236 2025 zatum,
259 1986 464 2021 mirabiliter
486 1987 651 2021 abhorret
674 1998 696 2020 a
718 1997 815 2020 uero.
863 1986 954 2026 Quis
977 1988 1070 2020 enim
1092 1987 1158 2019 nisi
1181 1993 1297 2019 mente
1321 1996 1443 2030 captus
1467 1987 1670 2025 crediderit,
1694 1993 1827 2020 tant-um
1857 1989 1982 2029 uirum,

111 2039 175 2074 sub
198 2051 269 2085 quo
293 2040 430 2074 Nicena
454 2040 607 2075 sinodus
630 2046 863 2074 trecentorum
889 2041 1012 2073 decem
1037 2047 1072 2073 et
1095 2046 1174 2073 octo
1197 2046 1334 2083 patrum
1358 2047 1568 2079 sanctorum,
1593 2041 1627 2072 in
1657 2052 1725 2084 qua
1748 2041 1836 2075 fides
1862 2048 1981 2075 nostra

110 2093 257 2127 recitata
280 2100 342 2134 est,
366 2100 402 2127 et
423 2093 547 2126 Arrius
570 2104 647 2127 cum
671 2093 740 2127 suis
765 2093 995 2136 complicibus
1019 2094 1237 2137 dampnatus,
1254 2093 1363 2126 errori
1387 2104 1423 2126 se
1439 2094 1546 2126 uellet
1570 2094 1763 2136 mancipari
1779 2095 1979 2138 dampnato,

111 2147 261 2183 maxime
286 2157 363 2181 cum
387 2153 422 2181 et
443 2146 584 2180 Arrium
607 2148 716 2180 sciret
737 2153 935 2180 sanctorum
959 2153 1109 2190 patrum,
1133 2154 1168 2179 et
1190 2158 1253 2180 sua
1276 2147 1485 2180 auctoritate
1502 2147 1737 2190 dampnatum,
1756 2154 1790 2181 et
1807 2148 1978 2182 Constan-

69 2253 87 2286 5
111 2264 132 2286 a
153 2253 383 2287 Constantino
406 2253 577 2298 Augusto,
598 2259 637 2286 ut
660 2264 780 2287 omnes
804 2253 964 2296 episcopi
988 2254 1056 2286 sint
1078 2254 1224 2287 subiecti
1249 2264 1392 2287 romano
1415 2254 1587 2296 pontifici,
1611 2259 1650 2286 ut
1671 2254 1805 2288 iudices
1827 2255 1978 2298 impera-

204 2376 228 2394 1.
248 2368 414 2396 Constaucli
438 2370 461 2394 C
478 2383 511 2388 —
532 2377 556 2395 2.
576 2370 739 2396 Brlttanuia
759 2371 784 2396 C
800 2383 812 2389 -
831 2369 938 2403 effetus]
956 2371 1070 2396 creatus
1091 2372 1115 2397 C
1156 2385 1165 2387 -
1185 2378 1208 2404 3.
1229 2377 1337 2396 menses
1359 2372 1383 2396 C
1399 2384 1410 2390 -
1429 2371 1628 2405 persecucione
1650 2372 1674 2397 C
1690 2384 1701 2390 -
1721 2371 1884 2397 Maxencius
1905 2373 1930 2398 C
1947 2386 1980 2391 -—

115 2419 139 2445 4.
158 2411 286 2445 apelatur
302 2412 329 2436 B
341 2411 365 2436 C
380 2425 392 2431 -
410 2411 564 2438 Con-tacte
579 2413 604 2438 C
621 2426 654 2431 —
673 2419 696 2444 5.
711 2412 740 2438 ln
760 2414 889 2445 tempore
907 2414 1021 2437 creatur
1037 2412 1060 2437 C
1071 2426 1103 2431 -
1124 2412 1149 2438 6.
1169 2414 1319 2439 Maxencio
1334 2414 1357 2438 C
1375 2426 1407 2431 -
1427 2418 1453 2445 7.
1466 2413 1643 2438 Maxencium
1660 2415 1683 2439 C
1695 2427 1727 2432 —-
1748 2414 1772 2439 8.
1787 2414 1928 2439 Molluum
1950 2428 1980 2432 -—

115 2461 141 2487 9.
160 2455 230 2486 aput
249 2454 274 2480 C
287 2467 318 2472 —
335 2461 376 2479 ιι.
391 2455 580 2488 Hieronymus
594 2456 618 2480 C
631 2467 664 2473 —
680 2461 721 2487 ¹3·
735 2462 826 2479 annos
842 2455 866 2480 C
877 2468 911 2473 —
929 2462 967 2485 15.
982 2455 1032 2479 Set
1049 2455 1072 2478 C
1087 2468 1097 2473 -
1118 2455 1195 2480 varie
1209 2456 1351 2488 scriptura
1370 2456 1521 2489 pronuciat
1536 2456 1559 2480 C
1571 2468 1581 2473 -
1596 2455 1682 2480 mIchi
1696 2455 1723 2479 B
1733 2456 1757 2480 C
1769 2469 1801 2473 —
1820 2456 1860 2481 16.
1873 2457 1983 2481 senciat

50 2513 55 2527 ζ
117 2496 140 2522 C
159 2509 190 2514 -
214 2501 254 2527 ι7.
274 2497 391 2522 natante
411 2497 435 2522 C
450 2509 462 2515 -
481 2497 624 2522 Sitharum
642 2496 667 2521 A
686 2510 720 2516 —
743 2497 783 2522 18.
804 2497 921 2522 Traelas
939 2497 966 2521 B
984 2510 1018 2515 —
1040 2504 1080 2530 19.
1099 2497 1301 2523 catechizatum
1315 2498 1342 2521 B
1359 2511 1371 2517 -
1390 2498 1465 2522 uicio
1489 2497 1512 2521 C
1530 2510 1541 2516 -
1562 2498 1699 2531 prephato
1721 2499 1746 2523 C
1763 2511 1795 2516 -—
1816 2504 1860 2524 21.
1874 2498 1982 2523 Mucia-

50 2542 84 2570 Η5
114 2538 177 2564 dem
194 2538 256 2564 BC
274 2551 306 2556 -
327 2544 369 2570 25.
388 2539 451 2571 dopo
469 2539 580 2564 animus
602 2538 626 2563 C
640 2540 794 2572 aggiunges
815 2539 904 2564 varlis
923 2552 957 2557 —
977 2539 1019 2564 26.
1038 2539 1248 2565 cathechizatus
1266 2540 1293 2563 B
1312 2555 1344 2559 —
1366 2541 1408 2566 28.
1426 2539 1549 2565 historia
1573 2539 1722 2573 tripartita
1746 2541 1938 2565 ecclesiastica
1960 2542 1984 2567 C

8 2581 15 2589 ⁴
63 2599 73 2615 s
115 2593 150 2599 —
169 2587 211 2613 ²9·
229 2587 294 2606 eum
313 2587 402 2614 usque
419 2579 446 2604 Β
464 2593 498 2599 -
517 2587 560 2613 30.
578 2581 693 2606 aborret
713 2581 737 2606 C
756 2594 785 2600 --
808 2587 853 2613 3¹·
871 2582 959 2606 Nicea
978 2582 1002 2605 Α
1024 2595 1055 2599 -
1075 2588 1119 2614 32.
1138 2582 1289 2607 damnatus
1301 2582 1328 2606 B
1345 2595 1356 2601 -
1374 2582 1511 2607 damnato
1531 2583 1557 2606 B
1576 2595 1609 2600 —
1629 2588 1672 2613 33.
1691 2582 1856 2608 damnatum
1868 2582 1929 2607 ΑΒ
1949 2597 1980 2600 -

63 2647 67 2653 ¹
116 2627 207 2655 33-34.
220 2621 504 2656 Constantinopolim
526 2623 551 2648 C

57 2723 59 2727 ι
203 2691 212 2710 ¹
232 2693 370 2724 Onosxus,
389 2693 451 2724 vn.
465 2692 509 2725 26.
531 2700 560 2724 ις
579 2694 759 2724 Eunomus,
773 2695 806 2724 X,
822 2701 853 2725 2;
873 2696 963 2726 ΒιωΑ,
978 2696 1020 2721 De
1162 2693 1172 2709 ⁷
1190 2695 1220 2720 L.
1240 2695 1284 2724 P..
1302 2695 1357 2722 loc.
1375 2696 1434 2727 cit„
1452 2696 1480 2720 in
1500 2696 1596 2720 alcuni
1615 2695 1721 2727 codici,
1741 2703 1822 2720 come
1842 2696 1878 2721 ad
1897 2704 1937 2722 es.
1951 2698 1980 2721 ln

50 2745 62 2753 ⁴
112 2741 158 2760 un
174 2738 226 2761 aet.
244 2737 290 2761 etc.
310 2737 351 2769 (p.
372 2734 444 2768 113).
480 2735 525 2761 Gli
545 2737 613 2760 nnnl
632 2736 677 2761 del
696 2743 786 2768 regno
805 2737 832 2761 di
847 2738 1020 2763 Costa-nemo
1074 2735 1117 2762 Α2
1137 2745 1151 2762 e
1170 2737 1195 2761 A
1202 2734 1235 2767 ¹⁶,
1254 2736 1304 2762 ha:
1323 2737 1439 2769 Syraptz‘
1455 2745 1469 2762 e
1488 2737 1640 2769 Syraptt'nf
1658 2738 1667 2761 i
1686 2737 1778 2762 codici
1798 2737 1845 2771 piu
1865 2741 1981 2763 autore·

113 2784 184 2803 sono
203 2779 360 2810 computati
373 2779 497 2803 secondo
511 2779 600 2809 near,
621 2777 728 2804 oro-{o
747 2777 784 2805 di
797 2779 824 2805 la
843 2779 916 2806 citra
928 2781 1019 2806 intera
1075 2779 1131 2803 voli
1151 2779 1291 2811 leggono:
1311 2778 1437 2804 Ser-actm
1457 2787 1471 2803 e
1490 2779 1606 2814 §orac-te.

52 2765 89 2834 ,ὁὶ

2024 392 2047 408 a.
2061 386 2088 411 C,
2103 388 2142 411 308

2027 712 2048 727 c.
2060 710 2104 730 ιο,
2115 706 2127 726 b

108 1506 253 1540 auderet
277 1507 474 1540 christianis
498 1517 623 1540 necem
647 1506 803 1540 inferre?
827 1507 873 1539 Et
895 1506 1025 1549 ipsum'
1048 1517 1228 1538 romanum
1253 1506 1453 1549 pontificem
1477 1506 1690 1539 Melciadem
1713 1507 1853 1539 nomine
1876 1507 1978 1552 jugu-
2029 1522 2042 1536 c
2065 1522 2092 1536 ιο
2113 1522 2127 1536 α

111 2200 268 2244 tinopoli,
290 2200 358 2233 Dei
379 2200 510 2244 judicio
533 2200 731 2243 turpissima
753 2206 863 2233 morte
887 2200 1092 2233 multatum?
1118 2199 1244 2233 Beatus
1268 2206 1382 2233 autem
1405 2199 1591 2234 Siluester'
1616 2200 1836 2245 priuilegium
1852 2202 1978 2234 meruit
2028 2218 2039 2232 c
2064 2218 2090 2232 ια

2033 1015 2144 1050 ,ςιἹτζὶωὶεν

2033 1049 2054 1063 a·
2070 1047 2096 1063 c.
2111 1048 2204 1068 'su-³3⁵

114 2815 145 2845 dt
168 2820 376 2845 trenmn'aunl.
1161 2821 1173 2839 ⁸
1192 2822 1237 2846 Da
1256 2820 1269 2834 ¹¹
1283 2822 1311 2846 ln
1327 2825 1481 2847 monte....
1492 2839 1506 2853 „
1527 2821 1563 2845 ad
1577 2822 1590 2835 ¹‘
1603 2822 1765 2854 Augustum
1779 2839 1792 2853 ,
1812 2823 1928 2855 coplato
1942 2823 1979 2847 da
2010 2828 2043 2847 2ο

202 2859 214 2877 ⁸
233 2861 415 2894 Eunomus,
435 2862 469 2894 X,
489 2869 506 2895 4
525 2861 564 2894 (p.
587 2862 657 2894 ¹7²)·
1074 2863 1105 2888 L.
1123 2863 1167 2892 P..
1186 2863 1241 2890 loc.
1259 2864 1307 2889 eit.

203 2901 215 2919 ³
233 2902 358 2935 Impera,
377 2903 440 2930 dise
459 2904 642 2930 Eunomus.
1162 2903 1174 2920 ⁹
1194 2903 1206 2918 ‘⁴
1219 2904 1328 2934 Quanti
1347 2905 1471 2931 faciendi
1485 2907 1523 2931 slt
1536 2905 1608 2931 haec
1624 2906 1791 2938 propo-itio,
1805 2908 1833 2931 et
1852 2915 1894 2937 ea,
1908 2914 1979 2939 quae

11 2979 13 2981 ι
58 2969 80 2979 ᾗ
205 2943 214 2961 ⁴
233 2945 417 2976 Eua-nomn,
435 2946 490 2972 loc.
509 2945 561 2972 clt.
1075 2948 1264 2979 “sequuntur,
1283 2947 1385 2974 eruditi
1406 2950 1523 2978 norunt,
1543 2947 1607 2973 vide
1629 2947 1749 2981 Paglum
1769 2949 1805 2973 sd
1828 2956 1874 2975 an.
1894 2955 1947 2981 3²4
1957 2966 1980 2981 ,„

72 2983 88 3015 3
204 2985 216 3003 ⁶
237 2985 455 3014 vindicatione
474 2987 505 3013 dl
523 2989 715 3021 Hieronymus
733 2990 779 3021 qui
801 2987 816 3014 ὸ
835 2990 986 3022 sbagllata.
1074 2993 1180 3015 annota
1199 2990 1219 3014 ΙΙ
1238 2990 1326 3015 Sanni.

205 3026 264 3055 ‘L
283 3029 327 3059 P..
345 3029 368 3062 1,
388 3036 430 3063 34,
451 3030 546 3056 huo.
566 3035 614 3059 ³³,
633 3037 665 3055 m.
686 3036 725 3055 ιο.
