2398 3470
63 906 103 940 10

126 250 211 290 [ΛΑ.
225 260 267 281 m.
282 253 364 281 3966
378 252 419 289 (u.
433 259 458 282 ο.
473 251 559 287 752)]
900 240 1218 281 CHRONICON

444 316 1618 327 -fflmsnwffl.mm.

1944 240 1992 276 43

1006 403 1123 437 Beda:

220 479 235 496 ⁴⁶
249 477 465 511 Octauianus
487 476 599 511 Cesar
620 474 798 520 Augustus
822 475 984 520 regnauit
1007 475 1107 508 annis
1129 484 1192 508 Lv1
1215 480 1250 507 et
1272 473 1450 507 mensibus
1473 483 1544 513 seX‚
1569 484 1591 506 a
1613 484 1682 519 quo
1706 473 1856 519 Augusti
1879 473 1999 517 appel-

131 531 220 564 “lati
241 541 345 575 reges
367 530 617 564 Romanorum.
665 528 824 567 Quorum
849 538 899 561 xv
922 528 1066 562 uiuente
1089 528 1288 571 Cleopatra,
1313 537 1376 559 xm
1393 532 1516 570 postea
1531 527 1619 560 uixit
1636 539 1755 561 annos.
1801 526 2001 562 Undecimo

131 584 307 630 “Augusti
329 582 441 617 anno'
465 583 653 617 deficiente
676 583 792 627 Judea
814 582 1019 626 pontificum
1041 581 1254 625 principatu,
1268 581 1430 614 Herodes
1445 581 1495 613 nil
1512 581 1558 613 ad
1582 591 1661 613 eum
1676 582 1864 624 pertinens,
1880 586 2002 624 utpote

83 637 102 681 5
131 637 335 682 “Antipatri
357 637 575 678 Ascalonite,
587 642 622 670 et
644 637 764 670 matris
789 635 945 679 Cipridis
967 635 1121 669 Arabice
1144 634 1234 668 filius
1256 646 1278 668 a
1301 634 1470 668 Romanis
1493 634 1684 678 Judeorum
1700 635 1854 679 suscepit
1869 635 2000 678 princi-

127 690 143 709 “
158 697 289 736 patum,
313 702 416 735 quem
439 688 550 724 tenuit
574 700 683 724 annos
706 700 796 722 xxvr
813 689 823 709 ¹
846 690 906 733 qui
930 700 974 722 ne
998 688 1172 733 ignobiles
1195 689 1298 727 forte,
1325 694 1361 721 et
1384 699 1405 721 a
1431 689 1624 732 Judeorum
1648 689 1779 722 semine
1795 695 2003 734 argueretur

129 747 364 787 “extraneus,
378 744 567 778 combussit
589 743 697 776 libros
720 753 852 783 omnes,
876 742 1001 786 quibus
1024 742 1187 775 nobilitas
1210 742 1325 786 gentis
1336 742 1448 785 Judee
1466 741 1502 774 in
1518 741 1650 785 templo
1674 741 1878 775 seruabatur
1894 742 2004 775 ascri-

131 800 146 817 “
159 804 238 843 pta:
262 803 301 832 ut
325 797 569 832 deficientibus
591 796 842 840 probamentis,
876 802 911 829 et
942 796 1016 839 ipse
1041 796 1086 829 ad
1109 796 1201 829 hanc
1224 796 1401 839 pertinere
1425 801 1617 838 putaretur.
1661 796 1809 839 Insuper
1833 796 1936 829 etiam
1964 801 2005 828 ut

128 852 143 870 ⁸
159 863 256 886 suam
279 851 433 886 sobolem
456 851 555 895 regio
578 851 717 884 illorum
746 850 867 894 generi
898 849 1151 889 commisceret,
1176 848 1334 893 projecta
1361 849 1493 883 Doside
1524 849 1657 882 femina
1685 849 2003 894 hierosolymitana,

130 907 145 926 ‘⁴
159 916 262 952 quam
285 905 444 949 priuatus
465 909 654 947 acceperat
675 914 831 944 uxorem,
848 908 883 936 et
899 908 982 936 nato
997 914 1041 936 ex
1056 912 1098 936 ea
1121 903 1193 936 filio
1216 901 1417 945 Antipatro,
1434 902 1545 936 sociat
1559 903 1626 935 sibi
1641 903 1872 936 Mariamnem
1896 903 2002 936 filiam

130 958 364 999 “Alexandri,
389 957 529 1002 n'eptem
551 956 745 991 Aristoboli
768 957 889 990 fratris
912 956 1082 1001 Hyrcani,
1106 957 1167 1000 qui
1191 962 1271 989 ante
1295 967 1374 989 eum
1398 967 1461 989 rex
1497 962 1532 989 et
1556 967 1708 989 summus
1730 957 1898 990 sacerdos
1931 963 2005 990 erat

131 1014 146 1032 ⁸
159 1013 360 1056 Judeorum.
406 1011 486 1045 Hec
510 1011 664 1055 quinque
687 1010 719 1044 ei
741 1010 830 1044 filios
853 1011 986 1055 genuit,
1011 1020 1158 1054 quorum
1176 1010 1264 1044 duos
1279 1009 1518 1043 Alexandrum
1543 1015 1579 1043 et
1593 1009 1832 1044 Aristobolum
1849 1011 1926 1054 ipse
1942 1021 2004 1043 ne-

130 1067 254 1100 “cauit
276 1067 313 1099 in
337 1065 505 1099 Samaria.
551 1065 629 1099 Nec
653 1075 762 1106 mora,
785 1070 863 1108 post
885 1065 990 1097 etiam
1014 1070 1161 1097 matrem
1176 1064 1327 1103 illorum,
1341 1075 1410 1108 qua
1426 1064 1476 1096 nil
1494 1064 1610 1097 carius
1633 1071 1790 1106 nouerat,
1806 1065 1910 1097 simili
1928 1075 2005 1098 sce-

132 1119 230 1153 “lere
253 1118 404 1163 peremit
416 1118 439 1152 ¹.
485 1118 516 1151 E
533 1118 658 1162 quibus
672 1116 894 1151 Aristobolus
911 1117 1090 1150 Herodem
1105 1128 1150 1150 ex
1165 1116 1351 1150 Vero'nice
1363 1116 1375 1133 ³
1390 1122 1594 1160 susceperat
1610 1117 1729 1158 filium,
1743 1129 1847 1161 quem
1863 1118 1898 1150 in
1915 1119 2003 1151 acti-

131 1175 146 1192 ⁸
159 1172 224 1207 bus
239 1172 490 1216 Apostolorum
506 1171 549 1205 ab
566 1171 693 1216 angelo
707 1181 908 1215 percussum
925 1171 1071 1215 legimus
1081 1169 1106 1204 ⁴.
1152 1170 1332 1204 Hactenus
1348 1170 1410 1214 qui
1426 1170 1644 1216 uocabantur
1658 1171 1794 1216 Lagide
1810 1171 1846 1203 in
1861 1171 2004 1216 Egypto

131 1229 397 1272 “regnauerunt
419 1235 530 1260 annos
553 1226 726 1260 ducentos
748 1225 939 1271 nonaginta
963 1225 1117 1270 quinque
1131 1223 1182 1266 „⁵.

64 1173 102 1208 15

856 1453 1043 1489 SEXTA
1080 1454 1269 1490 ETAS⁶.

216 1579 324 1614 Sexta
346 1579 431 1613 Etas
455 1579 499 1613 ab
523 1579 679 1613 aduentu
700 1578 841 1612 Domini
863 1579 1060 1619 inchoatur,
1086 1590 1164 1613 cum
1187 1579 1255 1612 Dei
1277 1579 1422 1613 uerbum
1455 1591 1537 1614 caro
1560 1580 1695 1614 factum
1725 1587 1791 1622 est,
1821 1581 2006 1615 transactis

128 1634 172 1667 ab
195 1634 354 1668 exordio'
378 1633 499 1666 mundi
520 1634 618 1678 juxta
632 1632 804 1674 Hebreos,
822 1633 920 1665 annis
942 1625 1436 1674 ffiDCCCCL11,⁴secundum
1452 1634 1676 1679 septuaginta
1690 1645 1776 1668 uero
1798 1635 2005 1679 interpretes

61 1689 104 1722 20
125 1689 208 1721 anni
230 1678 396 1722 VDVIII.
435 1687 541 1731 Juxta
564 1686 753 1720 Eusebium
769 1686 869 1720 annis
883 1678 1082 1721 VCXCIX.
1135 1689 1149 1705 “
1162 1686 1268 1720 Anno
1284 1687 1422 1720 Cesaris
1438 1689 1575 1732 augusti
1592 1698 1684 1722 xmr.
1722 1688 1757 1721 A
1779 1695 1891 1722 morte
1914 1700 2001 1723 uero

133 1741 362 1785 “Cleopatra
386 1746 422 1774 et
444 1739 599 1780 Antonii,
623 1741 765 1784 quando
783 1746 818 1774 et
833 1740 995 1785 Egyptus
1010 1741 1047 1773 in
1063 1740 1280 1784 prouinciam
1304 1751 1408 1774 uersa
1431 1747 1493 1781 est,
1518 1752 1609 1775 anno
1633 1743 1775 1777 XXVII
1798 1743 2008 1786 Olimpiadis

132 1797 147 1814 ‘⁴
160 1795 301 1839 quidem
323 1794 473 1829 CXCIII
485 1793 507 1828 ⁷.
554 1793 611 1827 Ab
634 1794 720 1827 urbe
744 1800 859 1827 autem
875 1795 1017 1828 condita
1032 1804 1123 1830 anno
1139 1794 1302 1828 DCCLII
1317 1794 1409 1829 idest
1431 1806 1524 1829 anno
1549 1806 1603 1837 eo,
1620 1807 1702 1840 quo,
1718 1797 1928 1840 compressis
1942 1807 2007 1840 per

132 1847 148 1866 ‘⁴
160 1849 279 1883 orbem
301 1854 393 1882 terre
416 1847 571 1892 gentium
588 1847 748 1888 motibus,
771 1847 1000 1881 firmissimam
1024 1848 1310 1892 uerissimamque
1326 1859 1452 1892 pacem
1468 1849 1686 1883 ordinatione
1702 1850 1770 1883 Dei
1785 1851 1894 1884 Cesar
1910 1861 2007 1883 com-

132 1903 286 1947 “posuit,
310 1902 407 1935 nasci
429 1901 591 1946 dignatus
622 1907 675 1934 est
696 1902 734 1934 in
757 1902 861 1935 terris
884 1902 1007 1935 Ihesus
1029 1902 1187 1936 Christus
1211 1902 1301 1935 filius
1325 1902 1403 1942 Dei,
1427 1913 1561 1948 suoque
1585 1909 1717 1937 sextam
1741 1903 1862 1937 mundi
1879 1911 2007 1938 etatem

132 1957 148 1974 ‘⁶
162 1955 382 1990 consecrauit
405 1954 559 1988 aduentu
572 1980 587 1996 „
606 1954 629 1988 ⁸.
676 1955 718 1987 In
741 1955 840 1999 cujus
856 1960 934 1988 ortu
950 1955 1169 1989 audientibus
1192 1955 1390 1989 hominibus
1414 1956 1610 1990 exultantes
1633 1956 1764 2001 Angeli
1786 1957 2005 1991 cecinerunt:

126 2009 246 2043 Gloria
267 2009 304 2042 in
327 2008 473 2042 excelsis
494 2008 584 2048 Deo,
601 2009 690 2041 etin
704 2013 799 2041 terra
821 2019 892 2051 pax
914 2007 1112 2042 hominibus
1134 2008 1227 2042 bone
1251 2009 1450 2043 uoluntatis.
1496 2010 1633 2044 Eodem
1650 2021 1791 2054 quoque
1807 2021 1898 2044 anno
1922 2017 2007 2045 tunc

125 2062 272 2106 primum
295 2062 388 2095 idem
411 2062 521 2096 Cesar
545 2072 671 2097 census
693 2061 906 2106 singularum
929 2061 1058 2107 ubique
1082 2062 1341 2105 prouinciarum
1365 2069 1400 2096 et
1423 2064 1561 2097 censeri
1585 2075 1705 2098 omnes
1728 2064 1884 2098 homines
1900 2064 2010 2099 iussit.

61 1954 103 1991 25

180 2193 185 2197 »
218 2188 244 2208 2.
261 2183 292 2208 ln
309 2182 335 2208 A
354 2189 447 2207 manca
466 2182 578 2211 l'anno:
590 2181 687 2208 XLVI
706 2196 739 2202 —
759 2189 785 2216 3.
799 2181 930 2212 Quorum
943 2183 1062 2209 uiuente
1081 2183 1236 2218 Cleopatra
1249 2190 1289 2210 xv
1302 2185 1402 2218 postea
1420 2185 1498 2211 uixit
1510 2192 1564 2211 xL1
1582 2185 1605 2210 C
1616 2199 1648 2203 —
1663 2194 1689 2218 4.
1702 2186 1775 2211 nihil
1787 2186 1814 2210 B
1828 2199 1861 2205 -
1881 2190 1906 2218 7.
1919 2186 2005 2223 Iudgg

130 2224 156 2249 A
172 2238 206 2244 —
225 2223 251 2250 8.
269 2225 360 2259 proba
378 2225 484 2251 mentls
501 2225 527 2249 A
546 2238 580 2243 --
598 2233 625 2259 9.
645 2231 711 2259 rege
722 2225 749 2249 B
767 2238 779 2244 -
798 2225 1032 2251 Ierusolimitana
1049 2225 1077 2250 B
1090 2225 1114 2250 C
1130 2238 1163 2244 —
1186 2233 1227 2252 ro.
1246 2225 1407 2252 Mar-lamen
1425 2227 1451 2252 A
1472 2241 1505 2246 —
1527 2235 1568 2259 ¹4-
1587 2228 1775 2254 Arlstobulos
1791 2229 1815 2253 C
1824 2229 1956 2262 aggx‘unto
1967 2237 2007 2254 :o-

125 2269 180 2299 pra
197 2267 225 2291 la
242 2267 313 2292 linea
332 2281 365 2286 —
388 2272 430 2300 ις.
447 2268 576 2293 Aetenuu
593 2268 619 2292 A
639 2281 673 2287 —
694 2268 737 2293 16.
762 2267 847 2293 annis
870 2267 894 2292 C
910 2281 942 2286 —-
965 2275 1006 2302 19.
1020 2268 1122 2294 Mundi
1139 2268 1249 2293 {naiale
1267 2271 1362 2294 ornata
1385 2269 1408 2294 C
1424 2282 1436 2290 -
1455 2270 1563 2296 Ebreos
1585 2271 1609 2295 C
1625 2284 1658 2290 —
1679 2278 1722 2304 ²3·
1741 2271 1873 2304 gencium
1892 2272 1920 2296 B
1933 2271 1957 2296 C
1972 2285 2007 2291 -

131 2315 175 2342 ²⁴·
198 2308 221 2333 C
234 2310 385 2343 aggiiaenget
405 2310 540 2335 dominus
557 2323 592 2328 —
612 2316 655 2343 27.
674 2308 784 2342 omnes]
807 2310 917 2335 omnies
940 2310 963 2334 C
979 2322 991 2329 ·
1011 2309 1141 2336 homines
1158 2318 1208 2336 om.
1232 2311 1256 2335 C

2038 248 2114 276 Mun„
2127 257 2160 272 cc.
2176 252 2238 276 ⁴6-47

2037 489 2058 504 a.
2074 489 2104 503 m.
2121 484 2174 508 ³966

2037 596 2056 611 c.
2071 590 2120 616 64b

2040 1129 2118 1153 Mun..
2134 1135 2154 1149 c.
2169 1134 2195 1155 47

2041 1652 2062 1667 c.
2077 1648 2126 1672 6511

86 2398 101 2427 5
216 2392 226 2412 ¹
243 2402 346 2427 xxxvx,
364 2395 425 2421 dice
444 2396 531 2422 Beda.
549 2395 596 2422 ef.
615 2404 667 2430 per
678 2396 701 2422 11
712 2396 812 2427 brano,
826 2403 842 2421 a
861 2395 1036 2422 comlnclare

127 2437 163 2464 da
179 2438 195 2453 ⁸
203 2438 328 2465 Herodes
338 2457 362 2472 „,
381 2440 536 2471 Essemus,
561 2440 624 2466 Chr.
634 2442 701 2472 post.
716 2441 764 2465 cst.
778 2439 902 2465 all’anno
916 2439 1038 2465 d’Abra-

128 2487 175 2507 mo
195 2481 271 2515 1984,
291 2482 362 2508 ediz-
381 2482 450 2514 Mal,
475 2489 503 2515 p.
529 2482 597 2516 364:
618 2483 631 2497 ³
643 2481 762 2515 Ἠρώδης
785 2478 966 2513 Ἀντιπάτροῖ)
991 2484 1037 2506 τοῦ

129 2521 339 2549 ’ἀσκαλωνιτου
357 2525 406 2550 καὶ
430 2525 526 2556 μετρὸς
551 2525 678 2556 κύπριδος
702 2524 843 2558 ἀραβίσσης
863 2525 938 2550 οὐδὲν
957 2524 1037 2550 αὐτοῦ

128 2566 143 2581 ⁴¹
154 2566 336 2599 προσήκουσαν
354 2566 402 2599 τὴν
421 2567 556 2592 Ἰουδκίων
575 2567 711 2599 βαιιλείαν
730 2567 781 2593 ὑπὸ
796 2565 930 2600 ιΡωμαίων
944 2568 1035 2601 ἐγκει-

72 2612 106 2634 ιο
129 2607 144 2623 ⁴¹
155 2609 322 2642 pignam...
334 2627 359 2643 η.

216 2650 227 2669 ¹
245 2652 374 2679 Fuvrus
399 2653 553 2684 burnus,
572 2656 612 2685 op.
631 2654 690 2683 cie..
713 2654 790 2685 XIV,
812 2661 823 2679 r
829 2653 862 2686 58
881 2661 953 2687 agg..
974 2659 1036 2687 30⁰,

130 2693 180 2727 467
199 2701 259 2729 ngg.
278 2694 338 2729 (pp.
357 2699 405 2727 251
429 2702 479 2728 sg„
500 2694 561 2727 276,
581 2693 632 2730 306
651 2695 695 2721 del
708 2695 764 2721 vol.
777 2695 841 2728 111).
877 2695 955 2721 Beda
969 2695 1037 2730 pero

129 2737 239 2770 attinge
255 2744 274 2763 a
291 2737 347 2763 San
367 2737 529 2768 Girolamo,
547 2737 601 2763 loc.
619 2736 670 2762 cst.

216 2776 228 2794 ³
245 2779 385 2809 Beronice,
410 2779 474 2805 dIce
499 2778 591 2810 Bedaz
618 2778 826 2811 Ἀριστοβουλος
844 2779 872 2804 δὲ
890 2780 1036 2814 βερενῑκην.

73 2821 104 2850 ¹5
129 2821 258 2848 merus
277 2822 427 2853 Iosmmus,
447 2822 517 2847 Bell.
531 2821 605 2851 Iud„
617 2821 638 2853 1,
654 2827 705 2855 55²
719 2829 752 2856 sg
766 2821 850 2855 (ediz.
863 2823 921 2855 cit„
932 2823 988 2850 vol.
1002 2823 1038 2854 V,

131 2869 157 2896 p.
178 2862 252 2896 τις).

217 2902 231 2921 ⁴
250 2906 365 2931 Manca:
390 2905 405 2920 ‘¹
413 2906 512 2931 Tertio
538 2906 614 2931 inter
638 2906 800 2938 Augustum
825 2907 854 2931 et
876 2907 1037 2933 Antonium

132 2945 220 2972 “orto
238 2947 324 2978 bello,
343 2948 419 2980 quod
438 2947 595 2979 Antonius,
614 2948 664 2981 qul
682 2948 783 2973 Astam
795 2949 823 2973 et
836 2948 983 2974 Orientem
996 2951 1037 2974 te-

132 2987 147 3003 ⁴‘
156 2989 251 3020 nebat,
269 2989 419 3022 repudIata
437 2996 535 3015 sorore
554 2990 690 3023 Augusti,
710 2989 891 3023 Cleopatram
914 2990 1038 3016 duxisset

73 3032 108 3054 20
133 3029 278 3058 ἀισι-ειη.
315 3032 462 3057 Antonius
481 3032 510 3057 et
530 3031 683 3065 Cleopatra
702 3033 787 3063 victu
813 3033 902 3057 semet
928 3032 1037 3058 interfl-

1092 2395 1107 2410 “
1116 2396 1209 2423 ciunt.
1246 2398 1274 2423 A
1292 2406 1348 2431 quo
1367 2399 1496 2433 tempore
1515 2399 1631 2433 quidam
1643 2400 1768 2434 prImum
1783 2407 1890 2426 annum
1904 2400 2003 2433 Augu-

1091 2437 1105 2451 ⁴‘
1117 2440 1158 2465 sti
1176 2441 1358 2466 monarchiae
1378 2443 1537 2475 supputant
1546 2459 1570 2474 ῃ.
1608 2442 1657 2468 Ma
1680 2450 1700 2468 a
1726 2449 1776 2476 per
1799 2443 1900 2476 questa
1922 2444 2004 2476 parte

1091 2488 1175 2515 segue
1193 2482 1395 2509 direttamente
1413 2484 1529 2515 Orosio,
1548 2484 1670 2510 sebbene
1688 2485 1741 2510 citi
1761 2485 1848 2511 Beda.

1180 2522 1192 2540 ⁶
1210 2525 1301 2557 Bam,
1321 2529 1360 2558 op.
1380 2527 1438 2555 cit..
1451 2527 1522 2552 ediz.
1535 2528 1594 2558 clt„
1607 2534 1636 2559 p.
1651 2534 1709 2552 110.
1748 2527 1779 2552 Si
1792 2528 1856 2553 noti
1869 2528 1920 2553 che
1933 2535 2000 2560 que-

1090 2567 1135 2591 sta
1153 2564 1168 2591 ὲ
1185 2566 1212 2592 la
1232 2568 1325 2601 prima
1343 2568 1422 2594 volta
1441 2570 1473 2593 in
1497 2570 1545 2594 cul
1566 2577 1586 2594 κ
1607 2570 1659 2595 cltl
1684 2570 1712 2594 la
1735 2569 1820 2595 fonte
1845 2569 1941 2594 donde
1965 2570 2004 2594 ha
2031 2576 2063 2602 2⁵

1090 2609 1181 2634 tratto
1200 2610 1280 2642 quasi
1294 2610 1370 2636 tutta
1383 2610 1412 2636 la
1426 2612 1507 2644 parte
1520 2611 1692 2637 schemattca
1706 2611 1776 2637 delle
1790 2612 1881 2646 prime
1900 2613 2003 2646 pagine

1092 2650 1137 2676 del
1159 2650 1174 2665 “
1184 2650 1351 2677 Chronicon
1364 2671 1388 2686 „.
1407 2654 1452 2678 Da
1467 2653 1482 2667 ⁰
1490 2654 1597 2687 Laglde
1609 2671 1623 2685 ,‚
1636 2662 1652 2680 a
1666 2654 1681 2668 ⁸
1690 2661 1749 2680 xcv
1759 2672 1773 2687 „
1793 2653 1829 2680 cf.
1843 2655 1999 2685 EUSEBIUS,

1091 2696 1131 2726 op.
1150 2694 1208 2723 cit„
1228 2694 1298 2720 ediz-
1318 2695 1397 2727 Mai„
1417 2704 1445 2730 p.
1464 2695 1527 2728 365,

1180 2735 1192 2752 ⁶
1210 2736 1265 2762 Nei
1284 2737 1378 2762 codici
1397 2738 1423 2762 A
1432 2739 1459 2762 B
1473 2738 1496 2762 C
1506 2746 1608 2764 manca
1620 2741 1719 2772 questa
1731 2739 1845 2766 rubrica
1864 2740 2001 2774 speclale3

1091 2779 1117 2804 la
1137 2786 1233 2813 pongo
1251 2787 1303 2812 per
1321 2781 1442 2813 ragione
1461 2781 1491 2805 di
1509 2781 1655 2807 euritmla.
2032 2787 2066 2813 30

1180 2819 1192 2837 ⁸
1214 2821 1354 2854 exeun,
1374 2822 1437 2848 dice
1456 2823 1543 2854 Beda,
1562 2824 1616 2849 loc.
1635 2824 1686 2850 clt.

1180 2861 1191 2879 ⁸
1210 2864 1285 2889 Beda
1304 2862 1319 2889 ὲ
1337 2865 1363 2889 la
1383 2864 1465 2891 fonte
1485 2866 1513 2890 di
1533 2873 1552 2890 R
1572 2866 1602 2890 in
1621 2868 1723 2899 questo
1742 2867 1837 2901 luogo,
1856 2876 1901 2894 rna
1927 2868 2002 2894 Beda

1091 2913 1108 2931 a
1126 2913 1178 2932 sua
1196 2906 1276 2932 volta
1294 2907 1357 2932 trae
1376 2907 1412 2932 da
1432 2907 1571 2939 OROSKUS,
1590 2909 1638 2940 VI,
1659 2916 1701 2940 22,
1730 2914 1759 2941 5:
1781 2910 1794 2924 “
1807 2918 1903 2936 ....eo
1925 2918 2002 2936 anno

1092 2947 1107 2961 ⁴¹
1116 2954 1173 2980 quo
1183 2947 1388 2973 fermissimam
1399 2949 1632 2983 verissimamque
1643 2957 1740 2984 pacem
1754 2951 1934 2977 ordinationi
1947 2952 2003 2977 Dei

1093 2991 1107 3005 ¹¹
1119 2991 1226 3017 Caesar
1244 2993 1418 3026 composuit,
1438 2994 1523 3019 natus
1541 2995 1584 3019 est
1603 2993 1747 3027 Christus,
1767 2996 1846 3021 cuius
1864 2996 2002 3021 adventui
2030 2995 2064 3024 35

1093 3033 1172 3066 “pax
1192 3035 1246 3059 ista
1265 3033 1405 3060 famulata
1424 3036 1531 3061 est....
1542 3053 1556 3068 ,,
1578 3034 1616 3070 (p.
1638 3036 1710 3070 231).
