2398 3470
157 245 211 281 [A-
230 245 265 274 C·
284 246 438 279 tis-520]
746 235 1034 273 ROMUALDI
1062 230 1431 272 SALERNITANI
1945 228 2016 264 109
2047 238 2162 261 nume.
2171 238 2258 261 108-109

160 303 2017 321 ..................................................................................................................................................................................................................................

155 376 270 414 meato
300 370 338 402 in
370 369 495 403 finibus
524 369 771 412 Vulgum-um,
802 373 855 400 ter
885 377 964 399 cum
996 366 1046 398 eis
1077 363 1257 398 dimicauit
1270 365 1292 396 ¹.
1337 362 1564 406 Longobardi
1596 372 1714 395 eorum
1747 361 1853 405 igitur
1885 359 2021 393 duobus

156 424 277 468 preliis
299 429 399 467 terga
422 422 556 460 dantes,
573 422 675 455 tertio
692 420 803 464 prelio
817 420 999 453 uictoriam
1017 419 1209 462 capientes,
1225 416 1382 450 contritis
1398 416 1625 460 Uulgaribus‚
1649 426 1774 458 magna
1798 415 1843 448 de
1859 413 1927 446 illis
1942 418 2022 445 sunt

157 477 268 521 preda
289 477 393 520 potiti
403 475 428 509 ².
473 476 652 509 Defuncto
674 474 888 511 Lamissone,
912 473 1045 506 Lethus
1066 482 1129 505 rex
1145 470 1319 509 successit,
1336 470 1396 514 qui
1420 480 1498 502 cum
1515 469 1745 513 quadraginta
1764 468 1864 501 annis
1878 476 2022 510 regnas-

157 538 220 570 set,
243 530 392 573 reliquid
415 539 652 563 successorem
674 527 782 560 filium
804 537 904 559 suum
928 526 1083 559 Ildeoch.
1130 525 1207 558 Hoc
1231 533 1371 568 quoque
1395 522 1576 562 defuncto,
1600 522 1738 565 quintus
1760 532 1823 556 rex
1839 520 2020 555 Guidehoc

116 583 135 617 5
159 583 319 628 'regnum
342 584 497 626 suscepit
509 582 532 616 ³.
2043 589 2065 606 ε.
2079 587 2146 607 ιηα

227 679 229 683 V
248 637 350 669 Tunc
374 636 410 669 in
432 636 643 669 Noricorum
665 634 790 667 finibus
805 633 928 666 beatus
944 633 1133 666 Seuerinus
1149 632 1234 664 mire
1251 630 1458 664 abstinentie
1473 630 1660 662 sanctitate
1684 629 1851 672 preditus,
1867 627 2024 671 pollebat

158 690 343 724 uirtutibus
354 689 378 723 ⁴.
424 690 562 723 Interea
585 694 722 722 mortuo
747 686 943 726 Guidehoc,
967 686 1135 719 successit
1157 686 1247 718 filius
1271 684 1344 728 ejus
1368 684 1498 718 claffo.
1546 684 1628 723 Quo
1652 682 1822 716 defuncto
1845 682 1936 715 Tato
1952 681 2023 714 filio

159 745 234 789 ejus
257 744 423 786 septimus
446 743 607 776 ascendit
629 743 666 775 in
688 752 834 785 regnum
849 740 871 774 ⁵.
918 740 1061 785 Egressi
1091 738 1319 783 Longobardi
1342 739 1386 771 de
1419 738 1600 782 Rugilant,
1623 742 1794 770 uenerunt
1825 737 1861 768 in
1893 735 2025 778 campis

159 798 371 841 patentibus,
395 797 456 840 qui
479 806 638 830 sermone
662 795 848 828 barbarico
864 794 938 839 felt
961 794 1190 837 appellantur.
1238 792 1319 831 Quo
1342 793 1378 825 in
1401 792 1483 825 loco
1508 792 1590 825 dum
1613 791 1723 824 tribus
1747 790 1847 823 annis
1871 799 2025 822 commo-

98 852 137 884 10
159 857 330 890 rareutur,
354 850 530 884 Radulfus
552 860 613 883 rex
636 847 845 882 Herulorum
869 848 984 887 fedus,
1016 848 1112 890 quod
1136 857 1214 879 cum
1237 847 1372 880 Tatone
1394 846 1590 889 pepigerat,
1621 845 1833 886 inrumpens,
1857 853 1898 876 eo
1931 842 2025 886 quod

161 909 390 947 compererat,
415 905 559 936 fratrem
582 912 680 935 suum
703 913 724 934 a
747 901 818 934 filia
840 901 986 934 Tatonis
1008 907 1239 943 peremptum,
1262 899 1392 932 bellum
1409 899 1442 932 ei
1458 898 1581 932 intulit.
1629 898 1702 931 Sed
1724 898 1800 940 ipse
1824 907 1902 929 cum
1919 896 1988 928 suis
2004 906 2024 928 a

160 957 405 1002 Longobardis
426 962 608 1000 superatus
639 961 741 999 atque
767 955 903 988 occisus
934 960 997 994 est,
1020 960 1056 987 et
1085 953 1157 997 ejus
1188 953 1362 987 exercitus
1392 958 1633 986 consternatus
1645 951 1667 984 ⁶.
1714 951 1849 984 Tatone
1881 948 2025 983 consilio

161 1012 280 1045 fratris
302 1011 354 1044 sui
376 1011 568 1044 interfecto
590 1010 726 1043 scilicet
757 1009 957 1047 Guaccone,
988 1018 1133 1051 regnum
1164 1008 1240 1050 ipse
1273 1012 1417 1040 octauus
1447 1017 1553 1049 super
1581 1004 1836 1049 Longobardos
1868 1003 2026 1046 optinuit.

162 1065 234 1104 Qui
256 1075 363 1107 super
385 1064 522 1097 Sueuos
543 1064 679 1096 irruens
701 1073 762 1095 suo
787 1062 944 1095 dominio
967 1061 1166 1106 subjugauit
1179 1060 1201 1094 ⁷.
1247 1061 1388 1094 Mortuo
1411 1070 1498 1093 uero
1523 1060 1726 1098 Guaccone,
1751 1057 1909 1091 Gualtari
1939 1056 2028 1088 filius

100 1117 137 1150 15
163 1117 247 1162 ejus,
270 1128 350 1150 cum
372 1128 438 1160 per
459 1122 593 1160 septem
617 1126 728 1148 annos
750 1121 940 1159 regnasset,
965 1120 1120 1148 mortuus
1150 1119 1213 1147 est.
1258 1113 1343 1147 Post
1367 1124 1470 1157 quem
1493 1124 1606 1147 nonus
1628 1123 1692 1145 rex
1714 1111 1858 1145 Audoin
1882 1110 2028 1152 adeptus

162 1176 214 1204 est
236 1181 382 1214 regnum
394 1170 417 1203 ⁸.

250 1223 299 1257 At
320 1235 406 1258 uero
430 1230 587 1267 tempore
611 1223 848 1256 Valentiniani
871 1222 1102 1265 imperatoris,
1125 1222 1255 1255 Franci
1277 1232 1298 1254 a
1320 1221 1488 1254 Meotidis
1509 1220 1698 1264 paludibus
1719 1220 1910 1257 uenientes,
1934 1217 2030 1260 ripas

163 1278 281 1311 Rheni
304 1283 573 1321 occupauerunt.
620 1277 738 1310 Duces
760 1276 827 1309 sibi
842 1276 1104 1316 Marcomirum,
1120 1275 1332 1315 sunnonem,
1349 1281 1384 1308 et
1407 1274 1661 1308 Genebaudum
1684 1273 1865 1317 eligentes,
1880 1271 2031 1315 plurima

164 1331 418 1365 Germanorum
441 1330 572 1373 oppida
596 1336 825 1373 peruaserunt
837 1327 860 1362 ⁹.
907 1328 980 1367 Qui
1003 1334 1160 1371 tempore
1185 1328 1382 1362 Theodosii
1405 1327 1625 1371 imperatoris
1648 1327 1884 1359 Treuerorum
1916 1323 2030 1358 Gallie

98 1385 141 1417 20
162 1382 299 1417 urbem'
323 1384 534 1423 inuaserunt,
558 1383 772 1426 mortuisque
798 1382 956 1422 ducibus,
980 1382 1092 1425 primo
1119 1391 1236 1426 regem
1260 1382 1326 1415 sibi
1349 1387 1502 1414 statuunt
1524 1380 1794 1419 Faramundum,
1825 1376 2029 1411 Marcomiri
2052 1392 2073 1409 c.
2088 1385 2149 1411 ’.πὸ

164 1438 284 1471 filium.
332 1436 415 1475 Quo
438 1437 607 1470 defuncto
630 1437 801 1469 successit
824 1437 857 1468 ei
881 1436 971 1468 filius
987 1436 1062 1480 ejus
1077 1435 1203 1468 Clodio
1228 1435 1380 1475 crinitus,
1404 1434 1463 1478 qui
1486 1441 1564 1477 post
1580 1444 1658 1466 eum
1673 1432 1834 1476 regnauit
1852 1431 1949 1465 annis
1968 1440 2029 1462 XX.

164 1491 217 1524 Eo
240 1497 397 1534 tempore
420 1491 635 1524 Francorum
659 1499 760 1534 reges
783 1489 908 1523 Criniti
924 1489 1142 1522 habebantur
1155 1487 1188 1521 ¹⁰.
1233 1487 1398 1521 Clodioni
1412 1498 1499 1521 uero
1522 1487 1689 1520 successit
1710 1486 1909 1519 Meroueus.
1949 1484 2031 1523 Qua

164 1550 370 1588 tempestate
405 1543 525 1576 Hunni
556 1544 721 1576 Rhenum
750 1548 980 1581 transeunteS,
1011 1542 1117 1575 Metis
1152 1542 1330 1575 ciuitatem
1362 1547 1597 1575 concremant.
1650 1540 1817 1573 Treueris
1852 1538 2032 1581 diripiunt,

164 1598 300 1641 Tungri
324 1598 519 1636 demetant,
551 1596 840 1629 Aurelianensem
871 1606 1009 1640 quoque
1040 1596 1209 1642 adeuntes
1233 1595 1366 1635 urbem,
1397 1595 1580 1629 obsidione
1609 1594 1786 1627 claudunt.
1833 1593 1918 1625 Erat
1947 1597 2033 1624 tunc

100 1650 141 1684 25
164 1652 331 1695 temporis
354 1651 510 1695 ejusdem
535 1651 687 1684 ciuitatis
709 1650 828 1693 presul
858 1650 986 1683 uirtute
1018 1649 1232 1683 admirabilis
1255 1648 1425 1688 Anianus,
1449 1649 1548 1693 cujus
1579 1648 1721 1686 meritis,
1745 1653 1781 1680 et
1804 1645 2029 1684 orationibus,

165 1715 236 1739 non
258 1705 368 1738 solum
391 1704 474 1738 urbs
497 1704 646 1737 liberata
661 1709 725 1743 est,
743 1704 804 1737 sed
820 1703 926 1736 etiam
949 1703 1067 1736 hostes
1082 1703 1162 1743 hac,
1177 1702 1329 1747 illacque
1345 1703 1498 1746 profugi,
1523 1707 1628 1745 atque
1652 1701 1791 1744 protriti
1813 1705 1903 1732 sunt.
1949 1699 2033 1732 Post

164 1763 310 1792 mortem
334 1769 472 1802 quoque
497 1758 668 1798 Merouei,
688 1757 850 1801 regnauit
873 1756 1094 1790 Childericus
1118 1756 1207 1789 filius
1231 1755 1305 1800 ejus
1317 1754 1348 1788 ¹¹.
1395 1756 1449 1788 Ea
1471 1760 1678 1798 tempestate
1700 1753 1890 1786 Anthemio
1906 1752 2032 1796 guber-

166 1817 272 1845 nante
294 1812 479 1855 imperium
502 1812 753 1851 Romanorum,
777 1816 813 1843 et
834 1810 955 1843 Leone
979 1810 1413 1853 Constantinopolitanum,
1437 1809 1533 1852 apud
1555 1808 1747 1841 Tholosam
1771 1807 1884 1840 Gallie
1912 1806 2034 1839 urbem

167 1875 188 1898 e
210 1865 326 1899 medio
342 1865 507 1909 ejustota
523 1865 581 1898 die
598 1864 737 1908 sanguis
751 1863 962 1907 largissimos
978 1863 1143 1906 profluxit
1165 1863 1269 1896 riuos.
1315 1863 1425 1906 Apud
1447 1862 1658 1896 Noricorum
1677 1861 1783 1894 etiam
1800 1861 1895 1899 fines,
1912 1859 2035 1892 beatus

101 1920 143 1952 30
167 1919 357 1953 Seuerinus
379 1918 534 1962 pollebat
557 1918 753 1951 uirtutibus.

257 1972 310 2006 Eo
331 1978 490 2015 tempore
514 1972 686 2005 defuncto
709 1970 895 2004 Anastasio
911 1981 1015 2014 papa,
1033 1970 1264 2015 Symmachus
1279 1970 1470 2009 ordinatur,
1485 1970 1549 2003 sed
1572 1980 1651 2002 cum
1667 1980 1794 2013 magna
1810 1966 2035 2002 dissentione.

169 2025 390 2060 Childericus
412 2032 529 2058 autem
553 2026 770 2058 Francorum
798 2035 862 2057 rex
888 2025 1050 2069 regnauit
1076 2025 1176 2058 annis
1198 2033 1300 2057 xxw.
1347 2023 1431 2057 Post
1454 2023 1552 2067 cujus
1582 2028 1729 2056 mortem
1760 2021 1921 2067 regnauit
1954 2019 2035 2054 Clo-

263 2141 286 2159 1.
304 2134 493 2167 Bulgarorum
511 2134 538 2158 B
556 2146 567 2152 -
586 2140 685 2157 eorum
703 2139 797 2156 manca
815 2133 845 2157 in
857 2132 881 2156 A
892 2132 919 2156 B
931 2146 964 2150 —
979 2138 1003 2157 2.
1022 2132 1194 2165 Bulgarlbus
1206 2132 1233 2156 B
1245 2145 1278 2150 -
1292 2140 1317 2164 4.
1330 2130 1482 2156 Guideoch
1499 2131 1525 2155 A
1534 2131 1561 2155 B
1573 2144 1606 2149 -
1620 2136 1644 2164 7.
1659 2129 1809 2155 Guideoch
1819 2129 1844 2154 A
1853 2129 1879 2153 B
1892 2142 1926 2147 ——
1944 2137 1970 2162 9.
1989 2136 2038 2162 ap-

171 2176 296 2210 pellatur
317 2176 341 2201 C
357 2190 390 2196 -
413 2182 452 2201 ιο.
471 2175 641 2208 Radulphus
659 2175 685 2198 B
699 2174 722 2198 C
739 2187 748 2192 -
768 2174 901 2208 pepigere
918 2174 945 2198 B
957 2173 980 2198 C
997 2188 1005 2192 -
1025 2175 1185 2207 irrumpens
1209 2175 1270 2200 BC
1286 2188 1319 2193 —
1342 2181 1381 2199 11.
1401 2175 1576 2198 interent-um
1597 2180 1650 2197 non
1668 2174 1844 2206 peremptum
1865 2172 1890 2198 C
1906 2185 1939 2189 —
1962 2178 2002 2203 13.
2022 2178 2037 2195 a

171 2217 309 2245 Guacone
326 2219 389 2244 filio
409 2219 509 2244 fratris
522 2218 567 2242 sul
580 2217 735 2242 interfecto
747 2217 775 2241 B
787 2216 811 2241 C
821 2229 831 2235 -
845 2217 977 2250 optinuit
987 2217 1013 2242 Α
1025 2217 1048 2242 C
1058 2210 1092 2235 ’-
1109 2224 1148 2250 14.
1162 2216 1287 2242 Suasuos
1303 2216 1327 2241 0
1337 2231 1370 2236 —
1387 2223 1426 2250 15.
1440 2217 1587 2249 regnascet
1604 2215 1628 2239 C
1639 2229 1671 2234 —
1688 2214 1727 2239 18.
1741 2214 1814 2239 Reni
1833 2214 1856 2238 C
1866 2227 1899 2232 —
1916 2221 1956 2247 19.
1969 2215 2038 2239 tern-

170 2268 242 2296 pore
259 2269 353 2286 uuanca
371 2262 403 2287 iu
421 2261 482 2286 AB
499 2274 533 2279 —
553 2267 595 2292 23.
614 2259 735 2284 Remum
753 2259 796 2287 A,-
813 2258 924 2284 Renum
947 2259 971 2284 C
987 2273 1020 2277 —
1039 2266 1082 2292 31.
1101 2259 1251 2285 simachus
1262 2260 1287 2284 Α
1303 2259 1370 2284 0—
1384 2266 1427 2292 3²·
1441 2259 1574 2292 regnavit
1594 2258 1678 2283 annis
1702 2257 1726 2282 C

127 2343 141 2370 5
258 2336 268 2355 ¹
281 2337 406 2369 PAULUS,
418 2338 458 2363 De
466 2338 549 2370 gestis
560 2335 688 2369 Lang.‚1,
700 2343 761 2368 cap.
774 2335 853 2360 XVI:
869 2335 999 2366 Quomodo
1011 2335 1078 2360 Bul-
1130 2337 1177 2362 cho
1201 2340 1282 2369 super
1305 2336 1403 2361 Suevos
1426 2336 1525 2364 irruit,
1549 2342 1641 2366 eosque
1668 2334 1783 2359 dominio
1807 2341 1854 2358 suo
1877 2332 2039 2367 subjugavit.

165 2388 246 2414 gare:
254 2383 333 2406 noctu
341 2384 422 2413 super
430 2382 517 2405 castra
526 2379 761 2411 Langobardorum
769 2378 904 2403 irruentes
912 2378 1078 2411 Angelmun-
1220 2377 1232 2395 ⁸
1250 2379 1338 2408 Ibam,
1358 2386 1419 2411 cap.
1439 2377 1519 2403 XXH
1542 2378 1607 2402 cit.:
1634 2377 1753 2401 Waltart
1772 2383 1834 2408 ergo
1852 2383 1912 2400 cum
1928 2378 1979 2407 per
2002 2382 2040 2399 se-

169 2424 236 2449 dunt
247 2431 336 2457 regem
353 2422 559 2452 interfit-erunt,
577 2425 603 2447 et
609 2422 703 2454 filiam
715 2422 773 2445 eius
790 2422 922 2453 captivam
934 2422 1078 2446 duxerunt.
1125 2424 1201 2454 ptem
1219 2429 1302 2446 annas
1319 2429 1433 2454 regnum
1457 2421 1596 2448 tenuisset,
1614 2420 1646 2443 ab
1665 2419 1714 2443 hac
1736 2419 1793 2443 luce
1817 2419 1972 2443 rubtractus
1994 2420 2039 2442 est.

259 2463 271 2481 ²
288 2465 376 2496 lnam,
395 2473 457 2498 cap.
475 2464 570 2490 XVII:
599 2463 731 2495 Quomodo
755 2462 884 2488 Lamissto
902 2471 951 2488 rex
974 2463 1080 2496 effectus
1131 2464 1193 2489 Post
1211 2471 1289 2495 quem
1306 2466 1353 2488 etc.
2069 2463 2101 2489 25

171 2511 221 2538 m,
238 2511 265 2533 et
281 2508 401 2541 qualiter
420 2507 554 2540 Bulgares
569 2506 715 2539 superavit.
1203 2504 1215 2522 ⁹
1245 2505 1421 2530 Gnmomus
1431 2505 1636 2533 Tuaomznsxs,
1647 2503 1770 2528 Historia
1779 2503 1945 2527 Francorum
1957 2501 2041 2535 (ediz.

113 2558 147 2577 ιο
261 2551 274 2569 ³
290 2550 379 2581 IDEM,
399 2557 460 2583 cap·
479 2548 587 2574 XVIII:
611 2547 698 2579 Quod,
721 2550 823 2572 mortuo
841 2547 1014 2576 Laminium,
1038 2555 1080 2572 re·
1134 2549 1304 2575 wilhelmus
1324 2548 1429 2579 Arndt,
1447 2547 1485 2572 M.
1506 2546 1540 2571 G.
1560 2547 1602 2576 H„
1623 2545 1772 2577 Scriptores
1790 2545 2040 2577 Merom'nguarum,

169 2600 256 2626 gnum
273 2593 360 2618 Leehu
377 2592 503 2624 suscipit,
515 2594 541 2616 εἰ
548 2593 608 2623 post
626 2589 700 2618 hune,
714 2589 796 2622 filius
813 2590 871 2614 ‘lus
889 2589 1011 2619 Ht'ldeoc,
1020 2592 1081 2622 past
1131 2592 1153 2621 1,
1173 2598 1193 2621 1,
1212 2592 1375 2619 Hannover,
1397 2588 1486 2623 1884),
1507 2589 1558 2613 lib.
1577 2587 1610 2617 11,
1632 2595 1656 2620 3,
1676 2595 1703 2620 p.
1724 2593 1772 2620 72:
1791 2586 1830 2611 Eo
1849 2589 1964 2618 tempore
1990 2586 2041 2610 Ge-

172 2642 250 2668 !uaem
268 2642 372 2668 quoque
392 2634 497 2659 Gudeoc
514 2633 646 2665 regnavit.
1132 2634 1260 2662 nobaude,
1280 2632 1442 2657 Marcomere
1460 2634 1486 2656 et
1498 2631 1625 2655 Sunnone
1638 2629 1749 2653 ducibus
1766 2628 1869 2653 Franci
1885 2629 1915 2653 in
1930 2628 2040 2652 Germa-

262 2676 275 2694 ⁴
294 2677 419 2707 Faunus,
438 2676 510 2701 Hist.
530 2675 662 2703 Romana,
687 2674 748 2704 XV,
775 2680 832 2699 vnx
852 2673 891 2708 (p.
918 2674 996 2706 210):
1026 2674 1083 2706 Qui
1133 2677 1207 2700 niam
1223 2677 1406 2707 prorumpere.
2068 2678 2103 2703 30

174 2719 335 2753 (odovacer)
354 2719 442 2744 adhuc
458 2721 508 2750 per
526 2717 686 2743 Noricorum
710 2724 779 2741 rura
800 2718 945 2742 exercitum
963 2717 1081 2744 duceret,
1212 2715 1235 2734 ¹⁰
1252 2717 1339 2745 lnam,
1359 2724 1386 2749 p.
1407 2723 1456 2749 77:
1478 2715 1603 2740 Tradunt
1621 2715 1691 2738 enim
1712 2713 1793 2737 multi
1809 2713 1909 2737 eosdem
1926 2713 1959 2736 de
1970 2712 2041 2736 Pan-

115 2768 146 2795 15
173 2762 278 2794 cognita
295 2761 420 2786 Severini
429 2759 511 2791 fama
533 2758 638 2783 Christi
654 2759 759 2783 domini
775 2758 856 2787 servi,
875 2759 925 2790 qui
941 2758 999 2784 iuis
1017 2761 1081 2783 tunc
1133 2760 1215 2785 nanda
1231 2759 1322 2790 fuisse
1347 2760 1496 2791 degressus,
1520 2760 1546 2782 et
1566 2759 1688 2789 primum
1714 2756 1825 2787 quidam
1850 2755 1931 2779 litora
1952 2754 2044 2779 Rheni

174 2804 284 2837 degebat
301 2805 331 2829 in
351 2803 420 2828 locis.
429 2821 436 2828 .
444 2820 450 2828 .
460 2821 468 2827 .
1132 2810 1218 2827 omnes
1229 2801 1380 2829 incoluisse,
1393 2800 1488 2824 dehinc
1500 2801 1633 2824 trausacto
1646 2798 1749 2826 Rheno,
1766 2797 1941 2829 Thm‘ngfam
1953 2798 2041 2821 trans-

263 2844 275 2862 s
292 2845 379 2876 ῙῺΕΜ,
404 2845 446 2870 De
467 2844 551 2877 gesur
572 2843 670 2875 lang„
690 2843 712 2873 1,
731 2851 792 2877 cap.
817 2850 872 2869 xx:
896 2843 1003 2868 Mortuo
1030 2843 1081 2868 Ge·
1134 2851 1241 2873 measse,
1259 2844 1349 2875 ibique
1367 2843 1445 2867 iuxta
1459 2845 1548 2875 pagus
1565 2841 1608 2866 vel
1626 2840 1731 2864 civitate
1750 2840 1824 2871 regis
1841 2839 1952 2863 crinitos
1962 2841 2043 2870 super

176 2890 247 2918 deoc,
257 2888 382 2921 regnavit
401 2886 502 2915 classo,
515 2889 541 2911 et
555 2887 613 2918 post
623 2884 695 2910 hunc
711 2885 775 2910 Tato
787 2886 838 2917 qui
854 2885 951 2910 delevit
968 2893 1081 2918 regnum
1133 2894 1160 2911 se
1177 2886 1305 2911 creavisse
1323 2886 1354 2910 de
1369 2885 1462 2917 prima
1479 2886 1516 2912 et,
1535 2886 1566 2908 ut
1584 2884 1624 2907 ita
1642 2882 1741 2910 dicam,
1760 2881 1921 2906 nobiliorum
1933 2888 2041 2906 suorum
2070 2888 2084 2912 3
2089 2888 2101 2913 5

178 2930 351 2956 Herulorum.
1127 2928 1252 2960 familia.
1273 2926 1320 2952 Cf.
1339 2935 1407 2960 pure
1430 2927 1509 2951 Gesta
1526 2926 1706 2953 Francorum,
1726 2931 1786 2956 cap.
1805 2923 1827 2948 Ι.

117 2981 152 3000 20
269 2970 280 2988 ⁸
299 2971 386 3001 IDEM,
405 2972 459 2996 loc.
479 2972 536 3002 eliz,
556 2970 611 2995 col.
629 2969 682 3003 438
701 2978 741 3003 sg.
1217 2968 1236 2985 ¹¹
1256 2969 1343 2999 Imma,
1364 2970 1417 2993 loc.
1438 2969 1503 2993 cita
1527 2968 1569 2992 De
1587 2966 1670 2990 huius
1690 2965 1773 2997 stirpe
1791 2965 1903 2996 quidam
1926 2965 2043 2990 Meroue-

268 3013 280 3031 ⁷
299 3014 386 3046 Insa,
405 3013 427 3045 1,
446 3021 506 3047 cap.
520 3020 572 3039 xxi
586 3012 626 3047 (p.
639 3011 879 3046 463):Eodemque
891 3015 1004 3044 tempore
1023 3013 1084 3037 Wa-
1137 3012 1216 3037 chum
1234 3018 1323 3045 regem
1333 3010 1425 3042 fuisse
1443 3010 1583 3038 adserunt,
1607 3009 1682 3033 cuias
1691 3006 1756 3038 fm't
1768 3006 1849 3040 filius
1870 3006 2042 3035 Carcasum,
