2398 3470
79 256 129 292 [A.
149 255 184 285 c.
202 256 276 290 ⁴⁵11
668 247 959 285 ROMUALDI
986 244 1352 284 SALERNITANI
1867 247 1934 284 101

77 380 244 424 reptionis
266 380 339 424 igni
362 379 553 422 supposito,
578 379 716 411 flamma
740 378 913 412 consumit
927 378 948 410 ¹.
995 377 1135 410 Exinde
1166 387 1230 419 per
1251 376 1451 409 uniuersam
1481 376 1709 410 Uenetiarum
1732 377 1846 417 urbes,
1869 378 1938 421 hoc

81 439 143 473 est,
167 433 376 472 Uicentiam‚
400 432 587 470 Ueronam,
611 431 772 470 Brixiam,
795 431 1013 474 Pergamum,
1036 441 1097 463 seu
1120 429 1273 473 reliquas
1301 429 1470 468 ciuitates,
1494 430 1589 462 nullo
1613 431 1795 464 resistente
1822 431 1941 464 Hunni

80 486 354 520 bacchabantur.
398 485 651 524 Mediolanum,
674 485 912 527 Ticinumque
935 483 1013 526 pari
1037 488 1131 516 sorte
1155 483 1335 525 diripiunt,
1359 482 1404 515 ab
1427 482 1509 526 igne
1540 489 1657 516 tamen
1679 485 1907 526 prohibentes
1918 483 1942 524 ¹,

81 546 116 573 et
138 540 245 573 ferro.
291 539 429 572 Deinde
453 538 579 571 Emilie
603 537 802 571 ciuitatibus
833 537 991 570 similiter
1014 536 1211 579 expoliatis;
1235 537 1384 568 maxime
1415 535 1451 569 in
1482 546 1524 569 eo
1557 536 1660 570 10c0³
1692 547 1761 580 quo
1792 538 1942 571 Mincius

38 592 58 627 5
80 593 205 627 fluuius
226 593 264 626 in
287 603 423 626 amnem
449 592 570 625 defluit
594 591 692 631 Padi,
710 598 821 624 castra
844 591 962 624 metati
985 595 1075 623 sunt.
1122 589 1192 622 Ubi
1216 588 1329 622 Attila
1353 589 1564 629 con'sistens,
1588 590 1670 622 dum
1694 597 1807 623 utrum
1831 592 1943 624 adiret

82 646 244 685 Romam,
268 657 312 679 an
337 646 530 685 desisteret,
561 645 676 678 animo
699 645 894 684 fluctuaret,
925 654 996 676 non
1018 644 1106 681 urbi,
1139 643 1195 675 cui
1218 643 1365 675 infestus
1388 649 1462 676 erat
1493 643 1688 683 consulens,
1716 645 1781 677 sed
1811 644 1945 677 Alarici

82 700 279 743 exemplum
302 710 445 742 pauens,
468 699 527 743 qui
543 705 646 742 capta
668 709 690 731 a
712 709 749 731 se
772 698 872 737 urbe,
888 708 955 730 non
981 697 1127 730 diutium
1151 695 1355 738 supemixit:
1381 696 1462 728 dum
1480 706 1565 740 ergo
1589 698 1706 729 animo
1722 703 1945 741 tempestates

81 753 289 791 reuolueret,
313 758 459 795 repente
482 752 534 784 illi
557 751 687 796 legatio
710 750 945 794 placidissima
968 761 989 782 a
1018 751 1133 783 Roma
1156 750 1308 782 aduenit.
1356 749 1447 782 Nam
1478 760 1542 791 per
1565 759 1603 782 se
1634 750 1690 782 uir
1711 751 1943 784 sanctissimus

82 806 158 840 Leo
180 817 274 849 papa
296 806 342 838 ad
365 817 443 838 eum
476 805 633 844 accessit,
657 804 717 848 qui
749 804 832 836 dum
863 804 908 837 ad
938 814 1056 847 regem
1086 802 1312 836 barbarorum
1344 803 1519 846 ingressus
1550 809 1639 836 esset
1651 802 1674 842 ⁴,
1707 811 1846 842 cuncta,
1878 814 1946 849 que

19 859 61 893 10
83 865 277 903 optauerat,
295 859 467 898 obtinens,
490 868 560 891 non
584 858 694 890 solum
710 859 835 896 Rome,
851 857 914 889 sed
931 857 1034 889 totius
1058 856 1156 888 Italie
1172 856 1314 888 salutem
1339 856 1539 898 deportauit
1551 855 1572 888 ⁵.
1620 857 1780 890 Territus
1796 868 1945 901 namque

84 919 170 946 nutu
195 913 253 945 dei
276 912 386 945 Attila
417 912 543 950 fuerat,
566 921 633 944 nec
656 910 751 943 aliud
781 909 913 942 Christi
935 909 1110 942 sacerdoti
1141 909 1235 952 loqui
1259 909 1380 948 ualuit,
1413 909 1478 942 nisi
1502 910 1597 952 quod
1628 910 1705 952 ipse
1729 911 1947 953 preoptabat.

84 966 208 1000 Fertur
230 965 359 1008 itaque,
375 970 454 1007 post
476 964 666 997 discessum
689 963 864 1006 pontificis
880 973 959 995 cum
982 963 1213 1006 interrogatus
1229 968 1321 995 esset
1344 962 1458 995 Attila
1473 974 1494 995 a
1517 964 1598 1001 suis,
1616 974 1678 996 cur
1701 965 1791 996 ultra
1810 964 1946 996 solitum

83 1028 216 1052 morem
240 1024 371 1051 tantam
394 1017 625 1050 reuerentiam
648 1017 809 1050 Romano
832 1026 923 1060 pape
948 1015 1153 1055 exhibuerit,
1178 1016 1463 1059 quandoquidem
1486 1026 1576 1059 pene
1593 1017 1638 1049 ad
1662 1018 1787 1056 omnia,
1804 1027 1872 1060 que
1887 1017 1947 1049 ille

83 1072 297 1115 imperasset,
321 1070 602 1114 obtemperaret?
627 1069 764 1108 Quibus
786 1070 846 1102 ille
869 1069 1066 1112 respondit:
1091 1080 1157 1101 non
1172 1069 1227 1101 illi
1247 1070 1334 1102 hanc
1349 1069 1487 1102 exhibui
1506 1071 1746 1112 reuerentiam,
1762 1071 1825 1103 sed
1844 1071 1947 1103 alium

25 1124 63 1158 15
76 1125 184 1169 J'uaeta
206 1125 302 1157 illum
324 1125 402 1156 uidi
426 1128 580 1166 stantem,
597 1123 723 1167 forma
752 1123 955 1167 precelsum,
986 1123 1112 1156 canitie
1134 1123 1375 1165 uenerandum,
1407 1123 1444 1155 in
1467 1123 1584 1156 habitu
1613 1124 1806 1166 sacerdotis,
1831 1124 1948 1167 magis

75 1177 275 1222 fialgentem
298 1178 335 1210 in
358 1189 457 1210 mane
479 1180 703 1221 euagmatum
726 1181 890 1209 tenentem
913 1177 1086 1220 gladium,
1102 1176 1251 1219 mihique
1273 1181 1415 1209 mortem
1430 1177 1695 1221 promittentem,
1720 1182 1821 1221 atque
1837 1178 1948 1210 dicen-

86 1235 172 1264 tem:
201 1230 292 1263 “nisi
308 1230 390 1263 huic
413 1230 590 1263 sacerdoti
608 1231 824 1263 concesseris
846 1240 991 1262 omnem-
999 1229 1226 1268 uoluntatem,
1242 1239 1323 1262 mox
1338 1240 1418 1262 meo
1441 1229 1559 1273 gladio
1576 1230 1735 1263 interibis
1748 1229 1792 1270 „⁶.
1840 1230 1949 1274 Igitur

86 1282 198 1317 Attila
224 1283 285 1316 tali
308 1283 414 1316 modo
445 1294 467 1316 a
489 1293 550 1315 sua
581 1283 702 1316 seuitia
724 1293 913 1325 repressus,
936 1282 1061 1315 relicta
1092 1282 1203 1321 Italia,
1227 1282 1427 1315 Pannonias
1457 1283 1595 1326 repetit,
1626 1283 1744 1328 ibique
1777 1284 1949 1316 effusione

85 1337 272 1381 sanguinis,
289 1337 349 1380 qui
374 1337 407 1369 ei
431 1337 476 1370 de
498 1336 640 1369 naribus
655 1336 795 1369 affluere
809 1335 816 1352 '
832 1336 954 1369 solitus
971 1342 1057 1375 erat,
1074 1336 1170 1379 quod
1185 1336 1333 1368 maxime
1358 1342 1505 1379 propter
1520 1336 1593 1369 uini
1616 1337 1794 1379 crapulam
1810 1337 1950 1377 accidit,

10 1391 64 1424 *20
87 1390 259 1423 extinctus
281 1395 335 1422 est
347 1389 370 1423 ⁷.
422 1392 437 1407 ‘⁶
450 1390 542 1422 Dum
565 1390 631 1422 hec
656 1395 853 1434 agerentur,
877 1389 971 1432 apud
988 1389 1204 1421 Britanniam
1227 1389 1414 1433 Pelagiane
1432 1390 1564 1422 heresis
1586 1396 1787 1431 assertores,
1810 1391 1951 1424 Britan-

91 1445 242 1476 “norum
264 1443 483 1485 temptabant
506 1443 710 1476 subuertere
734 1443 855 1481 fidem3
880 1443 940 1486 qui
963 1454 984 1475 a
1008 1442 1188 1475 Gallorum
1212 1443 1388 1486 episcopis
1411 1443 1576 1475 auxilium
1598 1450 1769 1486 petentes,
1786 1445 1832 1478 ad
1855 1450 1951 1477 recte

91 1499 106 1515 ⁸
119 1497 201 1530 fidei
224 1496 471 1530 defensionem
494 1496 750 1529 sanctissimum
774 1496 898 1535 uirum,
914 1496 1128 1529 Germanum
1151 1496 1304 1536 nomine,
1326 1496 1514 1540 multisque
1530 1497 1715 1530 uirtutibus
1739 1498 1872 1530 clarum
1888 1497 1951 1530 Al-

91 1549 326 1583 “tiodorensis
350 1549 496 1583 ecclesie
520 1550 766 1592 episcoporum
790 1549 977 1592 accipiunt,
1001 1555 1036 1582 et
1050 1549 1190 1592 Lupum
1212 1549 1452 1582 Trecasenum
1475 1551 1662 1593 presulem,
1685 1561 1774 1594 eque
1798 1550 1951 1594 Aposto-

92 1603 188 1636 “lice
210 1602 322 1647 gratie
348 1603 473 1636 uirum.
521 1602 594 1641 Qui
618 1613 689 1635 non
720 1603 832 1635 minus
856 1603 1035 1646 signorum
1066 1602 1254 1642 miraculis,
1278 1613 1382 1646 quam
1414 1603 1573 1636 doctrine
1603 1604 1730 1643 uerbis,
1755 1614 1876 1637 omnes
1906 1604 1951 1637 ad

21 1656 63 1692 25
91 1658 216 1689 “recte
239 1656 321 1688 fidei
345 1656 604 1689 confessionem
629 1656 849 1689 deduxeer
861 1655 884 1689 ⁸.
931 1657 1027 1689 Ecce
1050 1656 1166 1688 adhuc
1189 1655 1321 1688 ibidem
1339 1657 1467 1689 sanctis
1491 1657 1665 1699 episcopis
1681 1657 1952 1691 consistentibus

91 1711 106 1728 ²
117 1709 234 1742 ualida
255 1708 442 1748 Saxonum,
459 1709 710 1752 Pictorumque
727 1719 848 1741 manus
872 1707 1087 1742 Britanniam
1111 1709 1325 1754 aggreditur,
1342 1720 1423 1742 mox
1439 1708 1622 1743 Britones⁹
1647 1722 1741 1743 arma
1758 1711 1952 1755 corripien-

90 1765 181 1803 *τοι
205 1762 371 1803 hostibus,
396 1762 533 1795 obuiam
557 1769 718 1806 pergunt,
750 1772 829 1794 cum
854 1762 978 1805 quibus
1009 1762 1225 1795 beatissimus
1250 1762 1446 1795 Germanus
1469 1770 1592 1806 sponte
1624 1775 1660 1797 se
1684 1765 1850 1803 offerens,
1882 1776 1952 1798 una

91 1817 198 1849 ‘cum
229 1815 315 1858 ipsis
337 1815 452 1859 pergit
474 1816 520 1848 ad
542 1816 701 1857 prelium.
748 1815 908 1858 Cumque
938 1815 1014 1858 ipse
1038 1815 1109 1847 dux
1140 1815 1225 1848 belli
1254 1822 1334 1848 ante
1367 1817 1561 1849 confertam
1589 1818 1700 1849 aciem
1733 1818 1952 1858 constitisset,

39 1912 43 1916 .
92 1869 258 1915 “iamque
282 1870 400 1902 hostes
423 1868 623 1912 conglobati
646 1868 793 1911 propius
815 1869 1058 1908 aduentarent,
1081 1879 1152 1901 non
1175 1869 1277 1902 turbe
1304 1869 1514 1902 clamoribus
1527 1869 1560 1909 ¹⁰,
1585 1881 1655 1903 non
1679 1872 1807 1915 gladiis
1831 1873 1952 1911 fidens,

17 1914 65 1966 ᾗ
92 1923 268 1966 “imperat
290 1923 507 1955 solummodo
530 1928 670 1954 sanctus
700 1921 869 1960 Antistes‚
892 1929 930 1954 ut
955 1932 1033 1955 cum
1065 1923 1139 1965 ipse
1164 1923 1260 1965 prior
1291 1923 1523 1962 inclamasset,
1548 1925 1654 1963 Deus,
1678 1935 1768 1958 uoce
1800 1936 1955 1958 consona

38 1985 43 2024 3
92 1976 271 2010 “eundem
292 1975 569 2018 respondere[nt]
586 1985 794 2014 sermonem,
810 1985 960 2019 moxque
985 1975 1123 2008 eleuata
1139 1986 1227 2008 uoce
1252 1987 1389 2021 magna,
1406 1977 1560 2021 Alleluja
1583 1978 1746 2011 insonuit.
1794 1979 1953 2022 Cumque

91 2029 231 2063 ‘omnis
254 2030 440 2068 exercitus,
463 2028 600 2062 sublato
624 2029 670 2061 ad
693 2029 810 2062 sidera
833 2029 997 2068 clamore,
1021 2028 1175 2072 Alleluja
1197 2031 1443 2072 respondisset,
1469 2038 1666 2073 cunctaque
1690 2043 1752 2074 per
1771 2033 1953 2065 circuitum

28 2109 33 2121 J
91 2084 106 2102 ¹‘
117 2082 198 2116 loca
212 2088 443 2123 resonassent,
460 2082 629 2115 continuo
653 2088 768 2115 tantus
782 2082 901 2115 hostes
916 2093 1027 2125 pauor
1050 2083 1196 2122 inuadit,
1213 2089 1251 2115 ut
1267 2083 1330 2116 dis'
1333 2083 1446 2116 soluta
1469 2084 1578 2116 aciem
1597 2086 1717 2128 fugam
1734 2086 1952 2128 arripientes,

30 2126 36 2135 ᾖ
91 2137 160 2169 ‘ac
182 2136 212 2169 si
241 2135 457 2180 singulorum
482 2135 845 2180 ceruicibus-gladius
870 2136 1078 2174 immineret,
1103 2136 1323 2170 tremebundi
1346 2138 1390 2170 ad
1414 2138 1558 2180 propria
1581 2138 1796 2182 fugerunt11.
1844 2139 1953 2173 Sed¹²

0 2189 31 2242 'J
21 2185 108 2242 δ’·
121 2189 202 2234 quia
224 2199 362 2232 semper
391 2189 501 2223 uirtus
522 2189 694 2222 inuidiam
724 2189 829 2232 parit,
853 2189 1121 2222 Valentinianus
1150 2190 1341 2233 imperator
1355 2190 1380 2210 ¹⁸
1403 2201 1591 2234 prosperos
1613 2192 1684 2224 Etii
1709 2202 1901 2233 successus,
1917 2199 1956 2226 ut

20 2255 25 2257 >
93 2243 327 2286 “premissum
351 2248 414 2282 est,
437 2242 701 2286 pertimescens,
725 2253 803 2275 eum
835 2242 1008 2286 simulque
1040 2241 1201 2277 Boetium
1225 2250 1423 2278 senatorem
1455 2245 1576 2289 gladio
1607 2247 1768 2288 peremit.
1816 2247 1867 2279 Ita
1897 2247 1954 2280 uir

178 2382 203 2402 2.
221 2376 384 2402 Vlcentiam
402 2376 463 2401 AB
482 2389 491 2395 -
510 2376 653 2401 Bresciam
670 2375 695 2401 A
707 2375 774 2401 C—
789 2384 813 2410 5.
828 2378 1042 2403 castramentati
1059 2377 1083 2403 C
1100 2392 1131 2396 —-
1153 2383 1178 2410 7.
1190 2380 1305 2403 animos
1322 2379 1388 2403 G-
1407 2386 1446 2404 10.
1458 2381 1573 2412 optines
1586 2380 1610 2405 Α
1630 2394 1663 2399 -
1687 2388 1725 2406 11.
1746 2381 1792 2406 dei
1806 2383 1878 2407 nutu
1897 2383 1923 2406 B
1936 2383 1959 2407 C

91 2433 124 2439 —
140 2419 180 2445 16.
193 2419 336 2452 michique
349 2419 375 2443 B
387 2419 411 2443 C
425 2432 459 2438 —
477 2424 516 2451 17.
537 2419 726 2452 compleuerls
749 2419 773 2443 C
783 2433 815 2437 —
831 2426 873 2454 ¹9·
892 2420 1002 2446 effluere
1024 2420 1091 2445 6⁷—
1106 2427 1148 2446 21.
1166 2422 1296 2446 tentabat
1314 2421 1341 2445 B
1354 2435 1386 2440 —
1401 2429 1490 2455 22-23.
1504 2423 1685 2448 Alciorensis
1699 2424 1724 2448 A
1740 2424 1779 2453 C,-
1791 2424 1954 2450 AltisIodo-

34 2474 51 2493 5,
91 2462 180 2488 renus
198 2462 236 2491 B,
247 2461 298 2487 cosi
316 2462 416 2493 stampe
435 2461 529 2491 Sarra,-
542 2461 673 2487 Pactus:
691 2461 909 2487 Altiodorensis
922 2477 955 2482 —
969 2470 1011 2496 23.
1025 2463 1190 2488 Trecaslum
1203 2463 1227 2489 Α
1236 2464 1262 2488 B
1267 2473 1279 2492 ,·
1292 2464 1381 2495 Bam,
1395 2465 1527 2490 PAULus:
1542 2466 1730 2491 Trecasenum
1744 2480 1753 2484 -
1767 2467 1863 2499 itaque
1875 2468 1899 2492 A
1914 2468 1956 2496 B,-

31 2505 49 2539 ξ
90 2510 159 2537 que
174 2503 306 2535 conforme
318 2503 436 2529 Pauus
452 2503 477 2528 C
486 2517 518 2522 —
533 2503 576 2529 26.
588 2504 768 2529 Brithanimn
786 2503 809 2528 C
820 2518 853 2522 —
866 2511 910 2537 30.
922 2507 951 2530 et
969 2507 1058 2530 invece
1075 2506 1106 2530 dt
1117 2507 1150 2531 ut
1162 2506 1188 2530 B
1205 2520 1234 2524 —
1248 2513 1292 2538 31.
1304 2507 1499 2539 respondisset
1513 2507 1537 2532 A
1546 2508 1584 2537 B;
1605 2507 1735 2538 ΡΛυιυες
1750 2510 1955 2542 responderent

32 2544 63 2591 ’ἐξ
93 2559 126 2565 ·—
143 2552 187 2579 32·
206 2546 306 2579 sydera
324 2546 348 2570 A
359 2546 386 2570 B
405 2559 414 2564 -
433 2546 571 2571 cii-cuitus
592 2545 617 2570 C

32 2629 52 2680 'vv
177 2635 186 2653 ¹
205 2643 226 2662 ι
243 2637 317 2662 salta
331 2643 382 2670 per
395 2638 490 2662 intero
504 2636 527 2661 11
541 2635 556 2669 ἕ
568 2636 596 2662 X
606 2644 622 2662 e
634 2638 712 2662 tutto
726 2638 749 2663 il
762 2638 858 2672 primo
871 2638 992 2672 periodo
1137 2637 1148 2655 ⁸
1167 2639 1293 2670 PAULUS,
1312 2640 1367 2666 loc.
1382 2641 1439 2670 cit„
1459 2641 1605 2675 copiando
1624 2642 1713 2666 Beda:
1727 2649 1814 2667 omnes
1826 2643 1863 2667 ad
1873 2650 1953 2668 sanae

91 2677 319 2711 dell’undeelmo,
339 2679 390 2704 che
409 2679 542 2712 riprende
555 2687 611 2705 con
630 2679 738 2705 Exinde
746 2684 798 2713 per
810 2682 936 2706 universa
944 2684 993 2708 etc.
1042 2682 1116 2715 fidei
1131 2681 1317 2712 confisi-Ionem
1335 2683 1473 2708 reduxere.

178 2720 190 2738 ⁸
207 2722 378 2751 absumentes,
398 2721 525 2747 PAULus.
1137 2722 1148 2739 ⁹
1166 2723 1258 2749 Inmm
1277 2725 1444 2750 Brittaniam
1455 2726 1597 2750 advehitur
1610 2726 1695 2750 nihilo
1714 2727 1803 2751 minus
1816 2727 1952 2752 Brittones

176 2762 188 2780 ³
205 2764 343 2789 novissime
360 2771 388 2789 eo
407 2764 473 2793 Ioco,
491 2764 617 2790 Pauus.
1049 2773 1109 2791 mox
1126 2769 1174 2791 etc.

34 2795 70 2842 β
178 2807 191 2825 ⁴
209 2806 334 2838 Puri-us,
352 2806 427 2838 XIV,
446 2813 507 2831 xn:
528 2807 673 2831 barbarum
691 2807 869 2840 (mogi-emas
886 2811 957 2833 esset.
1129 2807 1149 2823 ¹⁰
1167 2808 1260 2833 Ins-,Mt
1278 2808 1455 2841 clangoribus.

52 2855 55 2859 ⁴
178 2846 190 2864 ⁵
206 2848 299 2874 Inita:
319 2851 471 2881 reportavit.
1127 2848 1148 2865 ¹¹
1168 2849 1222 2874 Fra
1242 2850 1397 2883 virgolette
1415 2853 1505 2876 metto
1526 2853 1603 2877 tutto
1624 2852 1646 2876 il
1666 2852 1757 2877 brano
1778 2853 1896 2886 coplato
1917 2853 1952 2878 da

33 2882 51 2920 -ίξ
179 2889 192 2908 ⁸
208 2898 228 2916 ιι
248 2891 333 2925 volge
351 2892 383 2917 in
397 2891 504 2918 diretto
523 2892 546 2918 11
565 2892 695 2917 discorso
709 2892 759 2917 che
778 2892 868 2918 Paolo
882 2894 994 2927 riperta
1049 2891 1174 2922 Funus,
1196 2892 1270 2924 XIII,
1289 2899 1352 2918 xxv.

93 2931 332 2959 indirettamente.
1127 2932 1148 2950 ¹²
1167 2935 1258 2967 Igitur
1281 2936 1346 2967 quia
1369 2938 1470 2968 semper
1487 2938 1576 2961 virtus
1598 2940 1658 2966 etc„
1678 2938 1741 2962 dice
1763 2938 1880 2963 Pmms
1907 2939 1952 2964 nel

180 2973 192 2992 ⁷
209 2982 229 3001 ι
247 2978 328 3010 parte
341 2978 433 3007 sunta,
446 2979 527 3010 parte
540 2977 692 3011 riproduce
708 2976 835 3009 ΡΑυιυε,
849 2977 923 3006 XIV,
935 2980 995 3003 xm
1050 2977 1064 3009 ἕ
1084 2977 1135 3002 XV
1149 2985 1190 3010 sg.

36 3006 73 3057 Q
95 3015 133 3052 (Ρ.
152 3017 223 3052 203)
402 3031 404 3033 ,
1129 3017 1151 3035 ¹³
1170 3026 1189 3044 a
1209 3022 1327 3046 omette=
1346 3023 1478 3054 quantum
1496 3028 1545 3046 rex
1562 3022 1665 3048 ‘docuit
1683 3023 1713 3048 di
1728 3022 1853 3050 PAunm,

35 3134 58 3149 {VK

1968 257 2083 283 flumme.
2091 262 2176 279 100-101

2018 607 2038 621 c.
2054 605 2095 625 121
2102 600 2115 621 b

2027 1353 2047 1368 c.
2061 1352 2102 1372 na
2109 1353 2123 1367 a

2031 2103 2052 2119 c.
2067 2102 2106 2121 tu
2113 2097 2126 2116 b

1983 2820 2018 2838 20

1983 3033 2018 3061 ²⁵
