2398 3470
85 567 105 601 5
128 576 198 602 tem
222 569 463 607 cancellarius,
485 568 539 601 uir
560 567 677 611 magni
701 565 837 598 consilii
860 571 895 597 et
918 565 1101 602 discretus,
1132 570 1289 596 metuens
1312 575 1356 596 ne
1380 564 1408 595 si
1432 564 1524 596 forte
1549 563 1672 596 ciuitas
1694 573 1759 606 per
1780 562 1981 595 uiolentiam
2005 578 2024 591 au

19 1365 24 1393 ἰ
57 1368 101 1400 20
122 1367 216 1400 xima
239 1367 357 1399 contio
382 1372 434 1399 est
457 1365 590 1399 oborta.

64 1995 96 2014 ro

64 2202 93 2229 1⁵

11 2419 25 2448 ,5
62 2418 98 2436 ²0

5 2627 41 2657 ’·,
64 2630 96 2657 2⁵

0 2842 3 2846 “
36 2867 39 2869 .
66 2842 100 2869 30

4 2894 11 2907 a

125 240 177 275 [A.
198 241 231 268 c.
252 241 348 276 11³⁷]

127 310 417 320 *mumma—nu...-
418 307 1047 319 --------------------------------------------------------------

709 229 1002 268 ROMUALDI
1030 224 1393 268 SALERNITANI

1050 303 1973 315 -----------------------------------------------------------------------------------------------------

125 357 251 390 militia
272 357 371 402 regia
393 363 428 390 et
450 355 638 390 baronibus
660 353 828 397 plurimis,
852 354 911 396 qui
934 352 1043 386 simul'
1068 363 1146 386 cum
1170 352 1396 386 Sale-,mitanis
1419 351 1552 385 ciuibus
1574 351 1612 384 in
1634 350 1790 384 exercitu
1812 348 1981 392 principis

125 417 162 443 et
183 409 387 443 Pisanorum
403 410 568 446 insultum
582 407 700 451 sepius
722 406 893 440 facientes
908 417 969 439 eos
983 406 1134 439 uiriliter
1159 405 1419 450 impugnabant.
1466 405 1622 447 Cumque
1640 403 1764 436 ciuitas
1780 403 1823 436 ab
1839 403 1889 435 eis
1905 402 1981 434 fere

124 463 225 496 unius
247 463 375 495 mensis
396 462 509 506 spatio
532 466 623 494 esset
645 459 784 493 obsessa
807 465 843 492 et
865 459 910 491 ab
933 459 983 491 eis
1005 469 1076 491 non
1099 466 1217 501 posset
1232 457 1337 491 modo
1353 458 1470 501 aliquo
1486 458 1689 501 expugnari,
1717 456 1901 490 nouissime
1917 455 1981 487 im-

124 522 265 559 perator
287 516 332 548 ab
355 516 488 558 Apulia
509 519 654 548 uocatus
676 523 756 546 cum
778 511 974 554 apostolico
999 517 1033 543 et
1055 521 1118 544 suo
1143 511 1299 544 exercitu
1321 522 1425 553 super
1441 522 1518 543 eam
1541 511 1647 543 uenit.
1694 509 1898 543 Robbertus
1921 518 1981 540 au-

123 621 168 655 ab
191 622 403 664 imperatore
428 626 623 664 caperetur,
645 619 722 663 regi
745 618 926 662 Roggerio
948 616 1232 659 inrecuperabile
1260 617 1451 659 dampnum
1466 618 1653 655 accideret,
1671 616 1790 648 habito
1814 615 1981 648 baronum

125 675 281 713 consilio,
306 674 535 709 Salernitanis
558 673 693 707 ciuibus
717 681 760 704 ex
782 676 881 714 parte
904 670 997 714 regis
1012 670 1174 713 precepit
1189 676 1226 702 ut
1242 680 1320 702 cum
1336 669 1549 712 imperatore
1574 670 1798 703 concordiam
1823 670 1983 702 facerent

126 734 163 762 et
183 738 223 761 se
246 734 282 762 et
303 729 398 772 regis
419 727 576 760 militiam
599 736 668 770 que
690 725 726 757 in
749 724 892 757 ciuitate
916 730 992 756 erat
1014 734 1035 756 a
1058 723 1216 767 periculo
1244 723 1442 756 liberarent.
1488 723 1594 756 Ciues
1609 733 1695 755 uero
1711 724 1785 756 eius
1807 722 1982 765 preceptis

12 814 26 818 ,
123 781 405 824 obtemperantes
427 791 550 824 pacem
574 790 652 813 cum
677 779 888 821 imperatore
911 777 1075 810 fecerunt
1098 782 1133 809 et
1157 777 1240 809 data
1264 777 1307 808 de
1332 776 1402 808 suis
1433 777 1632 819 imperatori
1662 787 1790 821 magna
1820 776 1980 819 pecunia,

8 835 27 871 Ξ
60 836 102 868 10
124 835 371 879 quadrigentos
394 834 521 867 milites
543 832 602 877 qui
622 833 661 865 in
684 831 824 864 ciuitate
840 831 992 869 fuerant,
1009 831 1056 863 ad
1071 840 1190 874 regem
1214 829 1431 873 Roggerium
1455 840 1533 862 cum
1549 830 1653 862 rebus
1669 830 1738 862 suis
1753 830 1871 863 illesos
1888 830 1983 862 abire
2003 847 2005 850 -

125 889 288 921 fecerunt
301 888 320 921 ¹.

367 887 603 921 Cancellarius
626 891 743 918 autem
765 894 845 918 cum
868 883 1056 917 baronibus
1071 890 1108 917 et
1124 883 1332 927 quibusdam
1355 882 1519 915 militibus
1546 893 1583 915 se
1599 883 1635 914 in
1651 883 1791 915 Turrim
1814 885 1979 917 maiorem

122 942 260 983 recepit
274 941 296 974 ².
343 942 453 975 Facta
467 946 580 974 autem
595 949 697 983 pace,
720 937 841 971 Pisani
863 944 985 981 utpote
1009 937 1150 979 superbi
1169 942 1204 969 et
1219 936 1302 969 elati
1326 942 1496 978 ceperunt
1519 936 1661 968 iniurias
1688 942 1723 968 et
1739 937 1914 969 molestias
1931 938 1982 969 ci-

122 994 224 1028 uibus
247 994 476 1027 Salernitanis
497 993 639 1026 inferre.

686 990 759 1030 Qui
782 1002 902 1024 eorum
925 990 1123 1033 superbiam
1146 1000 1218 1023 non
1240 991 1407 1028 ferentes,
1429 989 1644 1032 accipientes
1671 1001 1767 1022 arma
1791 991 1827 1021 in
1853 1002 1913 1023 eos
1938 991 1981 1021 ir-

25 1083 35 1093 !
125 1054 280 1086 ruerunt,
305 1054 340 1080 et
362 1047 547 1079 maximum
564 1051 713 1078 castrum
731 1044 894 1088 ligneum,
919 1045 1015 1087 quod
1031 1043 1076 1076 ad
1093 1043 1386 1087 expugnationem
1411 1042 1561 1075 ciuitatis
1587 1044 1757 1082 fecerant,
1774 1043 1824 1075 eis
1839 1054 1981 1086 presen—

62 1099 100 1133 15
123 1099 227 1139 tibus,
245 1100 518 1133 combusserunt.
556 1098 660 1131 Unde
684 1097 802 1130 Pisani
819 1097 853 1130 in
867 1098 955 1130 iram
979 1096 1143 1130 commoti
1160 1095 1205 1129 ab
1220 1096 1440 1139 imperatore,
1458 1096 1517 1138 qui
1532 1096 1582 1128 eis
1597 1096 1710 1139 super'
1732 1097 1800 1129 hoc
1817 1097 1978 1128 auxilium

122 1163 193 1186 non
216 1154 426 1196 prestiterat,
449 1157 668 1186 recesserunt
691 1157 727 1184 et
749 1151 971 1193 postmodum
988 1156 1069 1184 sunt
1085 1161 1164 1183 cum
1180 1160 1264 1193 rege
1288 1149 1481 1200 Roggerio·
1500 1150 1705 1182 concordati
1719 1149 1742 1182 ³.
1789 1150 1982 1192 Imperator

122 1217 208 1240 uero
232 1207 372 1240 ciuitate
394 1206 533 1249 potitus,
551 1205 708 1248 acceptis
725 1204 769 1237 ab
786 1204 834 1236 eis
850 1215 915 1246 pro
931 1205 1082 1246 pecunia
1099 1203 1289 1242 obsidibus,
1305 1214 1327 1235 a
1343 1203 1483 1235 ciuitate
1506 1203 1687 1243 recedens,
1703 1204 1798 1245 apud
1816 1204 1980 1236 Sanctum

124 1260 330 1294 Seuerinum
344 1261 356 1278 ⁴
379 1271 441 1292 sua
464 1266 577 1293 castra
599 1258 737 1298 locauit,
761 1258 880 1301 ibique
904 1257 1022 1290 habito
1039 1257 1222 1300 apostolici
1238 1264 1273 1289 et
1288 1256 1456 1289 baronum
1472 1257 1629 1295 consilio,
1644 1258 1805 1290 comitem
1823 1258 1981 1301 Raydul-
2007 1276 2058 1293 aug.
2071 1277 2105 1289 e..
2117 1276 2168 1289 ¹11...

125 1314 196 1347 tum
221 1314 347 1347 ducem
370 1313 498 1356 Apulie
521 1312 683 1345 ordinare
707 1311 888 1354 disposuit.

935 1311 1085 1353 Propter
1108 1309 1202 1354 quod
1225 1311 1317 1343 inter
1342 1310 1572 1353 apostolicum
1589 1316 1624 1343 et
1640 1310 1884 1352 imperatorem
1911 1323 1980 1343 ma-

635 1364 863 1407 Apostolicus
887 1364 980 1396 enim
1004 1363 1179 1396 asserebat
1202 1364 1439 1396 inuestituram
1465 1364 1611 1396 ducatus
1634 1363 1760 1406 Apulie
1778 1365 1822 1396 ad
1840 1365 1891 1396 ius
1908 1365 1981 1396 Ro-

121 1421 216 1453 mani
246 1420 422 1463 pontificis
451 1419 624 1463 pertinere
651 1423 688 1451 et
710 1419 778 1451 hoc
804 1429 823 1450 a
846 1418 916 1450 suis
944 1416 1251 1460 predecessoribus
1282 1417 1389 1450 fuisse
1419 1417 1485 1449 iam
1517 1417 1623 1460 longo
1653 1423 1808 1460 tempore
1840 1418 1981 1450 firmiter

217 1568 238 1585 ι.
253 1560 364 1585 milicIa
387 1561 410 1585 C
425 1568 440 1584 e
457 1559 550 1586 Arndt
565 1572 577 1578 -
595 1558 706 1583 Salerni
728 1558 841 1583 ciuibus
864 1558 887 1582 C
903 1566 916 1581 e
935 1557 1028 1582 Arndt
1045 1571 1079 1577 —
1098 1564 1123 1588 3.
1143 1559 1242 1590 spacio
1264 1557 1310 1582 σε
1323 1557 1416 1583 Arndt
1434 1571 1468 1576 —-
1489 1565 1514 1591 5.
1536 1559 1710 1583 violenciam
1734 1559 1781 1583 σε
1794 1560 1886 1584 Arndt
1906 1573 1937 1577 -
1957 1559 1982 1584 6.

125 1602 252 1634 Rogerio
276 1602 299 1626 C
314 1610 328 1626 e
345 1602 448 1631 Arndt,
467 1602 574 1627 tacendo
591 1601 715 1625 mimae
734 1600 793 1626 AB
812 1613 844 1618 —
866 1606 890 1632 7.
916 1600 1056 1624 miliciam
1080 1599 1102 1623 C
1117 1608 1131 1624 e
1149 1600 1242 1625 Arndt
1260 1613 1292 1618 —-
1317 1606 1356 1624 ιο.
1376 1600 1531 1633 Rogerium
1555 1600 1578 1624 C
1592 1608 1606 1624 e
1625 1600 1728 1630 Arndt,
1740 1602 1849 1626 tacendo
1860 1604 1983 1626 variante

122 1644 180 1669 AB
199 1658 230 1662 —
252 1652 294 1677 39.
315 1643 374 1669 BC
388 1644 546 1669 inoerlsc'ono
563 1644 613 1675 qm*
628 1643 750 1668 Vultima
767 1644 890 1668 variante
908 1642 1011 1666 Anno:
1031 1639 1182 1667 MCXXIX
1201 1655 1232 1660 —-
1255 1649 1297 1674 19.
1316 1642 1438 1676 Propter
1456 1644 1532 1675 quod
1552 1643 1725 1676 imperatore
1744 1646 1773 1668 et
1793 1645 1982 1677 apostolicum

128 1687 151 1711 C
167 1701 199 1705 —
224 1693 311 1719 19-20.
332 1694 435 1720 magna
454 1687 603 1711 contentIo
620 1685 666 1710 Ca
684 1686 776 1710 Amat
789 1698 821 1703 —
837 1691 879 1709 20.
893 1685 993 1709 aborta
1012 1685 1037 1709 Α
1047 1684 1106 1709 BC
1118 1698 1126 1702 -
1139 1684 1283 1709 ascerebat
1305 1684 1329 1709 C
1343 1693 1357 1708 e
1376 1685 1479 1714 Arndt,
1497 1686 1605 1710 tacendo
1622 1687 1746 1711 variante
1764 1687 1789 1711 A
1800 1688 1824 1711 B

122 1776 153 1801 dl
171 1775 312 1801 Rainolfo
338 1776 414 1801 nella
436 1775 639 1808 conquista-di
663 1775 752 1800 Terra
778 1776 806 1800 di
830 1774 954 1805 Lavoro,
976 1774 1020 1798 del

122 1819 227 1843 ducato
253 1818 385 1843 d’Amalfi
404 1826 419 1843 e
438 1818 466 1843 di
492 1818 628 1846 δεύει-κως
657 1818 719 1842 dice
746 1819 807 1842 anzi
829 1817 879 1841 che
899 1817 1020 1842 Lotario

125 1860 357 1886 “mandavit....
378 1862 409 1885 ut
427 1860 596 1886 pisanorum
615 1861 758 1885 exercitus
778 1859 924 1884 Salernum
944 1859 1020 1883 obsi-

123 1905 218 1936 “deat,
244 1905 370 1937 precepit
395 1910 505 1936 quoque
528 1902 653 1928 Roberto
677 1903 805 1937 principi
830 1905 859 1927 et
878 1902 1019 1935 Magistro

125 1945 140 1960 “
150 1946 278 1971 militum
296 1945 554 1978 Neapolitanorum
573 1946 605 1970 ut
624 1945 734 1970 viribus
757 1945 828 1969 totis
840 1946 869 1969 et
883 1945 970 1968 armis
984 1944 1021 1969 si-

125 1987 206 2012 “mul
225 1995 289 2012 cum
302 1986 416 2012 Pisanis
429 1986 554 2012 camdem
572 1986 786 2011 Salernitanam
805 1985 969 2010 obsiderent
983 1986 1021 2009 ci-

123 2030 284 2058 *vitatem
303 2029 377 2061 quod
402 2030 431 2054 et
450 2029 556 2054 factum
575 2030 618 2053 est
637 2028 689 2054 XV
708 2028 764 2053 kal.
785 2028 899 2063 augusti
909 2045 934 2060 η.
972 2026 1021 2052 Gli

122 2072 242 2097 Annales
258 2071 367 2100 Pisani,
385 2070 425 2097 Μ.
445 2071 478 2096 G.
497 2071 542 2100 H..
561 2071 623 2101 SS.‚
641 2070 715 2101 XIX,
729 2077 791 2103 240,
803 2071 912 2095 dicono
932 2070 981 2094 che
996 2070 1023 2094 la

123 2114 187 2139 loro
206 2113 286 2138 flotta
305 2120 398 2138 venne
415 2120 432 2137 a
451 2111 570 2138 salerno
591 2113 612 2138 il
633 2119 667 2146 ²4
685 2113 785 2145 iugllo,
808 2113 886 2146 dopo
906 2112 1024 2137 1⁷arr1v0

123 2156 168 2181 del
188 2156 260 2180 duca
279 2155 310 2180 di
328 2155 455 2180 Baviera.
492 2154 670 2181 L’Anmuaa
687 2155 766 2184 Saxo,
780 2153 819 2180 M.
846 2155 878 2180 G.
898 2155 945 2186 H„
963 2154 1024 2186 SS.‚

123 2198 171 2227 vl,
197 2204 258 2232 774,
277 2198 416 2223 chiarisce
439 2198 480 2231 gli
507 2198 612 2222 Annali
627 2198 734 2227 Pisani,
755 2198 828 2223 dove
846 2198 872 2222 sl
892 2197 955 2222 dice
974 2197 1025 2222 che

125 2242 133 2265 i
153 2239 254 2265 PIsani
272 2241 350 2274 dopo
369 2240 519 2274 l'impresa
537 2239 680 2270 d’Amalfi,
707 2240 856 2265 sarebbero
883 2239 982 2264 andati
1008 2247 1025 2264 a

123 2283 231 2316 Napoli
251 2290 266 2307 e
285 2282 316 2307 di
335 2281 364 2307 la
382 2278 492 2308 luvinti'
508 2291 523 2308 a
541 2281 661 2308 Salerno
680 2283 711 2307 in
732 2289 867 2307 soccorso
887 2281 932 2306 del
953 2282 1024 2306 duca

124 2325 155 2350 dl
176 2324 304 2350 BavIera.

213 2365 222 2382 ¹
245 2366 378 2392 Chrontca
395 2366 658 2400 Hans-natandum,
680 2366 723 2391 ed.
740 2365 963 2399 irancuum.
995 2368 1024 2391 in

123 2409 162 2435 M.
185 2409 218 2435 G.
232 2408 281 2438 8..
299 2407 359 2440 SS.‚
371 2408 487 2438 XXVII,
509 2414 554 2441 15:
576 2408 590 2422 ‘¹
599 2408 764 2434 willelmus
777 2404 1025 2442 (af-chiepiscopus

125 2449 407 2483 “Eboracensis)....
427 2451 462 2476 ad
481 2450 638 2484 Rogerium
658 2458 723 2484 rege
742 2451 852 2479 Sicilie,
871 2453 1026 2484 cognatum

126 2495 140 2509 ‘¹
147 2501 237 2524 suum,
256 2493 378 2519 divertit
389 2495 418 2519 et
431 2501 494 2519 cum
513 2494 644 2520 Radberto
655 2493 814 2518 cancellarie,
826 2494 943 2518 eiusdem
955 2494 1027 2525 regix

125 2539 140 2554 ⁴¹
150 2537 276 2562 orlundo
295 2537 327 2561 de
344 2536 457 2569 Anglia,
474 2536 575 2562 scillcet
587 2537 619 2560 de
631 2535 748 2566 Salem,
772 2536 907 2569 plurimls
926 2536 1026 2562 diebus

127 2580 341 2606 “commoratus
359 2582 410 2605 est.
449 2580 520 2605 Erae
536 2582 623 2604 autem
647 2579 797 2605 Rodbertus
814 2580 884 2604 idem
898 2581 1028 2612 potentis-

125 2622 231 2647 (Ἥκω
241 2622 314 2646 inser
325 2622 422 2646 amicos
433 2623 517 2654 regis,
530 2621 691 2653 pecuniosus
708 2624 735 2645 et
752 2621 866 2646 donam
886 2620 1029 2646 laomim

125 2665 232 2697 magnis
239 2680 264 2696 „.
276 2663 426 2689 Robertua
438 2664 472 2689 de
493 2663 507 2677 ⁸
515 2663 638 2692 Salebta,
657 2663 692 2692 is,
706 2662 741 2687 of
752 2669 859 2693 course,
872 2661 957 2696 Selby
969 2664 1026 2688 and

128 2705 142 2719 ⁴¹
153 2707 205 2731 not
223 2705 380 2739 Sallsbury,
398 2713 428 2731 as
448 2713 526 2730 some
544 2705 616 2730 have
645 2705 820 2738 supposed„,
841 2706 911 2730 nota
929 2704 1026 2731 Cum·

126 2754 177 2774 Lus
194 2748 228 2774 H.
246 2748 389 2780 nunus,
401 2747 531 2780 England
547 2748 604 2772 and
621 2747 708 2779 Sicily
726 2749 755 2772 in
768 2747 812 2772 the
827 2746 941 2778 Twelftla
963 2747 1027 2773 Cen-

125 2795 203 2825 tum,
221 2792 253 2817 ln
274 2791 329 2817 The
346 2791 462 2825 English
481 2790 631 2817 Historicat
642 2791 764 2819 Rewlew.
776 2790 841 2824 Italy
851 2791 908 2816 and
923 2790 1029 2816 October

126 2840 182 2865 1911
202 2833 338 2867 (Oxford)
358 2841 385 2868 p.
405 2840 468 2867 437,
487 2836 555 2859 nota
575 2832 618 2858 26.

214 2877 343 2904 luamus
369 2876 629 2907 Siamus-amussis,
653 2875 845 2906 Pollentiam,
863 2876 907 2902 ed.
928 2875 1026 2908 Wmm,

127 2919 167 2945 M.
187 2920 219 2944 G.
244 2919 286 2949 H„
306 2919 369 2948 SS.‚
388 2919 446 2943 vol.
461 2919 511 2943 cit.
530 2917 580 2950 48²
600 2916 784 2943 ‘Radbertus
797 2918 855 2943 lam
867 2918 938 2944 dicti
954 2919 1028 2952 regis

130 2961 402 2987 “cancellar-ium...
418 2961 463 2986 vir
475 2960 591 2994 quldam
612 2961 641 2986 in
657 2961 739 2986 rebus
751 2962 883 2994 gerendi:
898 2963 1028 2987 strenuus

129 3004 179 3030 “et
198 3004 260 3029 siue
274 3011 376 3037 magna
391 3005 473 3036 copIa
493 3003 654 3028 litterarum
679 3004 866 3033 acutissimus,
881 3004 913 3029 ln
927 3004 1028 3037 primis

1077 1774 1323 1808 “provintialium
1350 1775 1584 1805 facundissimus,
1610 1782 1706 1801 eorum
1727 1783 1786 1800 non
1807 1778 1899 1809 impar
1919 1778 1976 1802 clo-

1077 1816 1261 1849 “quio....‚.
1298 1816 1311 1841 1
1331 1816 1495 1842 documenti
1519 1815 1570 1849 piu
1594 1818 1704 1842 antichi
1732 1818 1762 1842 di
1787 1818 1933 1852 Ruggiero
1954 1819 1978 1843 II

1074 1858 1125 1882 che
1143 1859 1268 1891 portario
1287 1859 1310 1882 il
1329 1859 1422 1883 dacum
1437 1862 1489 1891 per
1507 1867 1603 1884 manus
1622 1860 1732 1884 Robertt
1755 1861 1920 1891 cancellarii,
1940 1862 1977 1885 ri-

1075 1901 1196 1933 salgono
1215 1901 1243 1926 al
1263 1900 1296 1925 28
1315 1902 1408 1934 aprile
1435 1909 1504 1934 1140
1523 1900 1663 1935 (Gutum,
1677 1902 1697 1926 I
1703 1902 1817 1934 diplomi
1830 1905 1978 1935 purpurei,

1075 1941 1147 1966 della
1167 1941 1334 1967 Cancellerla
1351 1943 1510 1970 Normarma
1528 1946 1574 1968 etc.
1591 1942 1663 1976 cit),
1683 1952 1696 1969 e
1710 1945 1738 1969 al
1750 1949 1783 1976 ²7
1797 1947 1907 1977 agosto.
1923 1946 1979 1970 CA-

1077 1990 1158 2013 srmr,
1178 1984 1242 2018 Reg.
1269 1992 1295 2009 n.
1319 1984 1368 2009 126
1387 1993 1402 2010 e
1423 1992 1480 2017 129.

1166 2025 1178 2042 ²
1195 2026 1341 2052 L’assedio
1355 2028 1401 2052 dei
1411 2027 1512 2053 Pisani
1526 2030 1549 2054 si
1561 2027 1707 2062 prolungo
1719 2029 1776 2054 fino
1790 2030 1817 2054 al
1834 2036 1847 2063 7
1862 2032 1979 2063 agosto;

1078 2070 1126 2102 poi
1147 2070 1350 2095 inter-venneto
1370 2070 1392 2095 il
1412 2077 1486 2103 papa
1499 2071 1657 2100 eLotario‚
1678 2072 1699 2096 il
1720 2073 1802 2104 quale
1822 2073 1843 2096 il
1867 2079 1897 2106 15
1913 2081 1980 2105 ago-

1077 2113 1123 2136 sto
1141 2119 1188 2136 era
1208 2111 1311 2137 dentro
1328 2113 1356 2137 la
1368 2111 1448 2138 cltta.
1484 2113 1629 2138 Annale'sta
1647 2114 1725 2146 Saxo,
1739 2122 1785 2139 an.
1801 2121 1877 2147 1137,
1892 2117 1922 2140 in
1936 2117 1981 2141 ed.

1079 2155 1127 2179 cit.
1147 2161 1173 2188 p.
1194 2161 1255 2188 775.

1167 2195 1179 2212 ³
1197 2196 1296 2222 FALco
1316 2197 1571 2227 narravi-:mimus
1599 2205 1625 2231 p.
1647 2205 1714 2231 233:
1741 2198 1891 2227 “Quidam
1913 2207 1981 2224 vero

1080 2238 1227 2264 “militum
1247 2239 1364 2264 illorum
1378 2241 1542 2265 securitatis
1555 2243 1671 2274 accepta
1687 2241 1837 2266 licentiam
1857 2243 1979 2267 exeundi

1080 2281 1092 2296 '¹
1101 2282 1299 2315 impetrarunt,
1313 2282 1429 2314 quidam
1450 2290 1517 2308 vero
1531 2285 1559 2308 et
1573 2283 1695 2317 predicti
1709 2283 1827 2316 Rogerii
1852 2292 1981 2317 proceres

1080 2323 1138 2349 “ad
1158 2324 1272 2349 Turrim
1298 2326 1433 2350 maiorem
1458 2333 1512 2358 que
1531 2334 1614 2359 super
1633 2327 1781 2351 civitatem
1801 2328 1862 2352 erat
1881 2328 1981 2352 confu-

1081 2366 1095 2381 ¹¹
1104 2369 1208 2400 gerunt
1218 2385 1241 2398 ,μ

1168 2409 1179 2426 ⁴
1196 2409 1284 2440 IDEM,
1303 2411 1355 2436 loc.
1376 2411 1440 2436 clt.:
1463 2411 1616 2436 “Audiens
1641 2414 1734 2437 autern
1761 2413 1884 2446 populus
1904 2413 1982 2438 Pisa-

1083 2452 1206 2478 “norum
1229 2453 1379 2478 civitatem
1405 2452 1517 2478 Salerni
1539 2455 1600 2478 sine
1623 2461 1720 2479 eorum
1740 2455 1866 2480 consilio
1885 2458 1914 2479 ct
1934 2463 1981 2480 vo-

1080 2493 1094 2508 ⁸
1106 2495 1218 2521 luntate
1236 2495 1271 2520 ab
1290 2495 1462 2528 imperatore
1475 2497 1589 2530 captam
1614 2496 1709 2526 fuisse,
1724 2497 1896 2522 mirabiliter
1916 2505 1981 2522 con-

1082 2537 1213 2563 “triatatl
1239 2539 1307 2562 sunt
1332 2539 1360 2562 et
1387 2537 1484 2562 furore
1509 2539 1624 2571 arrepto
1648 2538 1811 2563 machinam
1835 2539 1982 2572 ilgnorum

1082 2578 1208 2605 “factam
1222 2580 1435 2606 combusserunt
1454 2582 1483 2605 et
1502 2580 1610 2613 paratis
1634 2581 1754 2605 navibus
1774 2580 1853 2606 Pisas
1873 2583 1983 2615 regredi

1082 2622 1288 2656 'disponebatg
1307 2623 1356 2649 sed
1369 2622 1536 2657 Apostolici
1551 2623 1714 2649 innocentii
1731 2624 1861 2656 precibus
1877 2626 1905 2650 et
1918 2633 1982 2659 pro-

1083 2663 1290 2691 “missionibus
1310 2667 1402 2691 coacti
1424 2665 1459 2691 ad
1474 2666 1653 2691 voluntatem
1676 2667 1857 2699 imperatoris
1877 2669 1982 2692 reversi

1082 2706 1096 2720 ¹¹
1108 2710 1176 2734 sunt
1186 2728 1209 2742 ,Γ
1551 2701 1554 2704 ’

1168 2750 1194 2776 11
1213 2754 1349 2777 racconto
1369 2751 1397 2776 di
1418 2758 1444 2776 κ.
1463 2749 1533 2785 pero
1552 2749 1567 2775 δ
1580 2752 1759 2776 confermato
1773 2752 1851 2785 dagli
1865 2752 1984 2777 Annales

1082 2793 1190 2822 Pisani,
1209 2793 1249 2818 M.
1269 2793 1300 2818 G.
1323 2794 1372 2822 H..
1392 2794 1453 2823 SS.‚
1472 2793 1546 2823 xlx,
1566 2799 1627 2826 241.
1664 2793 1677 2818 1
1695 2792 1795 2818 Pisani
1817 2794 1921 2820 fui-ono
1942 2797 1982 2819 at—

1081 2837 1185 2861 taccati
1210 2835 1258 2861 dai
1284 2835 1460 2861 Salernitani
1487 2836 1537 2860 che
1563 2835 1773 2861 incendiarono
1802 2835 1982 2861 “maximum

1084 2876 1097 2890 ‘¹
1105 2879 1227 2903 castrum
1236 2878 1362 2911 ligneum
1373 2895 1395 2910 η,
1406 2885 1491 2902 senza
1504 2878 1554 2902 che
1564 2877 1684 2903 Lotarlo
1695 2878 1717 2902 li
1729 2880 1861 2903 aiutasse.
1881 2879 1983 2909 Postea,

1082 2920 1261 2945 continuano
1280 2921 1320 2953 gli
1343 2920 1356 2933 “
1368 2919 1488 2945 Annales
1506 2919 1637 2951 Pisana„
1656 2920 1727 2944 idem
1745 2927 1794 2945 rex
1819 2919 1984 2953 (Loeharius)

1081 2962 1253 2989 contristatus
1275 2965 1314 2987 nt
1331 2970 1391 2987 cum
1416 2962 1536 2992 Hsam's,
1555 2963 1604 2995 qut
1628 2963 1729 2987 Pisani
1753 2964 1885 2989 miserunt
1903 2971 1984 2988 unau-

1078 3005 1183 3037 guleam
1208 3012 1267 3029 cum
1292 3005 1467 3036 sapientibus,
1491 3007 1517 3028 ee
1534 3004 1580 3029 hoe
1590 3003 1719 3035 fecerunt
1739 3012 1799 3030 cum
1817 3005 1925 3030 consilio
1945 3013 1985 3030 sa-

1901 226 1978 262 223
1998 237 2072 261 Mna..
2089 243 2124 258 cc.
2143 238 2223 260 ¹88-1S9

2003 365 2022 379 c.
2038 365 2099 382 naa

2006 1784 2037 1810 35

2007 1999 2043 2024 40

2010 2212 2040 2238 45

2010 2424 2045 2450 50

2012 2638 2042 2664 55

2058 1114 2076 1128 ι’,
2095 1115 2118 1127 :2
2126 1114 2134 1130 ς
2141 1109 2153 1127 b
