2398 3470
182 952 228 972 sm
233 958 254 971 c.»
258 954 287 971 ίεί
310 953 335 972 ll
345 955 366 977 ρ.

293 985 395 1004 999-1033

309 1125 398 1148 9⁸75&

359 1236 398 1255 990

183 1338 234 1358 Oct.
251 1343 283 1362 25,
360 1343 399 1362 990

363 1955 395 1973 10

364 2167 393 2193 Ι5

364 2590 395 2614 25

364 2803 398 2829 30

388 333 395 346 1
426 320 441 335 “
457 318 662 350 Gibbertum
685 319 895 351 monachum
917 319 1164 362 philosophum
1180 343 1210 359 „.

1197 202 1515 239 CHRONICON
1969 209 2022 244 [A.
2042 210 2074 237 c.
2095 212 2249 246 987-9901

420 271 1311 280 -a-nuno-n·--nnn=nnuc-u-uonan-nunna·...n-...un--n---n--n---un---n---a
1315 273 1668 281 nnn-.--u-...un-...u---nn......
1672 276 1677 280 .
1681 275 2270 284 --...-......-...-η-.ι-..ι-...ιη--ηη-..υ...η-..ιιι--κ-...ι-

1257 319 1432 362 Seguinus
1455 325 1568 353 autem
1597 320 1881 363 archiepiscopus
1902 320 2080 355 Senonum
2103 332 2174 356 non
2197 332 2282 355 con-

422 371 530 403 sensit
552 371 590 402 in
613 372 863 415 degradatione
891 371 1026 406 Arnulfi
1052 384 1164 417 neque
1187 374 1224 406 in
1249 372 1466 406 ordinatione
1499 373 1667 412 Gibberti,
1691 374 1755 407 sed
1776 373 1855 417 plus
1885 375 2010 409 timens
2039 376 2151 408 Deum
2178 386 2281 419 quam

421 429 597 456 terrenum
621 434 751 469 regem,
783 425 893 468 ipsum
916 436 1035 470 regem
1059 427 1093 458 in
1117 431 1282 470 quantum
1304 426 1417 469 potuit
1440 426 1629 470 redarguit.
1675 426 1756 460 Rex
1779 427 1895 471 itaque
1919 438 1996 461 cum
2020 438 2147 472 magno
2169 429 2278 463 dede-

422 487 504 509 core
529 477 657 520 expelli
681 471 780 511 iussit'
800 478 987 512 Amulium
1011 479 1054 513 de
1080 480 1229 513 ecclesia
1252 485 1287 512 et
1308 480 1359 512 sic
1383 479 1563 523 alligatum
1590 480 1722 513 retrudi
1745 480 1781 513 in
1803 491 1957 520 carcere,
1980 482 2040 515 ubi
2066 492 2177 525 nepos
2207 482 2282 515 eius

420 529 566 563 Carolus
590 530 821 570 detinebatur,
844 533 1037 577 mansitque
1061 533 1108 566 ibi
1133 533 1231 565 annis
1255 533 1315 565 III.
1362 533 1582 565 Nunciantur
1597 533 1664 566 hec
1681 533 1810 576 presuli
1837 533 1999 568 Romano
2023 534 2084 578 qui
2108 535 2211 569 ualde
2225 535 2280 568 in-
2325 532 2365 568 5

420 583 568 626 dignans
591 594 696 626 super
717 584 787 617 hoc
810 585 907 618 facto
930 586 1110 619 interdixit
1133 596 1253 618 omnes
1277 585 1461 629 episcopos
1485 586 1544 629 qui
1567 586 1636 618 iam
1661 586 1756 618 dicto
1773 586 1921 619 facinori
1945 593 2204 628 consenserant,
2218 588 2283 621 mi·
2362 582 2364 584 V

419 635 530 679 sitque
553 636 711 670 Leonem
734 637 897 671 abbatem
921 650 942 671 a
964 640 1047 672 sede
1072 639 1264 682 apostolica
1287 640 1332 672 ad
1356 640 1519 672 domnum
1551 639 1742 683 Seguinum
1773 640 2076 683 archiepiscopum
2104 640 2280 675 Senonum

420 688 479 730 qui
502 687 581 720 uice
604 698 666 721 sua
689 689 727 720 in
750 689 837 723 urbe
859 690 1027 723 Remensi
1050 690 1209 723 sinodum
1226 697 1467 735 congregaret,
1483 691 1653 723 mandans
1676 690 1727 723 illi
1744 696 1783 723 ut
1798 690 1873 723 sine
1901 691 2067 725 dilatione
2082 691 2120 724 in
2134 693 2280 735 pristino

420 741 532 783 gradu
554 741 747 775 reuoca'ret
771 743 934 775 domnum
960 742 1148 776 Arnulfum
1172 749 1207 776 et
1231 744 1443 787 degradaret
1472 743 1695 785 ‚Gibbertum
1743 738 1851 783 Quod
1880 749 1916 777 et
1945 744 2044 777 fecit.
2092 744 2282 778 Gibbertus

418 793 536 837 itaque
559 795 759 839 intelligens
782 797 877 839 quod
891 797 1019 831 iniuste
1036 797 1270 840 pontificalem
1298 797 1507 840 suscepisset
1523 797 1728 841 dignitatem
1745 798 1904 840 penituit.
1950 797 2034 831 Post
2049 798 2116 831 hec
2133 799 2280 832 domnus

422 847 611 881 Gibbertus
633 848 766 882 electus
789 855 841 883 est
865 850 1027 893 pontifex
1048 850 1087 883 in
1109 851 1195 883 urbe
1219 850 1391 884 Rauenna
1414 861 1435 882 a
1457 851 1589 894 populo
1613 851 1769 884 eiusdem
1792 850 1888 883 urbis
1903 856 1939 884 et
1954 850 1998 884 ab
2021 851 2149 884 Ottone
2172 851 2283 895 impe-

423 906 547 939 ratore,
570 902 767 945 reseditque
791 902 826 935 in
851 903 974 936 eadem
996 903 1083 937 urbe
1107 903 1269 946 pontifex
1292 914 1394 947 quam
1418 903 1585 946 plurimos
1608 914 1727 937 annos.
1773 904 1951 937 Defuncto
1967 914 2053 937 uero
2078 914 2172 947 papa
2186 904 2282 938 urbis

419 954 532 986 Rome
556 954 670 987 statim
694 956 805 988 omnis
827 957 977 999 populus
999 957 1180 990 Romanus
1202 957 1267 990 sibi
1283 957 1360 990 dari
1376 956 1596 990 acclamabat
1619 958 1784 990 domnum
1808 956 2027 991 Gibbertum.
2073 958 2280 1001 Assumptus

420 1012 535 1039 autem
560 1008 603 1040 de
626 1008 712 1041 urbe
737 1009 910 1042 Rauenna
933 1010 1112 1043 ordinatus
1135 1015 1188 1043 est
1210 1010 1371 1052 pontifex
1394 1010 1430 1042 in
1453 1010 1538 1043 urbe
1562 1011 1677 1043 Roma
1691 1009 1711 1043 ¹.

508 1059 613 1093 Anno
637 1061 813 1095 dominice
836 1062 1086 1096 incarnationis
1100 1062 1481 1106 DCCCCLXXXVIJ.
1527 1063 1712 1097 Sarraceni
1730 1063 1934 1107 depopulati
1951 1070 2030 1097 sunt
2045 1063 2244 1098 Calabriam
2256 1063 2280 1104 ¹,
2306 1063 2355 1099 15.

423 1124 441 1145 a
465 1113 592 1156 quibus
613 1120 737 1157 postea
759 1116 919 1159 sequenti
942 1126 1034 1149 anno
1057 1116 1223 1150 Cosentia
1245 1116 1383 1149 obsessa
1406 1122 1459 1149 est
1480 1122 1586 1161 atque
1609 1116 1786 1150 destructa
1798 1116 1822 1150 ⁸.

506 1166 610 1201 Anno
634 1167 812 1202 dominice
836 1169 1084 1203 incarnationis
1107 1169 1331 1217 DCCCCXC
1357 1169 1458 1203 stella
1489 1181 1510 1202 a
1539 1176 1638 1213 parte
1668 1171 1926 1213 septemtrionis
1956 1171 2118 1215 apparuit
2147 1171 2280 1204 habens

422 1221 644 1263 splendorem
669 1222 727 1264 qui
751 1223 893 1256 tenebat
916 1229 1038 1256 contra
1061 1223 1244 1256 meridiem
1269 1223 1367 1266 quasi
1390 1234 1527 1266 passum
1550 1235 1666 1257 unum.
1712 1224 1758 1257 Et
1779 1230 1859 1268 post
1888 1235 2018 1268 paucos
2050 1224 2126 1258 dies
2155 1225 2280 1258 iterum

418 1274 582 1316 apparuit
604 1274 727 1307 eadem
751 1275 852 1308 stella
876 1287 896 1308 a
918 1282 1018 1318 parte
1043 1276 1239 1309 occidentis
1264 1282 1299 1309 et
1322 1277 1489 1319 splendor
1514 1276 1587 1310 eius
1611 1278 1657 1310 ad
1680 1279 1850 1311 orientem
1881 1278 2051 1313 tendebat
2063 1277 2085 1310 ⁴.
2132 1277 2178 1311 Et
2206 1288 2276 1311 non

423 1333 501 1369 post
523 1327 650 1360 multos
673 1328 739 1361 fuit
762 1335 853 1361 terre
877 1335 990 1362 motus
1021 1340 1166 1374 magnus
1197 1330 1256 1373 qui
1288 1330 1405 1372 plures
1437 1330 1562 1363 euertit
1586 1331 1706 1363 domos
1730 1331 1767 1363 in
1798 1331 2001 1364 Beneuento
2034 1336 2069 1364 et
2098 1331 2135 1364 in
2159 1330 2281 1375 Capua
2303 1332 2360 1374 2⁰>

420 1381 615 1423 multosque
640 1381 798 1414 homines
814 1382 947 1415 occidit
959 1382 971 1399 ⁵
995 1388 1029 1415 et
1044 1383 1078 1415 in
1098 1382 1241 1415 ciuitate
1257 1382 1414 1424 Apriano
1427 1382 1440 1401 ⁶
1455 1383 1571 1425 plures
1588 1383 1755 1416 ecclesias
1770 1383 1949 1417 subuertit.
1996 1383 2127 1417 Ciuitas
2142 1393 2281 1428 quoque

422 1433 639 1476 Frequentus
651 1431 663 1449 ⁷
686 1444 774 1476 pene
798 1435 915 1467 media
937 1435 1080 1475 cecidit,
1102 1435 1280 1468 ciuitatem
1304 1445 1388 1468 vero
1411 1434 1635 1468 Consanam⁸
1652 1446 1762 1479 prope
1778 1437 1928 1470 mediam
1946 1446 2024 1469 eum
2039 1436 2210 1479 episcopo
2224 1446 2280 1468 su-

2307 799 2347 832 1⁰
2359 795 2364 834 ,³

512 1555 534 1572 1.
558 1547 710 1574 Gibertum
728 1550 767 1579 B;
789 1550 869 1575 Sasso
889 1554 1002 1575 annotat
1021 1551 1102 1575 Alias
1123 1550 1136 1563 “
1153 1551 1293 1575 Gebertum
1304 1569 1318 1582 „
1340 1563 1351 1568 -
1370 1550 1544 1584 phelophum
1567 1551 1591 1576 C
1608 1564 1640 1568 —
1662 1557 1687 1576 2.
1706 1551 1852 1585 Arnulphi
1874 1552 1901 1576 B
1918 1560 1934 1576 e
1952 1542 2033 1577 Sassso
2053 1564 2062 1569 -
2082 1550 2197 1576 Giberti
2210 1551 2277 1582 Bc,

422 1590 502 1614 Sasso
516 1599 530 1614 e
542 1591 635 1616 Arndt
647 1605 656 1609 -
671 1591 727 1617 dm.
745 1592 788 1624 A3
807 1593 884 1618 dnm.
904 1594 931 1618 Β
944 1593 968 1618 C
984 1594 1065 1619 Sasso
1079 1602 1092 1617 e
1106 1593 1198 1618 Arndt
1210 1606 1243 1610 —
1257 1600 1282 1626 3.
1296 1601 1389 1626 regem
1409 1594 1502 1627 ipsum
1525 1594 1549 1619 C
1565 1602 1579 1617 e
1599 1594 1691 1618 Arndt
1709 1607 1742 1611 —
1763 1601 1786 1627 5.
1806 1594 1969 1619 Nunciatur
1987 1594 2013 1618 A
2033 1606 2067 1611 —
2087 1597 2112 1625 7.
2130 1593 2166 1618 ad
2185 1592 2279 1618 sedem

421 1632 612 1664 apostolicam
636 1633 659 1657 C
677 1647 709 1651 —
727 1634 753 1659 6.
773 1633 906 1659 Ramensi
930 1634 954 1659 C
972 1649 1004 1653 —
1024 1643 1049 1668 9.
1069 1634 1251 1668 Arnulphum
1266 1636 1293 1660 Β
1312 1644 1325 1659 e
1345 1635 1439 1664 Sasso;
1455 1635 1611 1659 Arnulfum
1628 1635 1673 1659 C—
1686 1634 1772 1664 Quod
1791 1635 1841 1660 hec
1863 1636 1931 1661 fecit
1950 1636 1975 1661 C
1994 1648 2025 1653 —-
2048 1642 2087 1660 10.
2107 1635 2279 1669 smcephset

423 1674 596 1706 dignitatern
620 1678 650 1700 et
669 1677 797 1708 penituit
817 1678 840 1703 C
857 1691 890 1695 —
914 1684 953 1710 ¹3.
973 1678 1113 1702 acclamat
1133 1678 1157 1702 A
1170 1678 1197 1702 Β
1214 1686 1228 1702 e
1249 1678 1329 1702 Sasso
1349 1690 1359 1696 -
1373 1676 1510 1702 Gibertus
1530 1679 1596 1706 BC,
1619 1678 1699 1703 Sasso
1718 1686 1731 1702 e
1751 1677 1843 1703 Arndt
1862 1691 1894 1696 —
1917 1685 1958 1710 ¹7·
1978 1677 2066 1702 Anno
2085 1677 2204 1702 Domini!
2226 1677 2251 1703 C
2265 1685 2280 1702 e

426 1716 524 1740 Arndt.
538 1717 626 1742 Anno
651 1718 731 1743 Sasso
745 1732 777 1735 —
796 1717 837 1743 16.
857 1718 996 1744 Cosencia
1018 1720 1041 1745 C
1054 1733 1087 1737 —-
1104 1725 1143 1752 17.
1157 1719 1245 1744 Anno
1259 1719 1380 1744 Domini
1395 1720 1422 1744 B
1433 1721 1468 1750 C,·
1483 1728 1496 1743 e
1509 1720 1616 1750 Arndt,·
1631 1720 1719 1745 Anno
1735 1719 1823 1749 Sasso,
1837 1720 1863 1745 A
1876 1721 1906 1745 aeli
1913 1720 2007 1751 prima
2020 1727 2097 1744 mano
2109 1724 2245 1750 ncceooc,
2257 1718 2282 1744 il

421 1758 511 1789 quinto
531 1760 604 1792 Csu
624 1761 785 1793 aggiustato
804 1762 831 1786 in
851 1763 886 1786 X
906 1761 1105 1787 DCCCCXIX
1125 1763 1152 1786 B
1169 1775 1202 1780 —
1226 1760 1265 1787 18.
1285 1762 1366 1794 quasi
1380 1769 1467 1786 unum
1486 1769 1599 1795 passum
1614 1763 1638 1788 C
1650 1776 1682 1779 —
1698 1768 1740 1787 20.
1759 1764 1770 1785 i
1789 1760 1889 1796 Capua
1909 1764 1933 1789 C
1951 1775 1983 1780 —
2004 1768 2046 1786 21.
2065 1761 2182 1794 Aphno
2201 1759 2227 1786 A
2248 1775 2280 1779 —

423 1806 464 1824 22.
484 1802 619 1835 episcopo
640 1804 664 1828 C
680 1803 711 1828 di
723 1804 817 1835 prima
836 1812 921 1834 mano,
940 1808 1057 1829 corretto
1076 1813 1123 1829 con
1136 1804 1277 1829 inclu'ostro
1291 1804 1400 1835 pallido
1419 1806 1446 1828 in
1465 1805 1613 1838 episcopio

426 1870 439 1883 “
448 1878 516 1903 pum
534 1870 675 1897 Senoniae
694 1873 774 1898 urbis
795 1875 912 1898 nomine
931 1872 1087 1905 Seguinum
1107 1881 1170 1898 cum
1191 1873 1326 1906 suffraga-
2309 1866 2362 1908 33ῗῖ

426 1914 509 1939 “neis
529 1914 597 1939 suis.
635 1915 668 1940 In
687 1922 744 1947 quo
769 1916 894 1941 concilio
902 1933 990 1947 ......
1009 1916 1095 1949 Dopo
1121 1916 1277 1947 Arnulsum,
1298 1922 1326 1940 R.
2351 1911 2356 1917 ’

1469 1872 1481 1888 ⁴
1500 1874 1650 1906 Anonymus
1671 1874 1860 1900 Salernitanus
1878 1882 1923 1899 an.
1941 1881 2006 1907 99⁰²
2025 1874 2108 1898 Nova
2129 1873 2212 1898 stella
2225 1880 2282 1898 cam

1375 1916 1485 1948 grandi
1507 1917 1595 1941 cauda
1622 1917 1704 1950 ruben
1718 1920 1773 1948 per
1801 1918 1896 1941 multos
1915 1917 1972 1941 dies
1997 1915 2128 1948 apparuit
2143 1916 2207 1944 ete„
2233 1913 2279 1940 cf.

423 1958 543 1981 omette:
565 1957 578 1970 ²
588 1957 836 1990 archiepiscopum
848 1959 1010 1987 Remorum,
1031 1958 1114 1982 dolor
1138 1958 1251 1992 nepotis
1266 1958 1325 1982 suis

425 1991 529 2031 “quem
549 2001 664 2025 tenebat
683 2001 712 2025 in
732 2008 851 2032 carcere,
872 2001 969 2025 dicens
992 2008 1049 2025 non
1070 2001 1169 2025 debere
1188 2007 1247 2025 esse
1265 2002 1325 2033 epi-

426 2042 437 2052 ¹⁴
450 2048 567 2073 scopum
587 2043 686 2066 natum
705 2049 739 2066 ex
760 2042 922 2067 concubina
936 2060 961 2073 „.

512 2081 520 2098 ¹
540 2083 593 2108 Per
613 2084 720 2108 notizie
738 2082 790 2116 piu
809 2084 908 2109 diffuse
927 2084 968 2108 cf:
991 2084 1165 2116 chlmmus,
1188 2084 1324 2109 Historia-

425 2134 482 2150 mm
501 2126 569 2150 libri
587 2127 661 2158 IIII,
691 2127 741 2151 lib.
766 2133 814 2156 1v;
835 2127 1020 2156 Gmumnrus,
1040 2127 1111 2152 Acta
1136 2127 1243 2152 concilii
1269 2128 1324 2151 Re-

424 2168 520 2193 mensis
539 2169 577 2193 ad
594 2172 712 2193 sanctum
733 2170 867 2200 Basolum,
888 2170 930 2194 M.
957 2170 987 2194 G.
1009 2170 1054 2197 H„
1075 2168 1126 2194 SS.
1146 2168 1193 2200 HJ,
1215 2177 1243 2201 p.
1262 2168 1323 2201 644,

424 2218 438 2234 e
458 2218 513 2243 sg.;
533 2219 559 2243 p.
579 2210 631 2244 659
650 2219 665 2236 e
679 2219 719 2244 sg.
739 2211 785 2236 Cf.
805 2219 873 2245 pure
892 2212 1079 2241 Duscfflzsmz,
1102 2212 1134 2236 L.
1151 2212 1194 2241 P„
1207 2211 1242 2241 11,
1263 2211 1323 2243 256,

425 2255 494 2277 nota
514 2261 531 2286 4
549 2261 564 2278 e
584 2262 611 2286 p.
630 2253 664 2278 26
683 2261 698 2278 e
717 2261 757 2286 sg.

512 2294 523 2311 ²
542 2297 643 2335 Lupus
660 2296 934 2326 Pnorosmmmus,
955 2304 1000 2321 an.
1019 2296 1072 2329 986
1093 2296 1151 2321 ind.
1173 2296 1233 2321 XV.
1257 2297 1323 2322 Sar-

424 2339 518 2363 racem'
530 2339 783 2370 comprehenderunt
794 2343 913 2364 sanctam
928 2339 1066 2364 chiriachi
1077 2339 1216 2364 civitatem
1231 2342 1257 2363 et
1269 2339 1323 2363 dis-

423 2381 584 2411 sipaverunt
604 2381 772 2406 Calabriam.
1162 2382 1166 2387 ’

513 2421 524 2438 ³
541 2423 629 2452 IDEM,
650 2431 695 2448 an.
713 2422 766 2456 988
786 2423 847 2448 ind.
866 2423 885 2448 I.
904 2423 1148 2454 Depopulaverunt
1174 2423 1325 2448 Sarracem'

435 2466 506 2490 l't'cos
523 2466 659 2490 Barenses
679 2470 705 2491 et
723 2466 798 2491 viros
817 2475 849 2490 ac
868 2466 993 2490 mulieres
1006 2466 1032 2490 in
1048 2466 1171 2491 Siciliam
1185 2466 1323 2490 duxerunt.

512 2508 525 2532 Ι
544 2506 674 2533 Cronisti
698 2508 778 2533 arabi
804 2508 884 2532 nulla
910 2509 1016 2532 ‹ilcono
1043 2507 1120 2532 della
1145 2508 1324 2532 distruzione

426 2550 455 2573 di
475 2549 612 2581 Cosenza,
631 2557 710 2574 come
730 2557 764 2574 ne
783 2551 918 2574 tacciono
940 2551 947 2573 i
969 2549 1047 2574 fonti
1066 2550 1165 2578 latini3
1196 2549 1323 2574 l'ultimo

425 2592 542 2616 ricordo
561 2592 591 2616 di
610 2594 709 2624 questa
728 2591 799 2616 citta
819 2590 834 2616 ὲ
853 2592 898 2616 del
917 2591 978 2624 976.
1016 2591 1070 2616 Nel
1089 2597 1143 2623 370
1169 2583 1322 2624 :lell’E'gira

426 2636 450 2667 (1
460 2643 468 2659 1
492 2643 550 2667 apr.
571 2634 674 2668 989-30
693 2642 786 2660 marzo
799 2634 863 2668 990)
877 2633 999 2667 Bayin
1014 2636 1148 2659 racconta
1163 2635 1212 2659 che
1226 2635 1261 2659 ad
1269 2634 1321 2658 'Al

426 2678 544 2702 llasan
564 2679 659 2702 morto
679 2678 755 2702 nella
774 2678 916 2710 battaglia
935 2679 1038 2702 contro
1058 2676 1166 2702 Ottone
1184 2677 1220 2706 11,
1233 2684 1323 2701 succe—

426 2721 502 2745 (lette
521 2720 632 2745 Iusuf.
654 2720 742 2753 “Egli
770 2719 909 2753 soggiogo
929 2720 940 2744 i
959 2721 1037 2753 paesi
1057 2719 1103 2744 dei
1122 2717 1208 2743 Rum
1227 2727 1242 2744 e
1265 2720 1323 2743 fece

428 2763 439 2774 ‘⁸
454 2762 628 2795 risplendere
647 2762 741 2795 quella
761 2761 873 2787 nobilta
888 2762 1023 2794 d’animo,
1037 2760 1180 2787 liberaliter
1193 2769 1208 2786 e
1221 2762 1322 2793 giusti-

428 2805 498 2830 “zia
517 2805 566 2830 che
595 2813 694 2829 manca
713 2805 778 2837 (pur
806 2807 911 2838 troppo
939 2805 986 2828 nei
1012 2804 1163 2836 reggitori)
1190 2805 1218 2828 dl
1239 2804 1323 2828 molti

427 2849 504 2880 paesi
514 2865 528 2879 „
549 2846 609 2872 Ριιὸ
628 2848 759 2872 ritenersi
781 2847 831 2872 che
845 2845 931 2872 Iiisu
941 2848 953 2871 f
971 2847 1054 2872 abbia
1067 2847 1216 2871 devastato
1230 2847 1258 2871 la
1272 2846 1324 2871 Ca-

426 2891 518 2914 labria
544 2898 592 2922 per
618 2890 778 2915 vendicarsi
803 2889 1016 2914 dell’uccisione
1043 2889 1088 2914 del
1114 2889 1209 2921 padre,
1235 2897 1250 2914 e
1271 2889 1322 2914 che

426 2934 589 2964 sopratutto
609 2933 634 2957 le
654 2940 702 2958 sue
721 2933 762 2957 ire
782 2933 804 2956 si
826 2932 936 2957 {ossei-0
951 2932 1056 2957 rivolte
1070 2933 1170 2956 contro
1185 2930 1321 2956 Cosenza.

427 2974 485 2998 Cf.:
505 2974 621 3005 Amani,
641 2974 713 2999 Bibl.
734 2981 785 3003 ar..
805 2973 854 2998 cit.
872 2972 907 3003 11,
926 2980 967 3005 3¹·

1378 1958 1491 1988 ΚόΡΚΕ,
1511 1962 1552 1990 op.
1572 1959 1618 1984 cit.
1638 1967 1664 1991 p.
1687 1966 1733 1992 17:
1758 1960 1895 1984 Kometen.

1469 1999 1480 2016 ⁵
1502 2002 1621 2026 Annales
1646 2002 1839 2030 Beneventani,
1868 2010 1911 2026 aa.
1930 2009 1995 2034 990:
2020 2002 2122 2027 octavo
2141 2000 2281 2025 Kalendas

1379 2043 1542 2068 Novembris
1553 2044 1651 2076 factus
1671 2047 1711 2068 est
1723 2047 1881 2068 terremotus
1894 2052 2009 2076 magnus
2021 2043 2049 2067 in
2063 2043 2216 2068 Benevento
2224 2045 2280 2073 pro

1379 2094 1427 2117 quo
1445 2086 1599 2111 ceciderunt
1623 2086 1707 2111 m'ulta
1732 2087 1858 2119 aedificia
1881 2090 1908 2111 et
1921 2087 2018 2117 plures
2043 2086 2158 2110 homines
2183 2085 2283 2110 mortui

1378 2131 1446 2153 sunt.
1484 2128 1615 2153 Un'altra
1634 2128 1784 2153 redazione
1804 2129 1881 2161 degli
1901 2128 1983 2153 stessi
1993 2127 2103 2153 Annali
2117 2125 2169 2160 pii:
2187 2128 2280 2159 tarda,

1379 2171 1584 2203 precisamente
1604 2171 1699 2203 quella
1725 2171 1771 2195 del
1797 2171 1861 2196 cod.
1882 2177 1897 2202 3
1917 2169 1964 2203 gia
1989 2170 2070 2195 edito
2095 2171 2131 2195 da
2159 2170 2283 2196 Stefana

1379 2213 1493 2244 Borgia,
1514 2213 1578 2237 Vat.
1598 2219 1676 2246 4939,
1698 2213 1733 2237 da
1747 2213 1814 2238 altri
1828 2213 2010 2246 particolari:
2028 2213 2087 2238 Hoc
2099 2220 2167 2238 anuo
2179 2213 2197 2238 8
2213 2213 2280 2238 Kal.

1378 2256 1542 2280 Novembris
1563 2255 1627 2288 suit
1657 2258 1822 2287 terremotus,
1856 2257 1924 2281 unde
1955 2258 2114 2280 corruerunt
2140 2258 2232 2280 turres
2249 2255 2279 2280 in

1380 2298 1533 2322 Benevento
1553 2301 1580 2323 et
1606 2298 1712 2329 Vzpera,
1733 2299 1820 2323 domos
1839 2299 1928 2327 multe,
1949 2301 1976 2323 et
1994 2307 2023 2322 ex
2043 2306 2072 2323 eo
2095 2297 2196 2323 mortun·
2218 2300 2280 2322 sunt

1378 2346 1432 2369 150
1450 2341 1573 2365 homines.
1611 2339 1718 2369 Questa
1731 2340 1884 2365 redazione
1902 2338 1918 2365 ὲ
1931 2347 2016 2365 senza
2030 2340 2137 2365 dubbio
2149 2339 2278 2373 impron-

1378 2383 1439 2406 tata
1459 2390 1474 2406 a
1493 2381 1556 2408 Lito
1577 2381 1745 2413 Omen-sis,
1765 2384 1806 2408 M.
1832 2383 1863 2407 G.
1887 2384 1934 2414 H„
1949 2383 1999 2408 SS.
2013 2381 2077 2412 vn,
2097 2381 2230 2414 63631ib.
2242 2381 2280 2412 11,

1378 2432 1400 2448 c.
1424 2431 1470 2448 11:
1489 2425 1539 2449 che
1558 2431 1586 2449 R.
1605 2426 1690 2458 copia
1710 2426 1790 2457 quasi
1812 2425 1869 2450 alla
1887 2425 2006 2450 lettera:
2033 2425 2104 2450 Ante
2128 2424 2280 2458 laeseras

1378 2467 1508 2491 biennium
1527 2467 1624 2499 ingens
1649 2471 1742 2492 terrae
1767 2471 1849 2492 motus
1861 2467 1959 2500 sactus
1985 2470 2025 2492 est
2042 2470 2099 2492 tam
2128 2467 2156 2491 in
2185 2468 2280 2498 Capua

1378 2518 1455 2541 quam
1474 2510 1501 2534 in
1523 2510 1691 2535 Benevento.-
1711 2510 1751 2535 ita
1764 2514 1794 2535 ut
1805 2511 1832 2534 in
1848 2511 1942 2541 Capua
1949 2511 2086 2541 plurimas
2099 2510 2189 2535 domos
2202 2517 2278 2535 ever-

1378 2555 1456 2582 teret,
1478 2555 1505 2576 et
1522 2555 1667 2583 campanas
1687 2553 1802 2577 eiusdem
1827 2552 1951 2577 civitatis
1971 2555 2025 2583 per
2045 2560 2074 2576 se
2097 2552 2192 2577 sonari
2201 2552 2280 2585 faceb

1378 2597 1429 2617 ret.
1466 2593 1497 2617 In
1518 2594 1672 2618 Benevento
1701 2597 1789 2619 autem
1824 2595 1947 2625 Viperam
1975 2593 2079 2625 deiecit,
2107 2596 2135 2618 et
2157 2593 2280 2619 subvenit

1377 2634 1525 2666 quindecim
1544 2638 1650 2666 tumes,-
1669 2635 1696 2659 in
1715 2636 1807 2667 quihus
1826 2635 1956 2660 videlicet
1968 2637 2070 2660 centum
2082 2634 2278 2668 quinquaginta

1378 2677 1492 2701 homines
1514 2678 1613 2702 mortui
1637 2681 1705 2702 sunt.
1743 2678 1787 2702 De
1813 2678 1917 2702 Ariana
1943 2681 1970 2702 et
1994 2678 2125 2702 Frecento
2150 2684 2278 2710 magnam

1372 2723 1482 2750 partem
1511 2721 1651 2745 destruxit.
1689 2721 1865 2751 Compsanam
1890 2721 2030 2745 civitatem
2050 2723 2139 2751 prope
2164 2720 2278 2745 mediant

1379 2763 1485 2792 evertit,
1508 2763 1612 2794 eiusque
1632 2763 1779 2794 episcopum
1799 2771 1856 2787 cnm
1876 2763 1940 2788 aliis
1958 2763 2049 2787 multis
2061 2762 2168 2787 occidit.
2205 2763 2277 2787 Ron-

1377 2813 1433 2829 sam
1454 2813 1519 2829 vero
1538 2813 1595 2830 cam
1614 2805 1748 2830 universis
1760 2805 1829 2838 sere
1847 2805 1876 2830 in
1896 2814 1928 2829 ea
1941 2805 2104 2830 manentibus
2117 2805 2278 2831 summersit.

1466 2846 1477 2861 ὅ
1496 2847 1608 2871 Ariano
1627 2847 1656 2872 di
1677 2847 1791 2880 Puglia.

1466 2887 1477 2903 ⁷
1491 2889 1638 2920 Frigento,
1651 2890 1834 2914 circondarlo
1849 2890 1878 2914 di
1890 2890 1917 2915 S.
1928 2889 2042 2921 Angelo
2056 2889 2101 2914 dei
2112 2888 2276 2918 Lombardl,

1378 2932 1531 2963 provincia
1550 2931 1727 2957 d’Avellino.

1466 2971 1477 2989 ⁸
1496 2972 1593 2998 Conza
1607 2973 1683 2998 della
1696 2973 1864 3006 Campania,
1876 2981 1947 3006 pure
1961 2973 2039 2998 nello
2058 2974 2147 2998 stesso
2162 2973 2274 2998 circon-

2308 2074 2361 2137 ⁴⁰5

2307 2297 2351 2325 45.

2306 2509 2341 2537 ⁵0
2354 2474 2363 2540 ἶ,

2306 2683 2358 2765 ⁵⁵}

2303 2928 2355 2954 60-
2389 2929 2391 2932 ’
