2398 3470
173 265 251 291 Μαι..
266 271 299 286 ec.
315 265 377 289 36-87
416 255 464 290 86
975 272 978 275 >
998 251 1299 288 ROMUALDI'
1318 250 1684 288 SALERNITANI
1957 256 2041 292 [ΑΔ.
2061 258 2094 286 c.
2114 258 2265 292 365—375]

405 385 522 428 inopia
545 384 735 423 laborante,
760 394 839 416 cum
864 389 899 416 et
920 384 1076 416 locorum
1100 383 1283 426 iniquitate
1299 383 1561 425 circumseptus,
1578 383 1707 415 nullam
1729 383 1901 415 euadendi
1922 383 2123 416 facultatem
2151 385 2264 418 ‘fnan-

411 441 425 456 “
440 438 641 476 cisceretur,
665 437 766 473 fedus
790 447 868 469 cum
893 437 1050 479 [Sapore]
1074 437 1258 469 Persarum
1282 436 1397 480 Rege,
1421 437 1486 468 etsi
1509 436 1672 480 ignobile,
1696 446 1765 469 non
1788 442 1904 468 tamen
1927 435 2158 469 necessarium
2182 437 2265 469 satis

411 494 425 510 “
439 491 590 534 pepigit3
615 490 744 534 quippe
774 497 812 523 ut
843 496 963 529 tutum,
987 496 1022 522 et
1043 490 1253 523 incolumem
1284 499 1463 522 romanum
1491 489 1681 523 exercitum
1712 500 1783 522 non
1814 489 1924 522 solum
1956 489 2000 521 ab
2030 489 2171 523 incursu
2201 490 2265 522 ho-

410 547 425 563 “
438 545 550 582 stium,
580 553 701 577 uerum
731 543 846 576 etiam·
859 555 879 576 a
903 544 1057 576 locorum
1088 543 1244 586 periculo
1278 542 1452 581 liberaret,
1484 543 1622 576 Nisibin
1654 543 1832 586 oppidum,
1857 549 1891 575 et
1914 549 2048 585 partem
2079 543 2265 586 superioris

413 597 694 639 “Mesopotamie
717 596 832 630 Persis
856 597 1040 635 concessit,
1065 596 1148 628 inde
1171 596 1254 629 dum
1278 589 1324 628 ad
1347 596 1515 629 illiricum
1538 596 1680 629 rediens
1704 606 1767 638 per
1790 595 1961 629 Galatiam
1984 596 2049 627 iter
2079 596 2161 639 agit,
2185 607 2265 629 cum
2310 597 2329 629 5

409 653 424 669 “
437 652 474 684 in
491 650 690 683 cubiculum
706 650 884 693 quoddam
899 661 1029 682 nouum
1045 660 1119 682 sese
1136 649 1291 682 cubitum
1314 650 1516 691 recepisset,
1535 650 1652 682 calore
1669 659 1868 692 prunarum,
1892 655 1926 681 et
1948 649 2070 682 nidore
2093 650 2263 691 parietum

410 707 425 723 “
439 714 551 747 nuper
573 703 671 736 calce
695 703 858 736 illitorum
883 709 1101 747 aggrauatus,
1127 709 1161 735 et
1183 703 1373 735 suffocatus
1396 708 1462 735 est:
1488 709 1614 736 octauo
1639 703 1778 735 demum
1809 711 1937 741 mense,
1962 713 2065 745 quam
2091 702 2263 745 imperare

410 760 425 777 ‘⁴
438 762 592 800 ceperat,
608 757 714 789 uitam
731 757 842 789 finiuit
855 757 898 797 „¹.
950 758 964 774 ‘⁴
980 757 1130 789 Sinodus
1147 755 1335 788 Antiochie
1359 766 1380 787 a
1403 756 1539 794 Melito,
1564 762 1599 789 et
1614 757 1684 788 suis
1708 757 1814 794 facta,
1837 757 1874 788 in
1897 766 1966 799 qua
1989 755 2265 800 Homo[o]usyon

408 813 423 829 ‘⁴
435 812 581 855 rejecto,
597 809 691 842 medi
705 810 798 842 inter
813 810 879 843 hec
895 809 1181 854 Homo[o]usyon,
1205 809 1496 842 Macedonianum
1521 810 1648 853 dogma
1664 809 1941 842 uindicauerunt.
1985 809 2153 852 Jouianus
2169 803 2267 852 laps'u

406 866 421 882 ‘⁶
437 863 631 898 Constantii
647 864 913 906 >predecessoris
935 863 1142 901 admonitus,
1165 863 1377 901 honorificis,
1394 868 1429 895 et
1452 862 1705 896 officiosissimis
1728 863 1836 895 literis
1858 862 2085 895 Athanasium
2108 862 2264 906 requirit,
2290 864 2330 896 10

407 921 422 936 “
436 918 480 951 ab
502 918 579 960 ipso
602 917 751 949 formam
774 917 867 955 fidei,
892 922 927 949 et
950 916 1175 949 ecclesiarum
1193 916 1489 959 disponendarum
1511 916 1664 959 suscepit
1680 917 1839 954 modum3
1864 916 1927 949 sed
1943 916 2018 960 ejus
2041 916 2110 959 pia,
2127 915 2264 960 letaque

407 974 422 990 ⁸
435 970 610 1015 principia
632 980 725 1002 mors
747 970 928 1002 immatura
951 971 1106 1012 corrupit
1118 969 1140 1002 ².

165 1016 355 1068 Ππᾞὸἔζξᾶ
494 1023 607 1056 Rome
630 1032 724 1062 uero,
747 1029 882 1056 mortuo
905 1022 1048 1055 Liberio
1072 1022 1178 1065 Papa,
1202 1023 1370 1055 Damasus
1394 1022 1533 1055 natione
1557 1023 1719 1065 Yspanus
1732 1021 1754 1062 ³,
1786 1034 1830 1055 ex
1860 1028 1959 1065 patre
1991 1020 2156 1062 Antonio,
2186 1029 2266 1066 post

401 1079 494 1111 hunc
519 1076 671 1119 suscepit
692 1076 942 1118 episcopatum,
966 1076 1125 1118 seditque
1150 1077 1247 1109 annis
1269 1085 1360 1108 xvm
1384 1086 1520 1109 menses
1543 1075 1641 1108 duos.
1687 1076 1878 1110 Ordinatus
1902 1081 1955 1109 est
1971 1082 2085 1109 autem
2101 1076 2165 1110 sub
2181 1086 2266 1110 con-

401 1132 558 1165 tentione
590 1140 669 1162 eum
703 1128 857 1168 Ursinus,
890 1135 926 1162 et
956 1130 1054 1162 facto
1087 1130 1236 1162 concilio
1268 1129 1500 1169 sacerdotum,
1532 1130 1785 1162 constituerunt
1814 1129 2011 1169 Damasum,
2043 1130 2124 1172 quia
2154 1130 2266 1174 maior
2290 1129 2330 1163 15

402 1184 524 1229 populi
546 1194 626 1226 pars
649 1182 734 1226 ejus,
758 1189 793 1215 et
816 1183 964 1225 plurima
994 1183 1178 1216 multitudo
1209 1189 1294 1216 erat.
1340 1183 1504 1216 Ursinum
1535 1194 1620 1216 uero
1652 1183 1801 1226 ejectum
1834 1183 1877 1216 ab
1901 1182 1986 1216 urbe
2011 1183 2266 1227 constituerunt

401 1239 604 1282 episcopum
627 1236 664 1268 in
687 1236 873 1278 Neapolim
885 1236 909 1269 ⁴.
955 1236 1123 1268 Damasus
1146 1237 1264 1280 itaque
1287 1237 1324 1269 in
1350 1236 1508 1269 Sinodali
1529 1236 1672 1280 judicio,
1696 1247 1786 1270 uoce
1816 1236 1959 1280 publica
1982 1237 2183 1279 dampnauit
2205 1237 2264 1270 Li-

401 1291 546 1330 berium,
563 1296 598 1323 et
620 1289 811 1322 annullauit
834 1299 936 1322 omne
952 1288 1047 1332 quod
1062 1289 1162 1322 fecit.
1209 1290 1278 1322 Hic
1303 1289 1489 1328 constituit,
1506 1296 1544 1322 ut
1560 1290 1689 1322 Psalmi
1704 1290 1820 1322 Dauid
1833 1290 1871 1322 in
1886 1289 2044 1322 ecclesiis
2060 1300 2138 1322 cum
2154 1290 2266 1334 gloria

401 1345 563 1378 distincte
587 1348 810 1375 cantarentur
832 1353 897 1385 per
920 1342 991 1375 diei
1015 1343 1129 1381 horas,
1154 1348 1190 1375 et
1211 1343 1326 1375 noctis
1348 1342 1493 1386 uigilias.
1539 1343 1609 1375 Hic
1632 1344 1792 1386 precepit
1821 1349 1860 1375 ut
1882 1343 1973 1375 intra
1994 1343 2172 1376 missarum
2195 1343 2266 1376 sol·

399 1397 553 1440 lempnia
575 1394 758 1439 presbyter
780 1405 876 1427 suam
901 1395 1158 1428 confessionem
1181 1395 1300 1435 faciat,
1323 1401 1507 1439 antequam
1523 1395 1569 1428 ad
1587 1396 1695 1429 altare
1719 1397 1878 1429 accedat.
1930 1398 1945 1414 ⁹·
1958 1396 2026 1428 Hic
2042 1395 2131 1429 fecit
2147 1395 2263 1429 basili-
2285 1398 2328 1430 20
2376 1391 2398 1422 'f'

401 1462 460 1485 cas
483 1451 582 1489 duas,
605 1459 709 1481 unam
730 1448 830 1491 juxta
853 1449 1027 1480 theatrum
1051 1447 1143 1480 beati
1158 1448 1351 1486 Laurentii,
1369 1448 1514 1481 alteram
1531 1450 1576 1482 ad
1593 1449 1825 1488 catacumbas,
1841 1449 1901 1482 ubi
1916 1450 2100 1493 jacuerunt
2115 1459 2266 1492 corpora

401 1503 624 1546 [sanctorum]
649 1501 883 1544 apostolorum
906 1501 1014 1540 Petri,
1039 1507 1075 1534 et
1099 1502 1208 1541 Pauli,
1232 1502 1269 1534 in
1291 1512 1360 1545 quo
1383 1501 1462 1535 loco
1486 1502 1681 1535 Platoniam
1712 1503 1824 1545 ipsam
1856 1503 2013 1536 uersibus
2044 1503 2228 1537 adornauit
2239 1503 2263 1537 ⁶.
2295 1524 2307 1531 ·

400 1558 468 1590 Hic
492 1556 666 1588 inuidiose
690 1560 874 1587 accusatur
897 1555 942 1587 de
967 1554 1148 1592 adulterio,
1173 1561 1208 1587 et
1230 1556 1325 1588 facta
1349 1555 1503 1599 Synodo,
1521 1565 1638 1588 coram
1663 1565 1769 1588 xmm
1794 1557 1969 1599 episcopis
1992 1565 2029 1589 se
2046 1557 2264 1601 expurgauit,

401 1617 436 1644 et
459 1610 735 1652 dampnauerunt
758 1606 1003 1646 Concordium,
1028 1614 1064 1640 et
1086 1607 1259 1640 Calixtum
1283 1608 1461 1647 diacones,
1485 1609 1560 1653 ejus
1583 1616 1821 1648 accusatores;
1846 1610 1904 1652 qui
1921 1609 2024 1643 etiam
2040 1609 2195 1652 sepultus
2208 1620 2264 1644 re-
2375 1649 2380 1651 ‚

400 1663 551 1708 quiescit
574 1661 670 1704 apud
693 1668 849 1693 sanctum
873 1660 1015 1693 Petrum
1038 1661 1233 1703 apostolum
1242 1661 1265 1694 ⁶.
2287 1663 2329 1697 25
2396 1696 2398 1699 ¹

188 1744 209 1758 a·
225 1715 254 1758 „1-
263 1710 352 1758 513ss
490 1715 585 1749 Anni
608 1713 747 1747 Domini
770 1714 1001 1747 CCCLXXV
1029 1716 1090 1747 “et
1114 1725 1205 1747 anno
1231 1715 1274 1748 ab
1298 1715 1385 1749 urbe
1409 1716 1553 1749 condita
1576 1716 1770 1750 MCXVIII
1793 1716 2060 1750 Ualentiniauus
2082 1726 2103 1749 e
2124 1717 2265 1751 Panno·
2379 1705 2398 1724 ³⁷

405 1771 489 1803 “nia
510 1768 679 1802 mediocri
701 1768 801 1809 stirpi
825 1774 919 1800 ortus
932 1767 954 1807 ⁷,
978 1777 1123 1800 xxxvm
1147 1767 1192 1800 ab
1215 1767 1374 1812 Augusto
1407 1769 1502 1812 apud
1525 1769 1670 1802 Niceam
1703 1780 1875 1802 consensu
1905 1770 2055 1803 rnilitum
2077 1770 2265 1813 imperator

405 1827 420 1842 ⁴⁴
433 1830 568 1856 creatus
592 1826 654 1859 est,
677 1821 871 1863 mansitque
897 1820 934 1852 in
957 1830 999 1852 eo
1025 1820 1123 1852 annis
1147 1830 1185 1853 xr
1209 1821 1269 1864 qui
1293 1832 1372 1854 cum
1395 1822 1613 1855 Christianus
1636 1822 1771 1867 integra
1786 1823 1856 1856 fide
1872 1829 2123 1856 sacramentum
2141 1823 2263 1857 militie

406 1879 572 1922 “gereret
596 1880 630 1907 et
652 1873 716 1906 sub
737 1873 876 1917 Juliano
899 1873 1057 1917 Augusto
1082 1873 1239 1906 tribunus
1261 1875 1500 1914 scutariorum,
1523 1876 1634 1920 jussus
1651 1875 1694 1908 ab
1711 1876 1922 1919 imperatore
1938 1876 2112 1920 sacrilego
2127 1882 2186 1910 aut
2200 1878 2265 1910 im—
2374 1915 2375 1918 Ἴ

405 1930 564 1963 “molare
586 1927 702 1972 ydolis
725 1933 782 1960 aut
804 1927 926 1960 militia
949 1928 1122 1961 excedere
1140 1929 1199 1971 qui
1215 1929 1364 1961 fideliter
1379 1929 1491 1961 Deum
1514 1936 1683 1969 metuens,
1700 1936 1822 1973 sponte
1847 1930 2007 1964 discessit
2018 1930 2042 1964 ⁸.
2089 1931 2142 1964 Ita
2156 1941 2265 1974 parua
2286 1931 2331 1963 30

494 2056 515 2074 1.
535 2048 665 2073 locorum
685 2047 842 2079 iniquitate
859 2053 972 2079 quoque
985 2046 1190 2080 circumseptus
1206 2047 1230 2071 C
1246 2062 1278 2066 —
1301 2054 1353 2072 1·2.
1374 2049 1593 2074 namciseeretur
1610 2048 1634 2073 C
1643 2062 1677 2067 —
1693 2056 1716 2075 2.
1736 2049 1844 2082 Sapore
1863 2057 1956 2074 manca
1973 2051 2004 2074 in
2021 2050 2048 2073 B
2060 2063 2093 2068 —
2107 2057 2132 2082 4.
2146 2050 2178 2075 ni
2196 2050 2262 2082 sibl,

399 2093 487 2117 iuva-e
499 2091 531 2115 al
541 2082 670 2120 Nisibin,
685 2089 709 2114 C
719 2102 752 2106 —
767 2087 792 2113 8.
805 2088 992 2121 Homousyon
1005 2089 1049 2117 B‚·
1062 2089 1155 2114 Homo
1168 2089 1328 2122 uysionque
1344 2090 1368 2114 C
1378 2105 1410 2109 —-
1423 2098 1449 2124 9.
1463 2091 1557 2115 medio
1575 2091 1599 2115 C
1615 2104 1624 2109 —
1637 2093 1666 2116 et
1678 2092 1861 2124 homousyon
1874 2092 1918 2120 B‚·
1930 2094 1958 2117 et
1970 2092 2058 2117 homo
2071 2098 2178 2125 eosyon
2195 2091 2218 2116 C
2229 2105 2261 2111 —

404 2141 444 2159 ιο.
464 2132 637 2158 Constancii
649 2131 675 2155 B
692 2144 703 2149 -
717 2131 892 2156 ammonitus
914 2130 937 2154 C
949 2145 980 2149 -
997 2137 1037 2156 12.
1051 2132 1174 2156 imatura
1191 2131 1214 2156 C
1225 2147 1257 2151 —
1273 2139 1313 2164 14.
1326 2138 1351 2156 11
1366 2134 1390 2158 C
1406 2146 1439 2151 —
1455 2140 1544 2166 14-15.
1564 2134 1729 2159 intentione
1746 2134 1769 2158 C
1779 2148 1812 2152 —
1834 2134 1874 2159 16.
1887 2135 1913 2159 ei
1930 2134 1954 2158 C
1964 2147 1997 2154 —
2013 2140 2053 2166 17.
2066 2133 2201 2160 Sinodali
2218 2133 2261 2158 C·

400 2176 549 2201 damnavit
558 2174 585 2199 B
594 2188 627 2192 —
642 2173 682 2199 18.
691 2173 855 2198 adnullavit
873 2173 896 2197 C
906 2187 939 2192 —
955 2180 996 2206 19.
1009 2176 1042 2198 ut
1055 2181 1147 2198 manca
1160 2175 1190 2198 in
1203 2174 1229 2198 B
1242 2188 1275 2192 —
1289 2181 1331 2200 20.
1345 2175 1482 2208 presbiter
1491 2176 1543 2200 solo
1553 2176 1583 2200 in
1598 2175 1621 2200 C
1628 2190 1661 2194 —
1674 2182 1716 2201 22.
1729 2177 1855 2201 vestibus
1868 2177 1894 2200 B
1908 2191 1939 2195 —
1954 2183 1996 2209 ²3·
2009 2176 2121 2202 Sinodo
2138 2176 2179 2201 C·
2192 2178 2262 2202 xuv

358 2225 372 2251 5
400 2218 427 2242 B
437 2231 449 2237 -
462 2217 598 2251 purgavit
610 2217 637 2241 B
649 2229 683 2235 —
697 2214 740 2241 26.
753 2216 840 2240 Anno
853 2215 1007 2240 Dominlce
1020 2216 1231 2241 incarnationis
1250 2215 1405 2242 CCCLXV
1422 2217 1445 2242 C
1454 2231 1487 2236 —
1503 2217 1545 2243 28.
1557 2218 1666 2243 milicie
1683 2218 1707 2242 C
1722 2232 1755 2237 -
1769 2225 1812 2252 30.
1825 2218 1936 2243 milich).
1959 2218 1982 2243 C
1998 2219 2071 2252 -dqui
2083 2219 2219 2252 aggiungt
2241 2217 2266 2243 C

491 2305 497 2322 ¹
517 2307 656 2337 oaosms,
682 2305 743 2336 vn,
769 2313 812 2339 31,
837 2313 854 2330 a
879 2305 1054 2330 cominciare
1073 2305 1109 2330 da
1131 2305 1304 2331 “circumse-
1360 2306 1373 2320 “
1386 2307 1571 2332 veneratione
1591 2308 1707 2338 coutur,
1726 2310 1758 2332 ut
1782 2308 1813 2332 in
1840 2308 2077 2333 annotationibus
2103 2309 2133 2333 in
2153 2299 2263 2342 princi·
2355 2336 2358 2338 .

402 2350 591 2383 ‘'ptus....,‚.
1359 2350 1434 2381 “pio
1454 2350 1523 2374 libri
1533 2367 1555 2380 ,,.
1593 2350 1616 2374 Il
1636 2349 1666 2376 L.
1685 2351 1729 2379 P„
1749 2358 1775 2383 p.
1796 2357 1856 2382 213,
1876 2350 1953 2375 dice:
1974 2350 2126 2384 “sepultus
2152 2351 2195 2375 est
2213 2350 2262 2376 via
2290 2353 2322 2380 25
2360 2351 2361 2355 ’

491 2390 503 2407 ²
522 2392 613 2422 Bana,
633 2391 688 2416 loc.
708 2390 767 2420 cit„
787 2396 833 2414 an.
853 2389 932 2422 4316.
1359 2390 1544 2416 “Ardeatina
1570 2392 1601 2416 in
1626 2391 1748 2417 basilica
1767 2399 1911 2424 sua....„.
1948 2391 1973 2416 11
1992 2392 2039 2417 Da
2057 2392 2157 2423 Rossr,
2175 2393 2261 2418 Inur-

489 2431 501 2449 ⁸
520 2434 645 2458 Damaso
665 2439 732 2466 pare
752 2432 795 2456 sia
819 2431 967 2465 piuttosto
994 2439 1114 2456 romano
1134 2431 1164 2456 di
1186 2433 1305 2463 nascita,
1362 2433 1472 2462 clena„
1492 2433 1550 2458 vol.
1570 2433 1605 2464 Π,
1624 2441 1651 2467 p.
1666 2439 1716 2466 252
1729 2434 1766 2458 ha
1779 2434 1948 2468 pubblicato
1963 2435 2110 2468 l’epitaffio
2124 2435 2174 2460 che
2187 2441 2262 2468 papa

340 2485 371 2503 10
401 2477 514 2502 avendo
534 2483 585 2501 suo
607 2475 694 2509 padre
711 2474 864 2499 esercitato
890 2474 922 2499 in
947 2474 1039 2499 Roma
1066 2475 1092 2499 le
1118 2474 1252 2499 funzioni
1274 2475 1303 2499 di
1356 2475 1482 2500 Damaso
1501 2483 1635 2508 compose
1655 2484 1704 2510 per
1724 2475 1768 2501 se:

402 2520 416 2534 ‘⁴
427 2520 562 2552 exceptor
572 2537 586 2551 „
607 2525 622 2543 e
636 2518 666 2542 di
687 2517 802 2541 “lector
814 2533 837 2549 η.
875 2516 908 2541 C.
927 2517 973 2541 DE
991 2516 1087 2547 ROSSI,
1101 2516 1205 2541 Bullet.
1227 2516 1304 2549 1883,

399 2569 427 2595 p.
450 2568 479 2594 17
500 2569 541 2594 sg.
562 2559 608 2586 Cf.
629 2566 698 2593 pure
721 2566 767 2593 pp.
788 2557 878 2591 60-65.

489 2601 501 2618 ⁴
520 2602 551 2628 I..
572 2603 618 2631 P„
636 2601 657 2631 Ι,
671 2609 698 2635 p.
713 2607 773 2631 212,
793 2602 926 2630 suntat03
939 2601 962 2624 ii
976 2602 1051 2625 resto
1065 2601 1123 2625 fino
1139 2600 1152 2613 ‘¹
1164 2601 1200 2625 ad
1213 2601 1304 2626 altare

400 2646 413 2660 ⁰
425 2645 543 2671 accedat
555 2662 568 2676 ,‚
589 2652 648 2669 non
668 2643 683 2669 ὲ
702 2643 747 2668 del
766 2643 797 2668 L.
815 2643 846 2668 P.

338 2694 369 2720 15
488 2686 499 2703 ⁵
520 2687 574 2712 Nel
593 2687 725 2711 cimitero
746 2685 774 2710 di
795 2685 852 2710 San
871 2685 1041 2710 Sebastiano
1061 2684 1243 2716 (MARUCCHI,
1268 2685 1304 2709 Le

397 2731 542 2755 catacombe
560 2736 679 2756 romane,
698 2735 726 2761 p.
747 2726 809 2761 202)
828 2728 903 2752 oltre
922 2727 1104 2752 l’iscrizione
1123 2730 1206 2761 posta
1226 2728 1303 2752 nella

398 2773 535 2798 Platonla
554 2779 603 2805 per
622 2771 663 2804 gli
678 2770 806 2804 apostoli
819 2770 917 2795 Pletro
930 2777 945 2794 e
959 2770 1060 2799 Paolo,
1075 2778 1108 2794 ve
1122 2769 1198 2794 n’era
1212 2770 1302 2794 un’al-
2345 2787 2349 2803 ἑ

398 2817 443 2841 tra
463 2823 530 2848 pure
550 2815 579 2840 di
600 2821 674 2848 papa
692 2814 817 2839 Damaso
837 2813 968 2838 dedicata
981 2813 1008 2837 al
1029 2813 1145 2837 martire
1158 2813 1302 2837 Eutichio.
1444 2809 1455 2826 ⁷
1475 2811 1520 2835 Da
1539 2810 1664 2841 PAULUS,
1685 2811 1756 2836 mist.
1780 2811 1868 2840 Rom„
1885 2811 1972 2836 Liber
1994 2811 2043 2843 XI,
2061 2812 2093 2836 in
2112 2811 2149 2837 M.
2170 2810 2206 2837 G.
2223 2811 2259 2837 H.
2285 2816 2318 2844 35
2347 2813 2364 2845 J

488 2855 499 2872 ⁶
519 2857 557 2882 Al
577 2857 706 2890 margine
724 2856 799 2880 delle
819 2856 922 2889 pagine
941 2855 1080 2888 aggiunte
1094 2855 1139 2879 nel
1155 2862 1208 2880 sec.
1222 2854 1301 2879 XVII
1355 2853 1413 2883 cit„
1432 2861 1459 2886 p.
1483 2852 1540 2885 185,
1566 2859 1586 2877 a
1611 2853 1733 2886 prende:
1759 2854 1770 2867 ‘⁴
1789 2860 1804 2878 e
1830 2853 1980 2879 Pannonie
2006 2854 2145 2879 mediocri
2169 2854 2259 2887 stirpe

336 2907 371 2926 2ο
399 2899 445 2924 dai
466 2907 515 2924 ms.
536 2900 566 2924 di
585 2898 642 2924 San
656 2891 763 2929 Pletr'o‚
777 2898 803 2923 sl
817 2898 912 2930 legge:
930 2897 943 2911 “
954 2904 1005 2921 ms.
1030 2903 1108 2930 3793,
1122 2896 1177 2921 San
1197 2897 1301 2921 Dama·
1358 2895 1371 2908 ¹‘
1383 2897 1464 2920 ortus
1477 2913 1500 2926 η.

398 2942 411 2956 ⁴‘
422 2949 469 2966 sus
489 2941 566 2966 obiit
578 2943 606 2966 et
620 2941 747 2974 sepultus
762 2940 818 2965 suit
831 2940 863 2964 ln
876 2940 997 2964 basilica
1010 2938 1108 2964 Sancti
1123 2939 1202 2964 Petri
1222 2939 1302 2963 culus
1445 2936 1456 2953 ⁸
1477 2938 1617 2970 Onosnss,
1636 2939 1696 2968 VII,
1712 2945 1754 2971 32,
1767 2939 1818 2964 che
1836 2945 1855 2963 R
1875 2939 1968 2972 copia,
1984 2939 2046 2964 dice
2064 2939 2178 2964 invece=
2198 2938 2212 2952 ⁸
2225 2946 2258 2964 ac

400 2985 413 2997 ⁴‘
424 2985 510 3017 caput
529 2983 662 3008 Clemens
682 2982 756 3012 VIII,
775 2984 857 3016 pont.
877 2988 951 3007 max.
965 2981 1055 3014 digno
1070 2989 1132 3005 cum
1146 2981 1256 3005 honore
1270 2982 1301 3005 ln
1359 2981 1372 2994 ‘¹
1383 2981 1506 3005 fideliter
1525 2981 1616 3005 sclens
1635 2983 1663 3006 et
1681 2982 1815 3014 graviora
1835 2981 1890 3006 Dei
1902 2988 1961 3006 esse
1974 2981 2082 3006 iudIcla
2095 2982 2124 3005 et
2137 2980 2258 3006 meliora

386 3028 411 3056 .“
424 3026 534 3052 thecam
547 3027 711 3058 argenteam
730 3025 851 3050 inclusit
862 3026 891 3049 et
904 3025 935 3050 in
950 3023 1047 3049 eadem
1061 3024 1180 3049 basilica
1194 3030 1302 3047 summa
1359 3022 1371 3035 ‘⁴
1384 3023 1534 3056 promissa,
1552 3026 1640 3055 sponte
1660 3023 1777 3048 discessit
1787 3039 1810 3054 ,μ
2282 3029 2319 3057 4ο

1427 2539 1442 2554 ⁴¹
1456 2538 1513 2570 Qui
1526 2539 1675 2570 grav-diens
1689 2539 1784 2572 pelagi
1798 2539 1900 2571 fluctus
1917 2540 2069 2572 compressit
2085 2547 2200 2569 omme,

1432 2580 1523 2605 Vivere
1541 2581 1592 2612 qui
1604 2583 1726 2613 praestat
1744 2582 1885 2606 morientia
1902 2582 2003 2606 semtna
2022 2585 2120 2611 terrae,
2288 2586 2323 2613 30

1427 2622 1532 2647 Solvere
1550 2624 1601 2654 qul
1613 2623 1704 2655 potuit
1722 2623 1815 2648 letalia
1833 2623 1943 2648 vincula
1961 2624 2066 2654 mortis,

1425 2664 1486 2689 Post
1503 2666 1624 2690 tenebras
1633 2664 1768 2696 fratrem,
1781 2667 1842 2698 post
1858 2666 1940 2690 tertia
1957 2665 2062 2691 lumina
2080 2666 2154 2696 solis,

1425 2706 1471 2731 Aa
1486 2709 1602 2738 superos,
1621 2707 1720 2731 iterum
1739 2707 1864 2732 Marthae
1882 2708 1980 2732 donari
1995 2708 2092 2737 sorori,

1425 2748 1487 2773 Post
1503 2750 1604 2774 cineres
1621 2749 1769 2774 Damasum
1779 2748 1869 2779 saciet
1886 2750 1951 2780 quia
1969 2756 2077 2782 sar-gun
2093 2750 2169 2777 credo
2181 2766 2206 2784 „-
