2372 3502
700 537 1139 573 SERENISSIMO
1174 538 1472 574 PRINCIPI

759 616 1327 672 RAYNALDO
1381 619 1405 671 Ι

504 716 801 764 MUTINAE,
840 716 1031 764 REGII,
1069 717 1501 755 MIRANDULAE
1534 718 1660 755 ETC.

1011 798 1142 835 DUCI

663 879 891 916 PRINCIPI
919 878 1081 916 CARPI
1107 879 1345 917 CORRIGII
1373 880 1490 917 ETC.

606 1061 862 1096 PHILIPPUS
892 1060 1193 1096 ARGELATUS
1216 1062 1544 1097 BONONIENSIS

977 1134 1014 1168 S.
1048 1134 1090 1168 P.
1123 1134 1168 1167 D.

40 1338 44 1347 Ι
106 1336 110 1341 μ
392 1307 418 1331 Α
445 1295 501 1327 est
517 1291 699 1328 humanae
718 1295 871 1327 naturae
890 1290 951 1327 vel
971 1290 1210 1328 imbecillitas
1227 1291 1288 1328 vel
1307 1291 1498 1338 industria,
1519 1293 1635 1329 DUX
1655 1293 2011 1340 SERENISSIME,

35 1367 44 1378 ⁹
185 1276 352 1468 E
410 1376 450 1408 ut
477 1383 563 1408 cum
590 1370 839 1419 rependendis
864 1384 934 1419 pro
961 1372 1098 1408 merito
1125 1377 1370 1421 acceptorum
1397 1373 1670 1411 beneficiorum
1701 1375 1830 1423 gratiis
1866 1387 1905 1412 se
1942 1377 2012 1411 im-

408 1463 537 1501 parem
572 1458 764 1501 agnoscat,
801 1452 1035 1502 Principibus
1071 1453 1307 1501 potissimum
1344 1454 1458 1500 Viris,
1496 1466 1590 1503 quos
1627 1467 1737 1503 supra
1774 1468 2012 1493 communem

129 1539 269 1571 sortem
297 1534 471 1582 Dignitas
499 1534 638 1579 evexit,
668 1533 758 1570 satis
786 1532 916 1571 debito
944 1545 1012 1570 suo
1038 1534 1170 1570 fecisse
1197 1539 1316 1582 putet,
1336 1535 1366 1571 si
1386 1546 1434 1572 ex
1461 1541 1705 1585 acceptorum
1723 1549 1919 1574 munerum
1947 1550 2011 1574 cu-

131 1615 234 1652 mulo
262 1621 407 1663 partem
437 1615 613 1663 aliquam,
642 1615 818 1662 exiguam
852 1614 954 1661 licet,
992 1614 1226 1651 benefactori
1265 1616 1411 1665 offerat,
1450 1622 1562 1665 atque
1590 1618 1726 1654 iterum
1754 1619 1900 1664 reddat,
1929 1618 2008 1656 sola

128 1695 248 1733 debiti
274 1682 509 1745 professione
537 1701 687 1732 auctam
715 1701 825 1744 atque
853 1700 1035 1732 ornatam.
1091 1696 1205 1742 Hinc,
1225 1696 1263 1732 ni
1282 1696 1403 1744 fallor,
1423 1697 1634 1736 oblationes
1662 1704 1701 1735 et
1728 1700 1913 1747 primitiae
1932 1701 2007 1736 stu-

127 1789 218 1826 gum
246 1772 336 1826 erga
362 1779 467 1814 Deos
503 1778 712 1814 institutae:
750 1777 837 1814 hinc
873 1789 1026 1826 munera
1062 1778 1298 1826 Principibus
1335 1779 1436 1815 Viris
1463 1780 1604 1826 oblata,
1633 1793 1791 1830 quorum
1818 1793 1895 1817 non
1922 1793 2007 1818 raro

129 1864 269 1908 quanto
295 1860 418 1895 minor
445 1859 668 1904 aestimatio,
697 1863 803 1895 tanto
830 1859 952 1895 maior
980 1858 1110 1896 devoti
1137 1859 1249 1895 animi
1277 1860 1432 1900 affectus
1461 1860 1746 1898 demonstratur.
1802 1863 1860 1898 Ea
1879 1869 2006 1899 mente

126 1940 286 1977 Palatini
314 1939 617 1977 Mediolanenses
645 1939 747 1976 Socii
776 1952 824 1976 ex
851 1940 994 1988 ingenti
1022 1939 1201 1977 librorum
1229 1941 1351 1989 copia,
1378 1953 1491 1990 quam
1519 1954 1568 1978 ex
1596 1943 1893 1980 florentinissima
1920 1944 2007 1981 Mu-

127 2022 260 2058 tinensi
288 2021 373 2058 Tua
400 2021 638 2058 Bibliotheca
664 2021 714 2057 ad
741 2026 1004 2057 ornamentum
1026 2026 1064 2057 et
1093 2021 1336 2058 commodum
1355 2023 1483 2059 Italiae
1503 2028 1651 2060 nostrae
1670 2035 1737 2071 per
1755 2024 2006 2062 Muratorium

51 2138 54 2139 ⁷
126 2103 251 2139 Tuum
270 2114 510 2139 communem
528 2102 636 2138 nobis
654 2102 788 2148 fecisti,
806 2102 925 2138 immo
943 2102 1168 2139 Nationibus
1187 2103 1387 2150 universis3
1405 2109 1551 2151 partem
1569 2105 1676 2151 hanc,
1696 2117 1791 2153 quae
1809 2111 1916 2142 tomo
1935 2107 2007 2143 VII

128 2184 348 2229 continetur,
377 2183 625 2220 Serenissimo
652 2183 808 2220 Nomini
829 2184 914 2219 Tuo
935 2182 1098 2220 dicatam
1127 2184 1324 2230 voluimus,
1346 2196 1442 2233 quae
1461 2186 1544 2222 Tua
1563 2191 1647 2222 sunt
1674 2186 1804 2223 humili
1823 2187 2005 2236 obsequio

126 2263 338 2311 reddentes,
368 2269 408 2301 ut
435 2265 483 2301 sit
510 2263 617 2301 nobis
645 2269 839 2300 aeternum
868 2263 1067 2300 debitionis
1093 2266 1266 2314 gratique
1293 2266 1406 2302 animi
1424 2272 1722 2304 monumentum.
1778 2267 1915 2316 Neque
1934 2280 2006 2305 una

125 2346 219 2383 haec
245 2346 342 2382 ratio
367 2345 408 2382 id
434 2357 455 2383 a
483 2345 591 2382 nobis
620 2344 840 2393 expetebat:
874 2345 1075 2382 inofficiosi
1102 2357 1263 2396 namque
1290 2348 1328 2382 in
1354 2347 1477 2395 ipsum
1513 2348 1761 2385 Muratorium
1789 2350 2004 2386 iuremerito

126 2425 347 2473 diceremur,
375 2427 406 2462 si
433 2438 546 2476 quem
573 2432 769 2462 auctorem
797 2425 1114 2476 collectoremque
1143 2427 1270 2475 operis
1298 2429 1458 2465 universi
1485 2428 1692 2476 habuimus,
1722 2430 1908 2467 desiderio
1937 2443 2004 2467 suo

56 2498 59 2500 ,
125 2506 288 2544 fraudari
315 2512 543 2555 pateremur:
582 2507 753 2544 imovero
789 2507 974 2545 literariae
1010 2509 1203 2546 universae
1232 2509 1492 2557 Reipublicae,
1522 2521 1635 2559 quam
1662 2511 1750 2547 Tibi
1777 2510 2003 2548 liberalitate

46 2580 51 2614 7
124 2593 190 2625 tua
217 2587 430 2625 devinxisti.
485 2588 615 2625 Habet
642 2589 743 2625 enim
770 2589 809 2625 in
838 2588 1064 2626 collectione
1091 2595 1216 2627 nostra
1235 2591 1333 2627 unde
1353 2591 1474 2627 minus
1492 2590 1620 2628 doleat
1638 2591 1850 2629 Italicarum
1877 2605 2002 2630 rerum

50 2676 54 2682 “
124 2670 316 2717 iacturam,
347 2682 392 2707 ac
420 2675 549 2718 erepta
577 2670 685 2707 nobis
714 2676 883 2708 veterum
909 2677 1171 2708 monumenta:
1201 2676 1260 2708 tot
1286 2684 1448 2722 namque
1476 2685 1563 2710 mss.
1602 2673 1752 2710 codices
1779 2674 1999 2722 produxisti,

122 2762 262 2800 eosque
298 2751 597 2799 pretiosissimos,
636 2756 677 2788 ut
712 2751 778 2788 vix
816 2751 957 2802 aliquid
984 2751 1191 2800 optandum
1222 2754 1390 2802 supersit,
1421 2759 1459 2790 et
1486 2754 1668 2791 miraculo
1697 2755 1813 2791 ferme
1840 2757 2001 2803 posteris

124 2831 285 2869 futurum
313 2832 360 2869 sit
387 2837 445 2869 tot
471 2832 667 2869 illustrium
693 2833 859 2870 virorum
887 2834 1191 2871 Commentarios
1218 2836 1256 2871 in
1284 2834 1538 2872 Bibliotecam
1555 2835 1688 2882 Tuam,
1717 2837 1823 2873 velut
1840 2837 1879 2873 in
1897 2849 2000 2874 aera-

41 2915 63 2953 s*
127 2913 223 2950 rium
245 2913 454 2962 publicum,
483 2913 594 2951 fuisse
622 2912 826 2963 depositos.
