2398 3470
124 216 200 241 Mun..
214 223 249 237 cc.
264 216 343 242 μαψ
365 207 435 243 148
1129 205 1445 243 CHRONICON
1937 209 1987 245 [Λ-
2007 212 2041 239 C·
2060 213 2218 246 ⁷57-7081

170 880 189 894 c.
206 880 245 898 150
258 880 271 893 a

164 1736 184 1749 c.
202 1735 239 1754 179
254 1729 266 1749 b

293 2887 324 2905 10

359 278 376 285 ι·
378 275 2164 285 .................................................................................................................................................................................................
2165 276 2205 284 ...-

362 334 637 377 “patriarchium
662 333 834 366 deductus
857 339 1000 376 propter
1022 333 1226 377 grauamina
1250 338 1353 374 atque
1386 331 1581 374 preiudicia
1610 331 1683 371 illa,
1714 341 1782 375 que
1813 332 1974 367 Romano
2004 333 2135 377 populo
2164 332 2216 366 in-

362 387 376 403 '⁴
392 392 544 431 gesserat
581 387 726 419 domnus
750 386 888 418 'Paulus
918 397 1019 428 papa.
1066 386 1111 418 Et
1141 395 1305 417 corruens
1334 385 1369 416 in
1399 391 1538 422 terram,
1567 381 1725 418 manibus
1754 386 1903 418 extensis
1932 387 1971 433 in
2005 387 2216 430 pauimento,

360 440 374 455 ‘⁴
389 450 425 473 se
455 449 548 472 reum
579 445 683 482 atque
705 449 812 482 super
833 449 1013 471 numerum
1040 449 1143 470 arene
1167 437 1270 470 maris
1292 447 1459 480 peccasse
1484 437 1651 476 deflebat,
1675 443 1797 480 petens
1819 438 2057 472 misericordie
2081 439 2217 472 ueniam

364 495 379 510 “
393 490 435 525 ab
467 493 591 526 eodem
615 491 823 525 sacerdotali
847 492 1013 535 consequi
1037 491 1197 524 concilio.
1246 489 1360 529 Quem
1384 501 1406 522 a
1429 497 1522 523 terra
1545 491 1661 524 leuare
1690 491 1874 532 facientes,
1896 492 1972 535 ipso
2001 491 2059 525 die
2088 492 2216 526 nullam

363 545 434 578 “de
459 555 501 578 eo
528 545 747 587 protulerunt
769 545 985 577 sententiam.
1031 545 1112 576 Alio
1146 554 1229 576 uero
1265 543 1321 576 die
1350 544 1464 576 denuo
1496 550 1690 576 asserentes
1720 554 1799 577 eum
1830 551 1933 588 atque
1964 546 2218 589 interrogantes
2264 546 2282 578 5

361 599 432 631 “de
465 598 586 631 eadem
609 597 716 639 impia
751 597 915 635 nouitate,
951 597 1130 639 respondit
1165 597 1252 628 nihil
1286 597 1367 630 noui
1402 607 1438 629 se
1474 597 1615 636 fecisse,
1651 597 1790 630 dicens:
1823 598 1905 640 quia
1933 604 1967 631 et
1999 598 2140 643 Sergius
2163 610 2218 632 ar-

360 654 374 669 “
389 651 632 694 chiepiscopus
655 650 948 689 Rauennantium‚
973 651 1081 683 laicus
1106 650 1266 689 existens,
1291 650 1575 692 archiepiscopus
1598 650 1747 683 effectus
1771 657 1834 689 est,
1858 657 1894 684 et
1916 651 2114 694 Stephanus
2143 652 2218 695 epi-

361 707 514 747 “scopus
545 704 779 746 Neapolitane
804 703 957 736 ciuitatis
986 709 1022 736 et
1044 703 1117 745 ipse
1142 703 1252 735 laicus
1275 708 1420 745 repente
1445 704 1631 747 episcopus
1655 710 1881 737 consecratus
1904 711 1966 738 est.
2012 705 2104 738 Dum
2132 715 2217 738 uero

358 758 467 790 “talia
495 758 605 790 isdem
637 756 885 789 Constantinus
911 762 1141 799 prosequetur
1170 756 1253 788 ilico
1281 755 1481 788 sacerdotes
1505 757 1657 790 uniuersi
1681 757 1760 789 irati
1784 757 1859 789 zelo
1884 758 2119 791 ecclesiastice
2149 763 2218 791 tra-

362 811 541 849 “ditionis‚
573 811 720 853 turpiter
751 810 847 842 illum
883 816 982 842 extra
1017 809 1167 841 eandem
1205 809 1390 842 ecclesiam
1427 810 1655 852 proiecerunt
1670 810 1690 843 ¹.
1737 810 1839 844 Tunc
1876 811 2025 844 desertis
2059 811 2218 844 omnibus
2245 810 2283 844 10

358 864 372 879 “
389 864 461 896 eius
491 862 666 896 actionum
698 863 817 906 gestis,
849 862 949 895 simul
984 869 1018 894 et
1051 861 1202 894 concilio
1238 862 1308 901 illo,
1344 863 1438 906 quod
1469 863 1505 895 in
1542 863 1726 905 scripturis
1757 864 1853 906 quasi
1886 863 1930 896 de
1965 863 2063 897 eius'
2095 865 2220 898 confir·-

358 917 536 949 ‘matione
560 916 714 948 edictum
739 916 863 954 fuerat,
886 917 967 959 igne
992 915 1254 948 combusserunt
1271 915 1305 947 in
1328 915 1444 948 medio
1461 916 1669 961 presbyterii
1685 916 1795 959 ipsius
1818 916 1977 950 ecclesie.
2018 916 2100 956 Quo
2123 917 2218 951 facto

357 973 371 987 “
385 970 559 1013 proiciens
581 980 618 1002 se
642 969 678 1001 in
709 975 837 1000 terram
867 974 1006 1001 sanctus
1035 968 1233 1010 Stephanus
1261 979 1364 1012 papa,
1394 974 1429 1002 et
1458 969 1610 1002 uniuersi
1639 970 1836 1002 sacerdotes
1864 981 1941 1003 cum
1975 971 2105 1014 populo
2140 970 2216 1004 Ro-

358 1026 486 1055 “mano
515 1023 704 1055 clamantes
741 1022 988 1066 “Kirieleyson
1002 1045 1033 1061 „‚
1066 1032 1144 1054 cum
1175 1022 1307 1066 ingenti
1337 1022 1425 1055 fletu
1451 1033 1618 1066 peccasse
1650 1034 1686 1056 se
1714 1033 1834 1056 omnes
1860 1024 2009 1066 professi
2035 1030 2129 1062 sunt;
2153 1034 2218 1067 pro

358 1079 371 1094 “
386 1087 427 1110 eo
451 1077 545 1120 quod
568 1075 612 1109 de
635 1075 793 1108 manibus
815 1076 924 1118 ipsius
946 1074 1167 1108 Constantini
1192 1076 1468 1109 communionem
1494 1082 1731 1119 susceperunt,
1755 1077 1876 1120 sicque
1901 1076 2062 1110 omnibus
2085 1087 2129 1110 ex
2151 1077 2219 1111 hoc
2248 1077 2284 1110 15

357 1131 495 1163 “indita
518 1136 572 1163 est
594 1130 787 1173 penitentia
800 1128 822 1162 ².
868 1129 970 1161 Tunc
1003 1129 1117 1162 allatis
1147 1129 1388 1163 sacratissimis
1422 1130 1626 1169 canonibus,
1658 1131 1779 1174 eisque
1815 1131 1950 1174 liquido
1980 1131 2220 1174 perscrutatis,

354 1186 368 1200 ⁰·
383 1184 519 1226 prolata
542 1189 594 1216 est
625 1183 796 1215 sententia
827 1182 871 1215 ab
903 1181 1027 1215 eodem
1058 1182 1269 1216 sacerdotali
1303 1183 1454 1216 concilio
1485 1183 1549 1216 sub
1581 1184 1809 1216 anathematis
1840 1184 2028 1217 interdicto
2059 1184 2217 1218 dicente:

359 1239 374 1255 ‘⁶
388 1237 501 1269 nullus
522 1247 673 1280 unquam
697 1242 873 1278 presumat
895 1236 1064 1268 laicorum
1089 1247 1203 1279 neque
1227 1246 1270 1268 ex
1293 1236 1360 1268 alio
1384 1237 1519 1276 ordine,
1536 1237 1601 1269 nisi
1616 1237 1858 1279 predistinctis
1879 1236 2072 1282 gradibus⁸
2096 1248 2218 1271 ascen-

357 1293 370 1308 “
384 1291 480 1329 dens,
505 1290 682 1328 diaconus,
706 1295 766 1322 aut
788 1289 970 1333 presbyter
994 1288 1187 1321 cardinalis
1209 1290 1326 1321 factus
1342 1290 1460 1328 fuerit,
1485 1290 1531 1322 ad
1554 1290 1701 1322 sacrum'
1715 1290 1937 1333 pontificatus
1952 1291 2120 1323 honorem
2135 1301 2215 1334 pro—

357 1344 522 1376 “moueri.
570 1343 614 1375 Et
637 1343 704 1374 alia
726 1343 838 1384 plura,
863 1353 930 1385 que
956 1342 1126 1375 canonica
1148 1341 1358 1387 indigebant
1382 1343 1600 1376 correctione
1624 1343 1660 1375 in
1684 1344 1809 1376 eodem
1841 1343 1995 1376 concilio
2023 1349 2218 1376 statuerunt
2240 1345 2284 1377 20

356 1397 616 1430 “emendanda
663 1397 715 1428 De
741 1396 916 1438 episcopis
939 1406 1022 1428 uero
1057 1402 1162 1438 atque
1185 1395 1399 1439 presbyteris
1433 1402 1468 1429 et
1500 1395 1715 1434 diaconibus,
1743 1407 1831 1438 quos
1859 1397 1936 1439 ipse
1967 1397 2218 1430 Constantinus

354 1453 368 1467 “
385 1456 662 1488 consecrauerat,
686 1450 732 1482 ita
755 1450 792 1482 in
816 1450 936 1482 eodem
963 1450 1116 1482 concilio
1141 1450 1398 1492 promulgatum
1423 1456 1491 1487 est;
1515 1456 1552 1482 ut
1575 1450 1732 1492 episcopi
1761 1450 1821 1488 illi,
1844 1450 1874 1482 si
1905 1450 1964 1493 qui
1988 1460 2103 1482 eorum
2135 1461 2216 1494 pre-

356 1505 501 1548 “sbyter
523 1510 582 1536 aut
605 1504 772 1536 diaconus
795 1503 949 1542 fuerunt,
974 1504 1009 1535 in
1035 1503 1181 1545 pristino
1206 1503 1347 1535 honoris
1370 1503 1420 1535 sui
1444 1504 1556 1547 gradu
1587 1509 1856 1536 reuerterentur.
1903 1504 1949 1537 Et
1972 1503 2001 1536 si
2029 1503 2218 1546 placabiles

356 1559 538 1596 *fuissenu
563 1568 680 1590 coram
705 1557 836 1600 populo
861 1557 1012 1589 ciuitatis
1035 1567 1095 1588 sue
1121 1557 1236 1589 denuo
1262 1557 1356 1590 iacto
1385 1557 1530 1590 decreto
1548 1557 1742 1596 electionis,
1758 1567 1855 1590 more
1878 1556 1990 1595 solito,
2017 1567 2096 1590 cum
2119 1557 2215 1590 clero

355 1615 368 1629 “
383 1619 417 1645 et
439 1611 570 1654 populo
595 1611 640 1644 ad
663 1611 888 1653 apostolicam
912 1611 1091 1643 uenissent
1114 1611 1245 1649 sedem,
1270 1616 1305 1642 et
1329 1610 1372 1643 ab
1404 1621 1446 1643 eo
1470 1610 1686 1643 sanctissimo
1711 1620 1802 1653 papa
1825 1609 2083 1644 benedictionis
2107 1610 2212 1644 susci·
2238 1611 2279 1643 25

355 1670 506 1708 “perent
529 1664 839 1697 consecrationem.
885 1663 1086 1708 Presbyteri
1112 1674 1197 1696 uero
1220 1663 1272 1696 illi
1297 1674 1338 1697 ac
1363 1663 1503 1696 diaconi
1528 1663 1571 1696 ab
1604 1664 1728 1696 eodem
1760 1663 1989 1696 Constantino
2021 1664 2216 1697 consecrati

355 1721 368 1737 ‘⁴
382 1718 504 1751 simili'
528 1719 633 1752 modo
656 1718 689 1751 in
714 1728 756 1750 eo
781 1727 849 1761 quo
873 1718 968 1760 prius
991 1718 1196 1756 existebant,
1221 1717 1340 1750 habitu
1356 1723 1625 1750 reuerterentur.
1673 1718 1719 1750 Et
1736 1716 1957 1760 postmodum
1974 1718 2004 1750 si
2021 1718 2080 1761 qui
2097 1727 2216 1751 eorum

353 1771 571 1815 “placabiles
594 1771 801 1810 extitissent,
825 1771 1024 1803 antedictus
1048 1770 1266 1804 beatissimus
1290 1770 1449 1813 pontifex
1472 1770 1695 1814 presbyteros
1718 1780 1780 1803 eos
1803 1776 1862 1803 aut
1894 1771 2060 1804 diacones
2090 1781 2214 1804 conse-

352 1826 366 1842 “
382 1831 524 1859 crasset.
570 1825 732 1859 Statuens
754 1832 792 1857 ut
815 1825 841 1856 ii
864 1825 923 1868 qui
947 1835 991 1857 ex
1015 1825 1066 1857 eis
1091 1824 1287 1858 consecrati
1303 1831 1403 1858 erant
1430 1835 1650 1868 nequaquam
1666 1825 1712 1857 ad
1737 1824 1896 1856 altiorem
1913 1825 2081 1858 honorem
2095 1834 2217 1858 ascen-

351 1881 365 1896 “
381 1880 517 1918 derent,
541 1888 607 1911 nec
632 1878 676 1911 ad
699 1879 921 1921 pontificatus
943 1885 1233 1921 promouerentur
1258 1877 1406 1916 culmen,
1431 1889 1474 1911 ne
1498 1878 1578 1910 talis
1601 1878 1730 1920 impius
1755 1877 1918 1910 nouitatis
1934 1888 2032 1910 error
2047 1878 2082 1910 in
2099 1878 2215 1911 eccle-
2240 1879 2281 1911 30

353 1933 367 1948 “
382 1933 432 1965 sia
454 1931 650 1975 pullularet.
698 1932 776 1974 Ipse
801 1941 885 1964 uero
909 1930 1128 1964 beatissimus
1151 1931 1351 1974 Stephanus
1375 1941 1468 1974 papa
1492 1941 1608 1963 coram
1633 1930 1728 1963 omni
1752 1931 1962 1964 sacerdotali
1979 1930 2129 1975 collegio
2144 1930 2215 1963 cla-

351 1987 365 2002 “
380 1986 487 2018 mauit
511 1985 648 2018 dicens:
675 1985 771 2017 nullo
795 1986 902 2018 modo
925 1996 963 2017 se
987 1985 1163 2028 permitti⁴
1188 1991 1246 2018 aut
1276 1986 1418 2028 penitus
1442 1984 1610 2018 declinari
1643 1985 1679 2016 in
1711 1985 1900 2018 eorundem
1933 1983 2215 2029 presbyterorum

354 2042 368 2058 ‘⁴
382 2046 441 2072 aut
465 2039 690 2072 diaconorum
715 2038 1024 2071 consecrationem.
1070 2040 1122 2071 De
1147 2038 1245 2072 laicis
1268 2049 1363 2077 uero,
1388 2039 1447 2082 qui
1470 2038 1515 2071 ab
1538 2038 1663 2071 eodem
1686 2037 1919 2071 Constantino
1942 2037 2126 2080 presbiteri
2156 2044 2217 2070 aut

354 2092 522 2125 “diaconi
545 2092 738 2125 consecrati
763 2098 852 2131 sunt,
876 2093 922 2124 ita
947 2092 1203 2135 promulgatum
1227 2099 1294 2124 est:
1327 2098 1364 2125 ut
1397 2092 1433 2123 in
1468 2091 1633 2135 religioso
1665 2091 1785 2124 habitu
1818 2091 1953 2124 cunctis
1987 2090 2112 2123 diebus
2143 2090 2215 2124 uite

355 2148 369 2164 “
383 2156 502 2178 eorum
525 2145 599 2178 siue
622 2146 658 2177 in
682 2146 831 2188 propriis
855 2145 1026 2184 domibus,
1049 2146 1105 2177 uel
1130 2146 1190 2178 ubi
1214 2145 1405 2178 uoluissent
1427 2154 1634 2187 permanere
1652 2144 1830 2177 deberent.
1876 2144 2083 2177 Huiusmodi
2097 2144 2215 2187 itaque
2239 2145 2280 2178 35

353 2201 367 2216 “
383 2199 529 2243 prolatis
566 2199 757 2237 sententiis,
792 2198 842 2231 illi
881 2199 1039 2241 episcopi
1075 2199 1134 2241 qui
1172 2199 1216 2231 ab
1256 2199 1381 2232 eodem
1416 2197 1644 2231 Constantino
1684 2198 1876 2230 consecrati
1912 2197 2063 2236 fuerant,
2098 2208 2214 2230 reuer-

352 2254 366 2269 “
382 2258 496 2285 tentes
519 2253 612 2285 iuxta
636 2252 790 2284 eiusdem
816 2252 958 2284 concilii
981 2253 1186 2284 sententiam
1210 2252 1244 2284 in
1268 2253 1414 2294 pristino
1438 2252 1580 2284 honoris
1603 2252 1725 2295 gradu,
1749 2251 1853 2284 electi
1877 2251 1994 2283 denuo
2017 2261 2038 2283 a
2061 2251 2158 2284 clero
2181 2257 2216 2284 ct

355 2306 524 2349 “populo,
550 2305 618 2338 <ii
642 2306 702 2348 qui
726 2305 770 2338 de
795 2305 844 2337 eis
868 2306 1008 2338 fuerant
1030 2305 1222 2348 placabiles
1239 2305 1267 2339 >
1293 2306 1458 2348 factoque
1482 2305 1583 2338 solito
1609 2307 1763 2344 decretO,
1780 2304 1826 2337 ad
1849 2305 1969 2337 sedem
1985 2304 2213 2347 apostolicam

441 2471 463 2488 1.
484 2463 635 2488 deductum
655 2464 681 2487 B
699 2473 713 2488 e
734 2465 757 2488 C
774 2473 787 2487 e
807 2466 889 2489 Sasso
909 2477 942 2482 —
963 2471 987 2488 2.
1007 2464 1150 2497 dompnus
1173 2465 1195 2488 C
1212 2478 1220 2483 -
1239 2465 1411 2489 exstendens
1431 2465 1456 2490 C
1472 2477 1483 2483 -
1503 2466 1530 2489 et
1551 2471 1579 2488 se
1599 2471 1675 2488 reum
1699 2464 1724 2489 B
1742 2472 1755 2487 e
1777 2464 1858 2488 Sasso
1878 2477 1911 2480 —
1931 2468 1956 2494 5.
1976 2463 2040 2496 ipso
2059 2462 2107 2487 die
2125 2462 2160 2487 de
2178 2470 2211 2487 eo

353 2506 460 2530 nullam
480 2506 655 2530 sentenciam
674 2506 854 2538 protulerent
876 2507 899 2531 C
916 2520 949 2524 —
968 2506 994 2531 6.
1014 2507 1105 2531 nichil
1123 2509 1145 2531 C
1158 2521 1189 2524 —
1206 2508 1229 2539 7'.
1243 2507 1456 2531 Ravennatium
1471 2507 1497 2531 B
1510 2515 1523 2531 e
1538 2507 1619 2531 basso
1634 2519 1665 2523 —
1680 2514 1706 2538 9.
1720 2505 1803 2530 illico
1819 2507 1845 2530 B
1857 2515 1871 2530 e
1885 2506 1966 2531 Sasso
1980 2517 2014 2523 —-
2029 2511 2071 2530 11.
2085 2504 2212 2529 consilio

348 2549 390 2578 A;
411 2549 561 2581 scripturis
583 2549 609 2572 Β
627 2557 640 2572 e
661 2549 740 2573 §asso
761 2561 792 2566 —
817 2555 856 2572 12.
876 2549 1003 2574 edictum
1023 2550 1047 2573 A
1070 2550 1097 2573 B
1116 2563 1148 2566 —-
1171 2556 1212 2581 13.
1233 2549 1374 2583 projiceris
1394 2550 1422 2574 B
1440 2558 1454 2573 e
1473 2550 1569 2578 Sassog
1588 2549 1620 2573 in
1639 2550 1716 2573 terra
1737 2549 1761 2573 C
1779 2561 1810 2565 ——
1837 2555 1880 2580 14.
1905 2547 1985 2572 Kirie
2010 2547 2127 2580 eleyson
2154 2547 2181 2572 B
2198 2556 2212 2571 ε

352 2591 432 2615 Sasso
453 2603 486 2608 —
507 2597 547 2623 15·
568 2590 601 2614 de
622 2598 705 2614 manu
727 2591 754 2615 B
772 2599 786 2614 e
806 2591 885 2615 sasso
905 2603 915 2608 —
935 2593 1117 2623 susceperunt
1138 2592 1368 2616 communionem
1391 2592 1459 2617 c—
1474 2597 1516 2616 20.
1531 2592 1562 2616 in
1577 2591 1694 2616 eandem
1708 2590 1842 2616 Concilio
1857 2590 1924 2614 c—
1940 2596 1981 2614 22.
1995 2590 2059 2622 quis
2077 2596 2177 2615 eorum
2193 2589 2217 2614 C

347 2633 376 2657 di
400 2633 493 2664 prima
521 2641 597 2658 mano
617 2647 648 2649 —
670 2639 712 2665 ²3·
732 2634 892 2665 peccabiles
911 2634 938 2658 B
957 2642 970 2657 e
991 2634 1072 2659 Sasso
1093 2648 1125 2651 —
1149 2639 1192 2665 25.
1217 2634 1351 2659 uenirent
1379 2635 1474 2659 sedem
1495 2635 1521 2659 Β
1539 2643 1553 2658 e
1574 2634 1654 2659 Sasso
1674 2647 1684 2652 -
1703 2633 1899 2658 sacratissimo
1918 2639 1991 2666 papa
2012 2632 2039 2657 B
2055 2641 2069 2656 e
2091 2632 2172 2657 Sasso
2191 2645 2224 2650 —

352 2674 393 2699 26.
414 2675 572 2707 suscipient
593 2676 628 2704 C;
649 2676 682 2700 L.
702 2676 745 2704 P„
765 2675 785 2704 Ι,
799 2674 860 2708 476,
883 2675 896 2706 ξ
921 2675 1002 2701 XXI:
1023 2677 1215 2708 suscepissent
1235 2690 1244 2694 -
1265 2676 1461 2701 Constantino
1483 2677 1507 2702 C
1523 2680 1632 2707 espunto
1651 2689 1684 2695 —
1705 2673 1747 2700 28.
1767 2675 1792 2699 sl
1810 2675 1876 2707 quis
1895 2674 2051 2708 placabiles
2073 2675 2097 2700 C
2114 2688 2146 2693 —
2166 2681 2212 2706 3⁰.

353 2717 429 2741 netal
452 2717 558 2750 impius
580 2719 603 2742 C
616 2731 647 2735 —-
662 2724 704 2749 3²-
719 2716 863 2742 declinare
878 2719 904 2741 B
922 2727 935 2742 e
956 2719 1036 2743 Sasso
1058 2733 1088 2737 -—
1103 2726 1146 2751 34.
1166 2719 1317 2751 presbiteri
1337 2721 1387 2744 aut
1401 2719 1517 2744 diaconi
1540 2719 1566 2743 B
1586 2720 1609 2744 C
1626 2726 1721 2743 manca
1735 2732 1768 2737 ·-—
1781 2716 1825 2750 36.
1845 2717 1907 2742 illis
1927 2717 1997 2742 ilico
2016 2717 2161 2751 episcopis
2176 2717 2212 2747 σς

351 2761 385 2784 L.
398 2761 440 2790 R,
454 2761 472 2784 l.
490 2768 512 2784 c.
535 2760 630 2784 “ilico
650 2760 780 2793 episcopi
794 2759 839 2784 llli
854 2761 903 2791 qui
916 2778 928 2791 „
947 2774 974 2778 —
994 2760 1036 2793 38.
1050 2761 1079 2785 hi
1094 2761 1210 2793 quidem
1229 2761 1264 2786 de
1283 2762 1324 2786 eis
1346 2762 1370 2787 C

439 2833 447 2850 ¹
462 2835 494 2859 L.
509 2836 551 2865 P„
563 2834 585 2866 1,
599 2835 612 2867 ᾗ
625 2835 728 2866 XVIII,
743 2835 762 2860 l.
775 2835 840 2860 cit-t
862 2836 874 2848 ‘⁴
886 2853 893 2860 .
904 2852 911 2861 .
925 2855 945 2860 ..
967 2836 1036 2860 ilico
1050 2836 1119 2861 irati
1134 2837 1197 2861 zelo
1210 2844 1254 2862 ec·
1398 2835 1410 2853 ²
1427 2837 1515 2868 IDEM,
1535 2838 1553 2862 l.
1573 2837 1622 2862 cit.
1641 2837 1662 2869 ξ,
1683 2837 1745 2862 XX.

352 2876 528 2902 “cloeiastiee
554 2878 722 2902 traditionis
745 2877 871 2902 universi
895 2878 1060 2908 sacerdotes,
1083 2878 1174 2912 alapis
1193 2880 1255 2904 elus
1398 2878 1409 2894 ³
1432 2879 1446 2893 ‘¹
1457 2887 1507 2912 per
1525 2879 1680 2905 distinctos
1700 2879 1824 2911 grados„
1847 2880 1916 2904 nota
1935 2879 2007 2903 bene
2024 2877 2118 2903 Sasso.

355 2919 368 2932 “
378 2920 515 2944 cervicem
527 2920 623 2945 cedere
636 2919 786 2949 facientes,
799 2927 862 2945 eum
874 2922 956 2945 extra
975 2920 1092 2945 eandem
1106 2922 1254 2946 ecclesiam
1400 2921 1413 2937 ⁴
1432 2922 1518 2951 IDEM,
1536 2922 1559 2952 1,
1572 2921 1633 2955 476,
1647 2921 1661 2953 ἓ
1674 2922 1755 2947 xxh
1778 2921 1791 2935 u
1800 2922 1899 2947 dicens
1912 2921 1992 2946 nullo
2006 2920 2092 2945 modo
2105 2927 2134 2944 se
2147 2921 2213 2944 mit·
2244 2924 2274 2949 15

353 2962 522 2987 “eiecerunt
532 2979 558 2994 η.
1311 2964 1359 2995 ti,r
1383 2971 1441 2989 non
1462 2964 1574 2989 immitti
1591 2971 1670 2989 come
1690 2966 1760 2989 nota
1780 2965 1995 2989 erroneamente
2014 2963 2106 2988 Sasso.
