2398 3470
123 256 208 292 [ΛΑ.
227 256 261 284 c.
283 257 437 290 ⁷33-752]
704 249 997 286 ROMUALDI
1024 247 1391 285 SALERNITANI
1908 247 1975 283 141

124 327 139 334 -0
140 323 1981 334 .........................................................................................................................................................................................................

126 384 142 401 “
155 393 254 416 suum
277 383 380 420 misit,
404 388 443 415 ut
465 383 540 415 eius
562 383 658 415 iuxta
682 392 813 415 morem
837 381 1001 424 capillum
1023 382 1154 425 primus
1177 380 1376 414 succideret
1388 403 1419 420 „.
1469 380 1576 419 Quod
1591 381 1650 413 ille
1674 381 1868 425 gratissime
1891 390 1985 413 com-

120 436 220 479 plens
255 436 329 468 eius
353 436 520 468 cesariem
544 435 712 469 succi'dit.
759 435 888 478 Sicque
914 435 929 452 ⁸
945 441 1046 478 pater
1068 435 1142 466 eius
1173 433 1359 476 spiritualis
1390 434 1550 474 effectus,
1582 434 1698 467 multis
1728 445 1806 467 eum
1838 435 1984 467 ditatum

122 490 138 507 ‘⁴
153 489 353 522 muneribus
376 494 495 522 natum
518 490 668 533 genitori
690 489 822 521 remisit
836 487 875 530 „¹.
923 488 1034 520 Huius
1056 489 1163 531 igitur
1186 488 1336 520 amicitie
1361 487 1507 520 Carolus
1530 488 1695 531 princeps
1718 488 1878 526 confisus,
1894 488 1987 520 misit

54 583 56 589 χ
121 541 234 575 eidem
258 542 334 585 regi
356 551 485 585 rogans
507 547 547 574 ut
570 551 758 574 causa‘sue
782 540 979 574 dilectionis
1003 541 1046 573 ab
1074 540 1170 573 urbis
1197 540 1378 573 obsidione
1407 550 1443 572 se
1473 540 1615 572 cederet
1643 546 1679 572 et
1702 540 1897 573 Romanam
1926 549 1985 572 ec-

50 595 95 628 ’5
119 595 262 628 clesiam
285 605 356 627 non
379 595 592 638 inquietaret
602 594 625 627 ².
672 595 752 628 Rex
774 594 890 638 itaque
916 595 1103 636 compat-ris
1127 593 1349 636 postulationi
1373 591 1552 636 gratanter
1575 594 1705 626 annuit.

210 647 379 691 Sequenti
402 657 489 680 uero
513 658 604 680 anno
629 647 774 681 Carolus
797 647 960 690 princeps
996 648 1174 691 regionem
1205 646 1411 689 Burgundie
1442 651 1479 678 et
1504 646 1715 690 Lugdunum
1741 646 1867 686 Gallie,
1897 648 1912 664 ‘⁴
1925 646 1986 679 Li-

125 702 263 745 “gerim
288 711 428 744 quoque
452 702 593 734 fluvium
617 701 799 739 transiens,
821 711 932 743 usque
956 700 1168 739 Garonnam,
1200 700 1257 732 uel
1287 699 1410 732 urbem
1442 698 1742 743 Burdigalensem,
1764 700 1822 732 uel
1846 700 1985 733 Castro-

123 754 138 772 “
152 754 302 787 blauiam
317 779 332 794 „
362 765 440 787 cum
463 754 617 792 urbibus,
641 764 683 786 ac
706 753 912 786 suburbanis
928 764 1047 786 eorum
1071 753 1137 786 sibi
1150 752 1305 797 [subegit,
1322 762 1413 785 anno
1436 753 1591 786 eiusdem
1615 753 1784 796 principis
1800 753 1985 786 XXVIIII.

123 809 187 840 “et
210 818 230 840 a
252 809 411 850 passione
436 807 576 840 Domini
600 807 698 839 annis
724 806 961 839 DCCXXXV
973 829 1005 846 η.
1051 806 1198 850 Subegit
1222 815 1359 849 quoque
1383 811 1418 838 et
1441 805 1603 838 Frisones
1626 806 1722 839 circa
1736 807 1909 839 maritima
1924 807 1988 839 ha-

42 861 96 894 -10
121 861 287 897 bitantes;
311 860 505 894 Wandalos
527 861 630 893 etiam
655 859 773 903 gladio
795 864 832 891 et
853 859 935 902 igne
960 859 1178 892 deuastantes
1202 858 1350 892 Galliam
1375 859 1517 897 deuicit‚
1547 860 1780 891 exterminans
1808 870 1848 892 ac
1870 860 1914 892 de
1931 866 1985 892 to-

50 915 51 918 ’
118 915 162 947 tis
186 914 376 947 Galliarum
399 914 524 946 finibus
546 914 738 956 proiciens;
762 913 917 955 itemque
939 912 1190 946 rebellantibus
1213 912 1419 951 Saxonibus‚
1444 911 1504 955 qui
1528 913 1623 945 circa
1652 914 1666 930 ‘⁴
1679 913 1819 945 Renum
1842 913 1983 946 fluuium

123 969 139 986 ‘⁴
153 968 355 1006 consistunt,
379 967 519 1000 Renum
544 977 679 999 amnem
703 967 821 1009 sagaci
844 966 1036 999 intentione
1059 966 1297 1005 transmeauit,
1319 966 1472 998 maxima
1495 976 1539 998 ex
1561 971 1661 1008 parte
1683 967 1864 1011 regionem
1886 967 1982 999 illam

124 1022 140 1039 “
153 1021 355 1054 ditissimam
378 1021 501 1053 strauit
522 1025 734 1063 gentemque
757 1019 851 1052 illam
876 1019 1089 1052 seuissimam
1116 1030 1162 1052 ex
1192 1024 1292 1062 parte
1315 1018 1497 1052 tributaria
1519 1028 1595 1051 esse
1618 1020 1778 1062 precepit
1801 1026 1836 1052 et
1866 1031 1986 1063 quam-

121 1075 137 1091 “
152 1075 320 1118 plurimos
343 1073 482 1107 obsides
504 1073 548 1107 ab
572 1074 622 1106 eis
644 1074 780 1116 recepit
793 1097 807 1113 „
824 1071 847 1106 ³.
894 1072 964 1106 Per
986 1074 1080 1106 idem
1104 1079 1240 1116 tempus
1262 1073 1534 1106 Sarracenorum
1556 1074 1732 1106 exercitus
1755 1073 1905 1106 Galliam
1927 1074 1981 1106 in-

54 1127 93 1162 15
118 1129 249 1161 troiens
285 1127 409 1160 multas
432 1127 688 1161 deuastationes
711 1127 808 1166 fecit,
833 1132 954 1160 contra
977 1137 1063 1170 quos
1085 1126 1230 1160 Carolus
1260 1127 1356 1170 apud
1383 1125 1627 1159 Auennionem
1659 1126 1781 1160 urbem
1815 1128 1984 1160 dimicans

43 1173 62 1190 ”
119 1181 239 1215 urbem
263 1182 374 1224 ipsam
398 1180 511 1224 cepit‚'
535 1180 650 1214 hostes
672 1186 897 1223 prosternens
921 1180 1118 1219 trucidauia
1149 1181 1164 1198 ⁴⁶
1177 1180 1366 1213 Rodanum
1382 1180 1522 1213 fluuium
1547 1190 1626 1213 cum
1643 1181 1800 1213 exercitu
1815 1192 1877 1214 suo
1892 1187 1986 1214 tran-

123 1237 138 1253 “
152 1235 219 1273 siit,
245 1235 437 1268 Gothorum
462 1235 547 1267 fines
570 1234 767 1276 penetrauit
800 1239 906 1277 atque
930 1233 1132 1267 Narbonam
1154 1244 1263 1277 usque
1294 1234 1523 1277 peraccessit3
1556 1234 1667 1277 ipsam
1693 1245 1831 1278 quoque
1862 1235 1984 1268 urbem

120 1288 135 1305 ⁸
149 1288 288 1321 obsedit
301 1312 332 1328 „.
380 1287 566 1321 Sarraceni
589 1288 709 1330 itaque
733 1287 819 1320 urbe
837 1287 967 1330 egressi
990 1287 1128 1320 fortiter
1147 1293 1267 1320 contra
1288 1298 1366 1320 eum
1383 1287 1593 1320 dimicarunt
1609 1287 1747 1331 illisque
1763 1294 1883 1322 mutuo
1900 1299 1984 1321 con-

120 1341 338 1386 flegentibua
363 1341 547 1374 Sarraceni
570 1341 701 1374 deuicti
725 1346 829 1383 atque
861 1341 1025 1383 prostrati
1056 1341 1217 1373 uidentes
1239 1350 1359 1384 regem
1382 1351 1492 1379 suum,
1519 1341 1661 1373 nomine
1685 1340 1832 1374 Athima
1845 1365 1854 1381 ,
1877 1342 1985 1374 inter-

51 1396 96 1428 0
120 1395 254 1428 fectum
277 1395 314 1427 in
336 1395 455 1438 fugam
481 1394 568 1437 lapsi
590 1399 691 1438 terga
714 1400 910 1427 uerterunt:
947 1394 1075 1427 Franci
1097 1404 1158 1427 eos
1179 1404 1290 1436 usque
1314 1404 1409 1426 mare
1432 1394 1666 1437 insequentes,
1691 1405 1797 1438 super
1819 1406 1880 1428 eos
1902 1396 1986 1428 insi-

45 1443 46 1446 *
118 1449 205 1481 liunt
231 1448 512 1490 suffocantesque
535 1448 573 1479 in
596 1447 694 1490 aquis
716 1447 918 1480 interimunt
931 1446 953 1480 ⁴.
1002 1447 1082 1480 Non
1106 1447 1214 1480 multo
1229 1453 1308 1490 post
1330 1453 1487 1490 tempore
1508 1449 1524 1465 ‘⁶
1538 1447 1724 1481 Sarraceni
1746 1449 1873 1482 iterato
1901 1450 1984 1482 Gal-

124 1501 261 1534 “lorum
287 1501 372 1534 fines
394 1501 542 1545 ingressi
564 1509 673 1543 usque
697 1501 743 1533 ad
758 1500 981 1533 Prouinciam
997 1501 1215 1543 perueniunt,
1232 1506 1266 1533 et
1281 1506 1385 1543 capta
1407 1499 1550 1533 Arelate
1574 1501 1689 1534 omnia
1713 1501 1986 1545 circumquaque

124 1557 138 1573 “
152 1554 311 1588 demoliti
333 1560 423 1587 sunt.
469 1554 572 1586 Tunc
596 1553 742 1587 Carolus
765 1559 804 1586 ut
826 1554 915 1587 uidit
937 1554 1154 1586 innumeram
1182 1553 1439 1587 multitudinem
1455 1553 1729 1587 Sarracenorum
1753 1554 1888 1599 legatos
1903 1567 1981 1589 suos

124 1665 299 1695 “racenos
322 1663 526 1705 deposcens.
574 1660 646 1699 Qui
669 1661 758 1693 nihil
780 1666 932 1694 moratus
956 1671 1034 1693 cum
1057 1660 1190 1705 ingenti
1213 1660 1524 1704 Langobardorum
1547 1661 1703 1694 exercitu
1727 1663 1772 1695 ad
1795 1663 1870 1695 eius
1886 1664 1983 1696 adiu-

123 1717 139 1734 ¹‘
153 1716 278 1749 torium
301 1716 503 1758 properauit
518 1739 547 1756 „.
593 1715 785 1748 Commisso
809 1715 927 1757 itaque
950 1714 1063 1757 prelio
1088 1719 1184 1747 tanta
1214 1724 1274 1747 eos
1305 1715 1394 1748 cede
1426 1720 1700 1757 prostrauerunt‚
1730 1717 1826 1757 quod
1847 1717 1986 1759 penitus

121 1780 181 1803 eos
204 1769 250 1802 ab
273 1769 340 1802 illis
362 1768 564 1813 regionibus
579 1768 795 1802 deleuerunt.
841 1768 1079 1811 Liutprandus
1101 1778 1186 1800 uero
1209 1767 1325 1801 multis
1343 1767 1386 1800 ab
1403 1768 1514 1801 amico
1538 1769 1667 1801 ditatus
1690 1769 1890 1802 muneribus
1907 1780 1984 1803 cum

115 1823 211 1857 omni
233 1833 296 1856 suo
311 1823 468 1855 exercitu
483 1822 529 1855 ad
546 1822 680 1855 Italiam
696 1822 812 1861 rediit,
827 1822 864 1854 in
881 1833 950 1866 qua
965 1822 1089 1854 multas
1104 1831 1169 1864 per
1184 1821 1322 1866 singula
1336 1822 1416 1855 loca
1432 1822 1600 1854 ecclesias
1622 1822 1788 1855 instruxit
1810 1823 1982 1867 rebusque

119 1875 275 1920 plurimis
299 1875 424 1909 ditauit
435 1874 458 1908 ⁶.

207 1929 323 1963 Rome
346 1939 431 1962 uero
457 1929 628 1973 Gregorio
652 1939 744 1972 papa
768 1929 936 1962 defuncto
972 1934 1008 1961 et
1029 1929 1067 1961 in
1090 1928 1242 1962 ecclesia
1264 1928 1358 1962 beati
1380 1928 1477 1961 Petri
1500 1929 1646 1972 sepulto,
1672 1930 1841 1962 successit
1864 1931 1896 1962 ei
1919 1931 1986 1963 Za-

116 1982 263 2022 charias,
287 1982 426 2015 natione
451 1982 595 2022 Grecus‚
619 1992 662 2014 ex
685 1987 784 2025 patre
808 1981 1018 2022 Policronio‚
1041 1982 1201 2023 seditque
1217 1982 1318 2014 annis
1339 1980 1376 2014 X
1398 1982 1573 2015 mensibus
1588 1991 1654 2014 vn.
1674 1981 1689 1998 “
1703 1982 1768 2015 Uir
1784 1984 1982 2016 mitissimus

121 2037 254 2079 “atque
288 2036 509 2068 suauissimus
533 2037 697 2079 omnique
722 2035 876 2069 bonitate
900 2040 1053 2074 ornatus,
1078 2040 1213 2068 amator
1236 2035 1322 2068 cleri
1345 2040 1381 2068 et
1404 2035 1512 2068 totius
1534 2035 1668 2078 populi,
1703 2036 1824 2069 tardus
1848 2037 1893 2069 ad
1916 2038 1984 2070 ira-

115 2089 285 2123 scendum
308 2095 344 2122 et
367 2089 475 2123 uelox
504 2090 549 2123 ad
579 2090 826 2128 miserendum,
856 2088 942 2121 nulli
973 2088 1100 2122 malum
1131 2098 1196 2132 pro
1219 2088 1310 2122 malo
1333 2088 1485 2122 reddens
1500 2112 1529 2131 „,
1561 2089 1631 2122 suis
1654 2089 1759 2122 etiam
1783 2097 1984 2133 persecuto-

209 2218 232 2236 ι.
250 2211 406 2244 grauissem
425 2211 449 2237 C
459 2211 590 2243 diprima
602 2218 692 2240 mano,
703 2212 832 2235 carrena.-
845 2210 1022 2243 grattisslme
1036 2223 1068 2228 -—
1083 2215 1106 2243 5.
1121 2210 1318 2243 postulatione
1331 2211 1356 2237 C
1365 2224 1399 2230 —
1413 2215 1438 2243 7.
1453 2210 1598 2236 Garonam
1613 2212 1640 2236 B
1657 2219 1670 2235 e
1683 2211 1761 2237 Sasso
1774 2225 1807 2230 -
1822 2211 1868 2245 7-8
1882 2211 1984 2238 Castro

118 2256 249 2281 Blauiam
269 2256 294 2281 A
314 2269 347 2274 —
366 2263 391 2289 9.
411 2255 567 2281 Phrisones
587 2256 614 2280 B
631 2263 645 2280 e
663 2254 740 2280 Sasso
760 2268 794 2273 —
814 2261 854 2279 10.
874 2253 1045 2279 Guandulos
1065 2255 1152 2279 etlam
1170 2255 1270 2288 gladio
1288 2256 1318 2280 et
1337 2256 1432 2288 ignem
1454 2256 1478 2282 C
1495 2268 1528 2273 -—
1552 2261 1593 2280 11.
1612 2255 1743 2280 Rhenum
1770 2257 1797 2281 B
1814 2264 1827 2280 e
1853 2257 1931 2282 Sasso
1950 2271 1983 2276 -

122 2305 162 2331 13.
180 2298 362 2323 tributariam
381 2298 455 2327 AB;
475 2297 645 2323 tributarios
666 2297 699 2326 C;
719 2297 875 2321 tributarla
902 2297 1055 2322 Continuat.
1081 2297 1241 2329 Fredegarii
1259 2296 1312 2329 (19)
1330 2297 1376 2321 clu
1394 2297 1428 2322 R.
1446 2298 1520 2330 copia
1539 2311 1572 2315 —
1594 2305 1636 2330 14.
1657 2297 1767 2323 Gallias
1786 2299 1813 2322 B
1824 2306 1837 2322 e
1855 2300 1932 2324 sasso
1950 2313 1983 2318 -—

120 2345 161 2373 ις.
180 2340 362 2365 Avenionem
377 2341 428 2365 Be
441 2339 534 2370 Sassog
554 2338 579 2363 A
591 2339 615 2364 C
629 2338 763 2370 conformi
780 2339 933 2364 Continuat.
946 2338 1107 2370 Fraaegaru
1124 2339 1180 2370 (20)
1200 2353 1233 2356 —
1256 2345 1296 2373 17.
1316 2341 1456 2373 processit
1475 2341 1503 2372 Β
1521 2347 1535 2364 ε
1554 2340 1631 2365 Sasso
1650 2353 1683 2358 —
1704 2346 1745 2371 ²4·
1766 2340 1984 2374 Liudprandum

121 2383 144 2409 C
159 2395 170 2402 -
182 2382 364 2407 karissimum
379 2383 403 2408 C
414 2396 447 2400 —
462 2387 504 2414 25.
519 2382 611 2407 nichil
626 2382 650 2406 C
661 2394 694 2400 —
708 2387 750 2415 27.
764 2380 960 2413 Liutprandus
975 2381 999 2405 C
1010 2393 1043 2398 —
1058 2379 1101 2406 28.
1114 2381 1145 2406 ln
1159 2388 1215 2413 quo
1230 2382 1320 2407 multa
1335 2382 1359 2407 C
1370 2396 1403 2400 —
1417 2389 1461 2415 31.
1474 2382 1657 2415 Polycromio
1673 2383 1700 2407 Β
1711 2390 1724 2406 e
1737 2382 1816 2408 Sasso
1830 2396 1863 2401 —
1877 2390 1919 2416 32.
1933 2391 1983 2416 po-

119 2425 180 2458 puli
195 2425 288 2450 totius
308 2425 344 2455 C;
363 2423 394 2449 L.
414 2424 456 2456 P„
477 2423 504 2453 Ῑ,
521 2424 589 2454 426:
609 2422 624 2436 “
635 2424 730 2448 omnis
749 2422 852 2457 populi
871 2422 1094 2455 Romanorum„

119 2515 210 2549 “rege
219 2523 319 2542 eorum
330 2516 524 2549 Llutprando.
543 2516 726 2548 Venlensquc
737 2514 859 2541 Romam
876 2517 906 2540 ln
920 2522 1023 2547 campo
1077 2515 1145 2541 dato
1165 2515 1254 2541 anche
1274 2516 1477 2549 nell'epltaffio
1497 2516 1526 2541 di
1548 2516 1604 2541 lui:

119 2556 270 2583 “Neronis
299 2559 428 2584 tentoria
456 2559 592 2590 tetendit,
621 2558 844 2591 depraetatoque
863 2557 1023 2590 Campania

120 2600 252 2626 “multos
271 2600 383 2625 nobiles
402 2601 437 2625 de
455 2600 597 2625 Romanls
609 2607 689 2625 more
708 2600 963 2633 Langobardorum
982 2600 1023 2624 to-

119 2642 133 2656 “
144 2643 244 2669 tondit
263 2644 348 2675 atque
367 2643 497 2669 vestivit.
533 2642 590 2667 Pro
610 2649 667 2675 quo
688 2642 732 2667 vir
751 2642 806 2667 Dei
825 2642 953 2674 undique
972 2642 1022 2667 do·

120 2685 134 2699 ¹⁴
144 2686 207 2711 lore
217 2686 391 2710 constrictus
402 2692 495 2711 sacras
507 2685 601 2710 claves
613 2692 649 2710 ex
661 2684 843 2709 confessione
853 2685 929 2709 beati
944 2684 1020 2709 Petri

120 2726 271 2762 “apostoli
292 2729 444 2761 accipiens,
465 2728 595 2761 partibus
614 2727 753 2752 FrancIae
773 2726 880 2752 Carolo
899 2728 1021 2760 sagacls-
1161 2726 1173 2744 ³
1192 2735 1211 2753 R
1230 2730 1317 2754 mette
1336 2730 1455 2753 assieme
1475 2729 1500 2753 le
1522 2729 1737 2754 Continuatianes
1756 2729 1918 2762 Fredegan'i
1936 2729 1982 2761 (¹4

1165 2597 1184 2605 ..
1193 2599 1197 2604 .
1207 2599 1212 2604 .
1223 2580 1352 2612 Deinceps
1370 2583 1501 2605 tremuere
1513 2580 1618 2612 feroces

1168 2622 1254 2653 Usque
1274 2623 1414 2650 Saraceni,
1434 2630 1498 2654 quos
1517 2623 1630 2655 dispulit
1649 2625 1775 2655 impiger,
1796 2625 1863 2654 spi-os

1152 2663 1231 2688 ··Cum
1247 2666 1399 2695 premerent
1425 2663 1522 2691 Gallos,
1546 2664 1639 2688 carolo
1655 2667 1775 2695 poscente
1794 2666 1895 2689 iurari.

120 2810 134 2824 ‘⁴
146 2812 207 2837 vall
225 2812 333 2837 itenere
358 2819 408 2845 per
433 2813 535 2840 mlssos
563 2819 628 2836 suos
651 2811 768 2841 direxit,
786 2810 815 2836 ld
839 2813 883 2836 est
901 2811 1022 2837 Anastn-
1073 2814 1165 2846 questi
1187 2813 1252 2838 fatti
1274 2813 1423 2838 sarebbero
1441 2814 1581 2839 avvenuti
1601 2813 1644 2838 fra
1665 2813 1685 2837 il
1707 2819 1756 2846 733
1777 2820 1792 2838 e
1811 2813 1832 2837 11
1854 2813 1913 2846 738.

121 2852 229 2884 “s1um,
249 2854 435 2888 oppressione
455 2853 712 2886 Langobardorum
731 2853 865 2879 liberaret
875 2871 899 2885 ,,.
1164 2854 1176 2870 ⁴
1196 2853 1388 2887 Abderamam
1408 2856 1438 2880 di
1459 2855 1506 2880 cul
1524 2862 1543 2880 R
1562 2856 1599 2880 ha
1618 2853 1667 2888 gia
1686 2855 1808 2889 parlato.

207 2894 216 2912 ¹
235 2895 361 2926 PAULUS‚
381 2896 429 2928 VI,
448 2902 511 2921 ΜΠ.
666 2889 678 2897 N
1162 2897 1173 2913 ⁵
1196 2897 1396 2923 Continauonas
1419 2899 1582 2931 Fredegarii
1605 2898 1671 2930 (20).
1691 2905 1738 2932 pp.
1762 2904 1810 2931 177
1831 2906 1845 2923 e
1866 2898 1926 2932 178.

207 2936 219 2954 ¹
238 2938 325 2969 IDEM,
337 2938 385 2970 VI,
403 2944 462 2967 nv.
482 2945 541 2963 non
561 2939 642 2972 pnrla
655 2938 732 2963 della
751 2938 1022 2965 raccomandazione
1165 2938 1177 2956 ⁶
1198 2940 1321 2970 PAULus,
1349 2939 1396 2970 VI,
1425 2947 1482 2966 nv.
1508 2947 1526 2964 R
1551 2941 1601 2973 qui
1623 2942 1716 2973 copia,
1736 2942 1828 2973 punto
1846 2941 1980 2965 badando

119 2979 150 3005 dl
171 2988 228 3006 non
257 2981 400 3006 assediare
426 2981 526 3013 Roma,
553 2983 663 3006 mentre
689 2988 706 3006 κ
732 2981 844 3013 riporta
869 2979 919 3014 plu
943 2983 970 3006 ln
994 2980 1021 3006 la
1076 2983 1134 3007 alla
1161 2983 1403 3007 contraddizione
1429 2991 1482 3007 con
1511 2984 1620 3014 quanto
1650 2984 1741 3015 prima
1771 2991 1860 3008 aveva
1889 2983 1978 3008 detto.

120 3022 221 3049 l'aIuto
240 3024 270 3049 dl
291 3024 473 3059 Liutprando
493 3031 509 3049 a
529 3023 618 3049 Carlo
632 3025 733 3049 contro
753 3023 920 3055 isaraceni,
935 3025 1020 3050 rlcor-
1077 3024 1123 3050 Cs.
1143 3031 1171 3058 p.
1192 3031 1252 3057 140,
1271 3026 1341 3050 nota
1360 3023 1377 3049 6
1396 3032 1411 3050 e
1431 3027 1500 3050 nota
1520 3031 1534 3049 2
1554 3025 1583 3050 dl
1604 3027 1703 3057 questa
1722 3025 1837 3059 pagina.

123 1611 138 1628 ‘⁴
151 1609 199 1642 ad
220 1608 474 1651 Liutpraudum
491 1605 832 1650 (Langobardorum)
846 1618 964 1651 regem
988 1605 1068 1650 (sibi
1085 1605 1312 1651 carissimum)
1327 1607 1430 1644 misit,
1447 1606 1614 1639 auxilium
1639 1607 1682 1640 ab
1698 1617 1741 1640 eo
1758 1614 1882 1641 contra
1904 1608 1986 1642 Sar-
2010 1627 2023 1640 a

121 2769 220 2795 “ulmo
239 2771 314 2801 viro,
332 2771 380 2802 qul
401 2772 469 2795 tunc
496 2777 613 2802 regnum
635 2769 750 2802 regebat
768 2768 951 2801 Francorum,
974 2777 1021 2794 na·
1074 2778 1089 2796 e
1116 2778 1156 2804 ¹9·
1176 2778 1223 2804 pp.
1246 2776 1304 2803 175,
1333 2771 1402 2804 177),
1428 2772 1549 2796 errando
1569 2771 1647 2796 nella
1665 2771 1844 2803 cronologia,
1862 2770 1982 2804 giacche
2011 2775 2024 2792 2

2009 258 2126 279 Mun..ec.
2136 263 2224 282 139-140

2062 445 2081 458 c.
2097 438 2158 463 ¹71⁶

2010 1877 2139 1900 Gregorius
2152 1878 2189 1897 ll!
2202 1879 2217 1901 Ι)

2007 1905 2020 1928 †
2034 1910 2056 1925 a.
2073 1904 2100 1925 C.
2123 1906 2148 1924 26
2170 1911 2215 1924 nov

2037 1936 2081 1977 ΗΞ.
2098 1958 2157 1982 171⁶

2006 1984 2136 2004 Zacharias
2160 1986 2221 2010 papa

2006 2016 2026 2030 a.
2043 2012 2071 2032 C.
2087 2016 2174 2036 741—752

2007 2989 2043 3013 30
