2398 3470
1903 224 1972 260 ¹69
2004 236 2080 259 Mun„
2091 242 2111 256 c.
2130 235 2210 260 165464

123 237 175 272 [Α.
196 237 230 266 c.
248 231 402 271 sss-9901
703 228 991 266 ROMUALDI
1018 226 1384 264 SALERNITANI

123 359 190 393 que
215 349 383 384 defuncto
407 348 575 382 successit
598 348 649 381 illi
671 347 800 381 tercius
822 347 907 380 Otto
920 345 940 378 ¹.
987 344 1069 384 Quo
1092 351 1248 387 tempore
1264 343 1461 377 Iohannes²
1491 345 1606 377 faetus
1636 349 1689 377 est
1718 344 1883 387 princeps
1916 341 1979 375 Sa-

122 401 222 435 lerni.
267 402 404 435 Interea
418 412 511 445 papa
526 401 737 434 Benedictus
759 405 941 443 postquam
957 409 1085 431 annum
1101 408 1205 430 unum
1220 396 1321 436 sedit,
1338 397 1430 429 diem
1447 397 1543 436 obiit,
1567 402 1602 430 et
1625 397 1792 430 successit
1813 395 1846 429 ei
1861 394 1978 428 Bonus

121 455 180 499 qui
201 456 296 489 sedit
317 465 409 488 anno
431 466 500 488 uno
522 453 696 488 mensibus
719 453 771 487 VI
782 451 806 486 ³.
854 452 936 491 Quo
958 451 1031 485 uita
1053 451 1248 484 decedente
1279 450 1484 483 Bonifacius
1506 451 1596 484 sedit
1619 460 1736 483 mense
1759 459 1828 482 uno
1839 448 1863 482 ⁴.
1908 448 1974 482 Cui
1998 474 2189 521 971332332542
2192 501 2219 521 H

32 527 43 544 v.
122 506 265 550 expulso
287 506 497 540 Benedictus
518 506 686 539 successit
708 505 746 538 in
767 503 990 547 pontificatus
1012 503 1145 536 honore
1167 502 1226 545 qui
1248 501 1338 534 sedit
1361 502 1460 534 annis
1483 502 1585 535 VIIII
1598 502 1620 535 ⁸.
2022 529 2045 552 p*
2064 528 2153 552 974·983

23 553 29 575 ³
57 559 75 592 5
209 558 314 594 Anno
337 559 511 595 dominice
534 558 782 592 incarnationis
804 555 1143 593 DCCCCLXXXW
1167 554 1254 588 obiit
1282 554 1492 593 Ludouicus
1508 555 1720 588 Francorum
1742 566 1805 588 rex
1827 555 1971 594 iuuenis,
1996 554 2096 605 L‘sslggjs
2118 555 2138 574 V

120 617 305 656 postquam
327 613 489 658 regnauit
512 612 612 646 annis
633 621 771 650 nouem,
800 609 1047 653 “sepultusque
1063 608 1167 641 estin
1182 607 1324 641 basilica
1347 607 1438 640 beati
1461 608 1617 641 Cornelii
1640 608 1872 651 Compendio.
1910 607 1976 641 Cui

125 666 319 700 ‘successit
341 665 488 700 Carolus
517 665 628 698 frater
651 665 726 698 eius
754 663 844 696 filius
874 662 1034 696 Lotharii
1056 661 1151 706 regis
1165 685 1195 701 „.
1242 660 1378 693 Eodem
1409 670 1502 693 anno
1533 671 1603 704 quo
1634 661 1780 695 Carolus
1801 661 1861 693 hic
1885 661 1977 704 cepit

118 726 277 764 regnare,
301 720 383 765 Ugo
406 719 478 753 dux
501 719 575 752 eius
598 722 831 763 cognomento
854 716 992 759 Chapet
1014 714 1198 748 rebellauit
1213 718 1334 747 contra
1350 713 1511 747 Carolum
1535 724 1654 758 regem
1678 706 1896 758 consilioque
1913 715 1973 747 ha-

118 771 191 806 bito
215 783 294 806 cum
317 772 487 806 Ascelino
511 773 570 816 qui
593 777 668 805 erat
691 770 876 813 episcopus
898 768 1139 802 Laudunensis
1162 774 1198 801 et
1220 766 1438 800 consiliarius
1469 767 1587 801 Caroli
1610 773 1781 811 quatenus
1809 779 1885 801 eum
1910 767 1975 800 sibi

39 818 41 821 Α
56 825 95 858 10
118 825 282 859 traderet.
329 824 401 865 Qui
425 825 514 859 dolis
537 824 765 869 acquiescens
788 822 935 855 tradidit
959 831 1038 855 eum
1060 821 1179 865 Ugoni
1202 821 1284 853 duci
1307 821 1458 864 quadam
1480 827 1584 854 nocte
1608 821 1744 854 cunctis
1767 821 1977 864 quiescenti-

117 877 192 912 bus.
243 880 258 896 ²
272 877 422 912 Vinctus
444 884 496 912 est
519 878 636 922 itaque
659 876 806 910 Carolus
829 886 892 908 rex
915 886 994 908 cum
1017 884 1127 908 uxore
1150 884 1211 906 sua
1233 879 1267 907 et
1289 873 1424 916 positus
1446 874 1483 906 in
1508 875 1667 907 custodia
1697 873 1895 907 Aurelianis
1927 874 1977 906 ci-

123 931 256 965 ‘uitate
280 931 317 964 in
339 932 470 972 turri„
492 931 528 964 in
551 941 619 974 qua
648 929 755 963 uitam
787 928 908 961 finiuit.
952 926 1082 960 Habuit
1116 932 1231 959 autem
1255 936 1299 959 ex
1333 926 1455 959 eadem
1487 936 1595 959 uxore
1630 927 1719 960 filios
1748 927 1836 960 duos
1858 927 1976 960 Ludo—

117 984 234 1018 uicum
257 991 293 1018 et
314 984 489 1018 Catulum.
534 983 616 1027 Ugo
638 984 757 1026 itaque
789 981 860 1015 dux
881 991 1029 1025 regnum
1052 980 1118 1013 sibi
1149 981 1373 1014 Francorum'
1403 981 1560 1023 arripuit,
1585 980 1832 1025 constituitque
1856 990 1975 1025 regem

117 1037 224 1071 filium
246 1049 345 1071 suum
367 1038 507 1072 nomine
530 1037 760 1071 Robbertum.
807 1035 936 1079 Sicque
959 1034 1093 1067 defecit
1122 1034 1285 1077 prosapia
1316 1043 1437 1077 regum
1469 1045 1489 1066 a
1520 1034 1650 1068 Carolo
1672 1034 1884 1077 imperatore
1915 1034 1976 1068 de-

115 1091 354 1125 scendentium
377 1096 412 1126 et
434 1101 478 1124 ex
499 1097 584 1124 tunc
607 1089 820 1123 Francorum
847 1098 948 1132 reges
969 1086 1079 1132 regali
1101 1092 1234 1120 tantum
1256 1087 1390 1120 honore
1421 1088 1578 1121 contenti
1608 1087 1743 1130 imperii
1773 1087 1977 1132 dignitatem

115 1143 333 1178 amiserunt‘.
383 1145 449 1177 “In
464 1144 532 1178 illis
548 1143 671 1177 diebus
692 1144 729 1176 in
753 1141 981 1176 Remensium
1006 1141 1148 1174 ciuitate
1172 1146 1247 1173 erat
1268 1141 1564 1184 archiepiscopus,
1587 1141 1641 1174 uir
1663 1140 1775 1174 bonus
1799 1147 1834 1174 et
1856 1141 1975 1173 mode-

121 1199 229 1238 “etna
251 1197 321 1231 iam
343 1208 460 1238 senex,
483 1198 594 1231 frater
616 1195 774 1230 Lotharii
796 1196 890 1240 regis
914 1205 958 1228 ex
981 1193 1179 1228 concubina
1201 1195 1340 1227 nomine
1364 1194 1545 1228 Arnulfus.
1591 1195 1672 1239 Ugo
1698 1200 1811 1227 autem
1837 1195 1907 1228 dux
1922 1195 1975 1227 in-

120 1250 287 1285 “uidebat
308 1251 343 1284 ei
363 1250 486 1287 uolens
508 1249 741 1284 exterminare
763 1248 966 1293 progeniem
983 1247 1140 1280 Lotharii
1163 1248 1266 1291 regis.
1312 1247 1610 1292 Congregansque
1625 1249 1662 1281 in
1680 1248 1804 1281 eadem
1834 1247 1976 1281 ciuitate

120 1305 135 1321 ⁴⁶
150 1302 310 1338 sinodum
319 1303 342 1344 ⁷,
358 1292 448 1337 fecit
471 1302 668 1347 degradare
693 1303 857 1336 domnum
882 1300 1065 1333 Alnulfum
1088 1300 1125 1332 in
1148 1300 1228 1334 loco
1257 1311 1343 1334 uero
1367 1300 1440 1334 eius
1471 1311 1678 1335 consecrare
1703 1301 1789 1334 fecit
1811 1301 1975 1335 domnum

2002 342 2041 366 983
2058 341 2168 361 lohannes

1999 368 2074 393 print.
2097 368 2190 388 Saletni

1998 447 2136 472 Bonifatius
2159 447 2218 468 VIII

2002 714 2050 738 I'go
2062 714 2155 738 (ῼῚιαρεί,
2167 715 2215 738 9⁸7·

2024 747 2062 765 99¹

2026 997 2045 1011 C.
2062 997 2122 1013 moa

54 1090 92 1124 15

206 1418 232 1437 2.
250 1418 339 1436 unum
357 1412 383 1436 A
403 1421 504 1438 manca.
523 1413 612 1438 Anno
631 1413 752 1438 Domini
771 1412 796 1436 A
810 1412 846 1439 σς
867 1411 940 1436 abiit
962 1411 996 1438 C;
1017 1409 1098 1435 Sasso
1117 1410 1245 1436 comincia
1264 1419 1309 1436 con
1328 1410 1593 1438 DCCCCLXXXV
1612 1425 1645 1430 —
1665 1412 1689 1437 6.
1704 1411 1877 1445 Conpendio
1897 1411 1922 1436 A
1942 1424 1974 1429 ·—-

115 1460 139 1486 7.
160 1453 285 1480 Karolus
307 1455 334 1479 B
353 1468 386 1473 —
405 1453 430 1480 8.
450 1454 555 1480 Chafet
573 1456 614 1481 A:
642 1454 786 1488 ChaphIet
807 1454 830 1479 C
848 1462 862 1478 ε
880 1453 971 1478 Arndt
990 1465 1022 1469 ——
1042 1459 1068 1484 9.
1087 1451 1190 1477 Laudu
1210 1453 1246 1483 Cr,
1272 1453 1402 1479 Laudum
1421 1454 1463 1484 A}
1488 1453 1623 1479 Lauduni
1645 1455 1726 1480 Sasso
1745 1467 1754 1472 -
1774 1453 1876 1479 Karoli
1895 1454 1922 1478 B
1941 1466 1973 1470 —-

117 1503 158 1521 ιο.
177 1496 302 1522 tradidit
319 1496 417 1530 Ugoni
437 1498 461 1523 C
478 1511 512 1516 —
534 1504 575 1523 12.
593 1499 688 1523 tamen
708 1497 735 1522 B
752 1505 766 1521 e
787 1496 866 1522 Sasso
886 1508 920 1513 —
942 1501 981 1526 14.
996 1493 1106 1518 Kal-olo
1121 1495 1189 1519 Β-
1207 1499 1247 1527 15.
1260 1495 1498 1521 descendencium
1513 1497 1538 1522 C
1554 1506 1568 1521 e
1588 1497 1679 1522 Arndt
1698 1509 1731 1514 —-—
1752 1495 1794 1521 18.
1813 1495 1972 1528 proieniem

20 1812 28 1821 ⁵
52 1812 84 1830 10

9 2260 28 2266 Η
47 2234 81 2253 ²0

10 2417 30 2466 5!
45 2443 77 2470 2⁵

5 2642 7 2646 ⁴
18 2626 29 2692 ’ζ
36 2657 80 2684 “³⁰

5 2807 76 2950 {535

115 1539 140 1564 C
155 1546 170 1562 e
190 1538 284 1563 Arndt
301 1551 334 1557 -
356 1545 396 1572 19.
417 1539 601 1573 Arnulphum
615 1541 642 1564 B
654 1548 668 1564 e
684 1539 764 1565 Sasso

114 1591 127 1606 ‘¹
138 1599 266 1618 avevano
279 1592 481 1619 abbandonato
493 1593 613 1618 l’EmIro
623 1601 637 1618 e
650 1593 787 1619 disciolta
797 1592 976 1618 l’ordlnanza
987 1609 1010 1621 „.

113 1632 208 1660 ‘Aba
228 1635 272 1660 ‘al
290 1633 418 1664 Qnim
438 1636 468 1661 fu
487 1638 600 1667 uccisog
618 1637 630 1661 i
648 1635 823 1661 Musulmani
845 1636 948 1660 surono
962 1641 1011 1667 per

111 1684 150 1702 un
169 1678 314 1703 momento
333 1677 461 1703 sconfittl
482 1678 496 1692 ‘⁴
506 1686 552 1704 ma
571 1680 621 1712 poi
640 1680 790 1704 restarono
809 1686 823 1702 e
843 1676 1010 1702 sconfissero

113 1718 146 1743 ’ἱ
168 1720 271 1744 nernici
283 1738 297 1752 ἢ
318 1720 352 1745 ed
371 1719 479 1746 Ottone
498 1728 515 1747 a
533 1721 609 1747 mala
626 1729 699 1755 pens
711 1719 826 1754 scampe
847 1721 869 1745 11
883 1718 1012 1752 periculo

111 1761 141 1786 di
159 1763 259 1788 cadere
278 1762 354 1788 nelle
372 1764 450 1788 mani
469 1764 516 1789 dei
534 1764 677 1796 Saraceni,
697 1772 712 1789 e
731 1765 755 1789 si
777 1761 883 1795 rifugio
898 1763 928 1787 in
942 1761 1012 1786 Ros-

111 1810 182 1829 sano
200 1804 275 1829 dove
299 1811 368 1829 eran
388 1805 505 1831 rimaste
524 1813 575 1831 sua
602 1806 708 1839 moglie
736 1813 751 1830 e
769 1805 798 1831 λι
825 1806 913 1830 corte.
950 1802 1012 1828 Ch:

110 1845 226 1878 Antan,
240 1846 314 1873 Bibt.
326 1847 414 1872 araba
425 1848 519 1877 sicula,
534 1849 583 1873 eit.
600 1855 621 1877 ι,
635 1855 687 1882 433
701 1855 716 1873 e
729 1855 796 1881 434;
810 1847 844 1878 11,
861 1852 909 1879 197
924 1854 938 1871 e
954 1844 1012 1879 198.

109 1887 162 1912 Per
180 1888 203 1913 u
223 1887 410 1914 Giesebreeht
428 1889 457 1915 la
476 1890 543 1915 data
562 1890 608 1915 del
632 1895 661 1922 ις
683 1890 776 1923 luguo
789 1889 930 1915 dovrebbe
943 1896 1013 1913 cam—

109 1930 197 1955 binni
217 1931 249 1956 in
271 1938 312 1964 13,
331 1931 354 1957 11
374 1931 469 1957 Slckel
490 1932 684 1958 inclinerebbe
713 1940 730 1958 a
749 1934 848 1965 questa
867 1933 942 1960 data,
968 1939 1012 1956 ma

111 1979 167 1997 non
188 1973 323 2006 saprebbe
341 1975 460 2007 opporsi
481 1974 674 2008 all’oplnione
692 1974 871 2004 dell’Amari,
885 1974 935 1999 che
949 1973 1012 1999 s'at-

69 2026 79 2032 -
109 2016 195 2040 tenne
213 2015 249 2040 sd
269 2014 371 2041 ‘Atir
389 2023 404 2041 e
422 2024 439 2042 a
457 2015 618 2043 Haldim.
656 2016 718 2042 Cf.=
737 2017 846 2043 Smxm.
863 2017 971 2048 op.ct't.,
986 2024 1013 2048 p.

109 2056 162 2090 ²96
171 2064 187 2082 e
197 2064 271 2091 segg.
285 2048 308 2083 Ε
319 2058 354 2084 ad
365 2061 510 2084 avvertire
522 2060 573 2085 che
592 2059 694 2085 ‘Atir
707 2061 769 2085 dice
783 2060 915 2085 l'assedio
929 2066 1012 2084 avve-

107 2101 216 2125 venato
235 2100 313 2125 nella
333 2108 415 2126 rocca
435 2101 465 2126 di
484 2101 588 2127 Mileto
608 2110 623 2127 e
640 2100 785 2127 Haldtin
812 2103 842 2126 in
870 2102 1012 2126 Rametta.

107 2140 260 2174 L’Auuu,
278 2142 300 2172 1,
321 2142 381 2177 289,
402 2151 429 2168 n.
450 2150 464 2168 2
485 2144 592 2169 ritiene
611 2151 670 2169 non
691 2146 714 2169 si
736 2146 818 2170 tratti
834 2143 869 2169 ne
887 2143 1012 2168 dell’una

108 2181 144 2208 ne
162 2183 320 2215 dell’altra;
341 2192 387 2211 ma
405 2185 434 2211 dl
454 2185 586 2211 Rossano
599 2194 617 2211 o
631 2187 709 2212 forse
721 2187 751 2212 di
765 2186 882 2215 Roseto.
895 2183 1013 2219 giacche

108 2233 137 2250 se
156 2227 186 2251 la
203 2235 227 2252 r.
247 2227 293 2252 del
313 2227 421 2253 Codice
439 2227 454 2253 ὲ
473 2229 570 2254 chiara
589 2229 617 2254 la
637 2238 662 2254 m
675 2228 732 2261 ριιὸ
747 2229 911 2254 facilmente
925 2236 1011 2253 scam-

109 2269 198 2295 binrsl
217 2277 271 2296 con
290 2280 313 2296 s.
350 2270 449 2296 Anche
468 2272 511 2304 gli
531 2273 651 2298 Annales
665 2272 890 2297 Beneventam'al
904 2270 954 2304 982
970 2271 1010 2296 di-

108 2319 196 2338 cono:
216 2313 280 2339 Otto
297 2321 314 2338 a
327 2314 474 2340 Saracenis
487 2315 584 2343 metus,
590 2315 677 2348 fugit
688 2314 830 2340 Salernum
844 2318 870 2339 et
884 2315 1012 2346 Capuam·

108 2355 153 2380 Cf.
174 2362 259 2388 pure:
273 2355 388 2386 Aumu,
403 2356 499 2383 storia
512 2357 559 2382 dei
570 2357 739 2382 Musulmani
750 2357 777 2382 in
791 2357 898 2388 Sicilia,
911 2357 946 2387 11,
958 2362 1010 2389 322

106 2405 122 2422 e
139 2405 212 2431 ιη..
232 2397 285 2430 508
302 2406 316 2423 e
335 2405 397 2432 agg.
415 2398 664 2430 senonensem,
685 2400 832 2431 L’Epope'ae
859 2399 1010 2428 Bizantine,

106 2439 197 2470 Paris,
211 2438 287 2473 1896,
297 2440 318 2470 1,
329 2440 381 2473 508
390 2448 406 2465 e
415 2448 489 2474 sgg.;
502 2440 798 2474 (lamasahrbdtchcr
817 2442 864 2466 des
873 2442 1011 2467 deutschen

108 2482 192 2507 Reich
210 2486 290 2507 anter
313 2483 377 2508 otto
392 2484 431 2512 II,
445 2482 576 2516 LeIpzlg,
593 2490 671 2515 1902,
685 2483 744 2508 vol.
757 2483 779 2515 1,
792 2492 806 2508 e
820 2482 897 2513 Gar,
910 2487 951 2515 op.
965 2484 1010 2508 cit.

105 2522 159 2556 33⁶
177 2532 191 2548 e
212 2531 273 2557 sss·

195 2564 201 2580 ¹
231 2566 352 2591 Annales
382 2567 583 2592 Beneventani:
611 2575 647 2592 an
681 2569 740 2600 983.
769 2568 845 2594 Obiit
877 2569 940 2594 Octo
963 2577 1010 2594 rex

107 2608 216 2633 Romae.
253 2601 476 2640 Tmz'rmnuus,
491 2609 646 2641 cnr-nim,
658 2609 723 2635 mh.
735 2609 784 2640 111,
799 2612 839 2636 Μ.
856 2612 888 2636 G.
900 2612 946 2640 H„
957 2612 1009 2637 ss.

105 2649 155 2681 111,
175 2648 240 2682 7572
263 2650 277 2664 “
288 2669 294 2675 .
305 2670 311 2676 .
322 2668 330 2676 .
342 2669 349 2676 .
370 2656 385 2683 7
405 2650 470 2676 idus
489 2651 655 2677 Decembris
668 2651 743 2685 (983)
756 2660 791 2678 ex
806 2653 856 2678 hac
870 2653 933 2679 luee
946 2654 1008 2679 sub-

107 2690 120 2705 ⁶¹
132 2694 240 2718 tractus
259 2694 318 2718 est.
330 2712 336 2718 .
347 2712 353 2718 .
366 2709 392 2725 η.
835 2709 837 2712 -

195 2732 207 2750 ¹
225 2735 289 2768 983.
316 2736 446 2761 lohannes
476 2736 515 2761 II
526 2737 560 2761 d«
585 2736 730 2762 Lamberto
753 2738 852 2769 patria
877 2739 1009 2764 Etruscus

106 2785 162 2802 cum
173 2777 239 2811 filio
259 2777 386 2807 Gnidon«,
399 2778 482 2803 eiecto
494 2786 512 2803 a
522 2776 709 2804 salernitanis
721 2780 859 2809 Μαι-σωκ,
873 2781 1008 2812 imperare

106 2820 208 2851 incipit.
249 2820 288 2845 At
311 2820 396 2846 Gnido
415 2828 464 2845 nou
483 2821 570 2846 adhuc
587 2823 690 2853 expleto
715 2823 800 2847 lustro
825 2824 1008 2849 associatiom's

105 2862 133 2886 in
146 2862 326 2895 principum,
346 2862 469 2888 mori'tur.
499 2861 546 2888 Cf.
566 2863 653 2889 Codex
670 2863 788 2896 Daylam.
810 2864 940 2891 cavensis
958 2867 1005 2891 clt.

106 2910 139 2937 Pe
153 2903 204 2928 JV.

192 2944 204 2961 ³
223 2946 308 2971 Sauo
326 2949 449 2972 annotn
469 2948 562 2973 Aliter
582 2946 595 2961 “
607 2950 701 2974 Demus
711 2964 736 2981 „.
760 2955 788 2974 R.
802 2956 886 2975 senza
899 2949 1006 2976 dubbio

108 2986 187 3021 segni
209 2989 217 3013 ί
238 2988 393 3022 Cataloghi
412 2989 457 3015 dei
477 2989 584 3015 Codici
604 2991 736 3016 Vaticani
760 2990 839 3025 3764,
857 2991 919 3025 629,
940 2999 1008 3026 ¹340

1065 1590 1116 1616 che
1135 1591 1249 1617 hanno:
1268 1593 1387 1619 Domus
1407 1594 1475 1619 Suri
1485 1595 1557 1619 sedit
1574 1603 1617 1619 an.
1630 1602 1645 1619 1
1659 1602 1737 1619 mens.
1765 1594 1809 1619 VI.
1822 1593 1870 1619 Cs.
1882 1595 1915 1618 L.
1929 1594 1971 1621 1²..

1066 1633 1100 1664 Π,
1121 1642 1168 1668 pp.
1189 1640 1239 1667 255
1268 1643 1283 1660 e
1303 1635 1362 1669 256,
1389 1638 1460 1662 nota
1479 1645 1505 1669 4.
1541 1637 1564 1661 11
1591 1637 1742 1662 Duchesne
1766 1637 1802 1662 ha
1826 1637 1970 1662 ricordato
2000 1642 2015 1666 4-

1071 1677 1121 1701 che
1140 1678 1211 1703 tutti
1231 1679 1239 1702 i
1261 1677 1424 1712 Cataloghi,
1445 1681 1485 1704 M.
1506 1680 1536 1705 G.
1553 1681 1599 1709 H..
1615 1679 1664 1704 SS.
1685 1680 1828 1713 xxtvsp.
1841 1679 1884 1712 84,
1897 1680 1971 1704 oltre

1067 1717 1157 1750 quelli
1177 1717 1206 1742 di
1229 1718 1323 1743 Pierre
1345 1718 1511 1746 Guillaume
1531 1728 1545 1744 e
1565 1720 1664 1745 l’altro
1684 1720 1713 1745 di
1734 1720 1914 1754 Augsbourg,
1929 1720 1971 1744 in-

1069 1760 1215 1786 seriscono
1236 1769 1273 1786 un
1294 1763 1421 1794 Domnus,
1442 1764 1562 1788 Domnus
1575 1764 1608 1787 de
1623 1764 1683 1794 Sur,
1707 1764 1827 1788 Dommcs
1845 1764 1877 1788 de
1898 1763 1970 1794 Suri,

1068 1803 1250 1828 considerato
1261 1811 1311 1836 per
1321 1805 1471 1837 parecchio
1482 1812 1562 1830 come
1573 1813 1611 1842 ign
1622 1813 1704 1839 papa.
1717 1806 1742 1831 11
1753 1805 1971 1832 GucsznnEm-ir.

1063 1843 1232 1878 Jahrbilcher
1251 1847 1297 1871 des
1315 1847 1454 1872 deutschen
1466 1848 1564 1872 Reichs
1587 1851 1664 1872 anter
1682 1849 1741 1872 dem
1767 1848 1849 1873 Siiclas
1872 1849 1971 1877 Haase.

1066 1887 1101 1916 11,
1121 1895 1149 1920 p.
1167 1893 1201 1917 11,
1220 1895 1309 1914 aveva
1333 1886 1382 1922 gia
1407 1889 1582 1915 dimostrato
1602 1898 1659 1915 non
1684 1892 1788 1915 esservi
1812 1892 1898 1924 posto
1923 1898 1972 1923 per

1068 1931 1168 1962 questo
1187 1938 1260 1964 papa
1281 1931 1324 1956 fra
1342 1932 1500 1957 Benedetto
1519 1932 1559 1957 VI
1577 1941 1592 1957 e
1611 1933 1767 1958 Benedetto
1786 1932 1846 1958 vn.

1156 1971 1169 1988 ⁴
1191 1974 1223 1998 L.
1243 1974 1286 2003 P..
1305 1973 1340 2004 11,
1359 1979 1424 2007 257:
1447 1977 1523 2000 “....
1543 1975 1619 2000 sedit
1637 1983 1681 2000 an.
1706 1983 1718 2000 1
1740 1984 1775 2000 m.
1795 1976 1834 2001 xl
1844 1993 1868 2007 „.
1887 1977 1971 2002 Sasso

1068 2015 1154 2040 nota:
1172 2015 1275 2041 Pseudo
1292 2017 1424 2048 pontifex.

1155 2056 1166 2073 ⁵
1187 2057 1274 2087 Inau,
1293 2058 1330 2090 11,
1349 2057 1409 2091 258.

1155 2098 1166 2116 ⁶
1191 2101 1317 2126 Historia
1336 2102 1501 2127 mancorum
1530 2104 1693 2135 Senouensis,
1715 2104 1772 2135 cit„
1794 2111 1820 2137 p.
1841 2103 1901 2137 367,
1927 2112 1972 2129 an.

1066 2140 1135 2174 9872
1156 2141 1170 2155 ⁴‘
1180 2143 1287 2169 Eodem
1301 2151 1378 2169 anno
1392 2145 1544 2170 rebellavit
1558 2145 1695 2170 Karolum
1708 2146 1791 2179 nugo
1811 2147 1870 2172 dux
1883 2146 1905 2170 1³·
1907 2154 1970 2171 ran-

1068 2183 1083 2196 “
1093 2191 1200 2215 corum,
1219 2192 1254 2211 eo
1273 2186 1351 2218 quod
1370 2187 1525 2220 accepisset
1539 2187 1662 2213 Kar-olus
1675 2188 1765 2214 filiam
1786 2189 1915 2214 Hei-berti
1930 2195 1971 2213 co-

1069 2227 1174 2252 “mitis
1194 2227 1355 2254 Treearum.
1392 2228 1525 2255 conecto
1550 2231 1641 2264 igitur
1666 2231 1748 2264 Hugo
1774 2231 1900 2256 exercitu
1923 2239 1969 2256 co—

1069 2269 1082 2282 “
1095 2269 1177 2303 pioso
1197 2270 1288 2300 valde,
1308 2271 1423 2296 obsedit
1442 2271 1622 2303 Laudunum,
1635 2273 1685 2298 ubi
1699 2274 1830 2298 manebat
1849 2273 1970 2299 Karolus

1068 2310 1081 2323 “
1093 2319 1156 2336 cum
1175 2318 1264 2337 uxore
1283 2320 1342 2338 sua.
1379 2313 1485 2338 Exiens
1508 2321 1574 2340 vero
1594 2315 1716 2340 Kar-olus
1738 2315 1773 2340 de
1786 2315 1912 2347 civitate,
1927 2316 1969 2340 fu-

1068 2352 1082 2366 ⁴‘
1092 2354 1174 2387 gavit
1192 2354 1340 2387 Hugonem
1354 2363 1418 2380 eum
1430 2357 1552 2381 esercitu
1567 2364 1628 2386 suo.
1645 2358 1759 2382 incensa
1778 2358 1908 2390 hospitia
1921 2359 1969 2383 ubi

1068 2395 1082 2409 ³
1093 2397 1247 2422 manebant
1271 2397 1379 2423 hostes.
1418 2398 1546 2424 Cernens
1571 2399 1667 2432 itaque
1696 2400 1780 2433 Hugo
1808 2400 1864 2425 dux
1893 2401 1968 2432 quod

1067 2438 1082 2452 ¹‘
1093 2438 1211 2464 minime
1223 2441 1321 2473 posset
1332 2440 1470 2465 Karolurn
1485 2442 1608 2471 vincere.
1622 2442 1778 2466 consillum
1792 2442 1892 2467 habuit
1906 2450 1967 2468 cum

1067 2483 1228 2509 “Ascenno
1247 2485 1388 2510 traditore
1413 2485 1517 2515 vetulo.
1540 2487 1590 2519 qui
1615 2488 1675 2511 erat
1700 2487 1853 2520 episcopus
1879 2487 1968 2512 salsus

1067 2528 1079 2540 ³
1091 2527 1240 2553 Laudunis
1252 2531 1281 2553 et
1295 2529 1480 2555 consiliarius
1494 2530 1604 2556 Karoli.
1641 2531 1739 2564 Itaque
1754 2531 1870 2557 tradens
1884 2532 1967 2557 Asce-

1066 2571 1080 2584 “
1092 2571 1168 2596 nnus
1187 2573 1340 2606 episeopus
1353 2572 1523 2598 Laudunum
1540 2575 1569 2598 in
1585 2576 1669 2599 nocte
1682 2582 1738 2599 uns
1758 2575 1968 2607 quiescentibus

1067 2613 1081 2627 “
1092 2613 1203 2639 cunctis
1221 2614 1338 2647 Hugoni
1358 2615 1423 2640 duel
1445 2616 1629 2647 Francorum,
1649 2616 1763 2642 vinctus
1783 2618 1826 2642 est
1844 2624 1893 2642 rex
1913 2617 1967 2643 Ka-

1066 2655 1080 2670 “
1092 2655 1172 2682 rolus
1192 2663 1255 2682 cum
1274 2664 1363 2683 uxore
1377 2665 1435 2687 sus.
1450 2660 1478 2683 et
1491 2658 1591 2683 ductus
1606 2659 1635 2683 in
1649 2659 1779 2684 custodia
1803 2659 1967 2685 Aurelianis

1065 2698 1079 2712 ⁸
1089 2699 1216 2724 clvitate.
1253 2699 1387 2724 Nondum
1401 2701 1493 2725 autem
1508 2701 1569 2732 lpse
1582 2700 1705 2726 Kar-olus
1718 2701 1750 2726 in
1763 2701 1894 2727 custodia
1910 2702 1965 2727 Au-

1065 2739 1210 2766 “relianis
1230 2741 1261 2766 in
1281 2742 1363 2771 turri,
1386 2742 1488 2775 genuIt
1507 2742 1553 2767 1111
1569 2749 1642 2767 uxor
1655 2750 1705 2768 sus
1718 2742 1795 2768 filios
1808 2744 1880 2769 duos
1899 2744 1967 2769 mu-

1064 2784 1077 2797 ¹‘
1089 2784 1224 2809 dovicum
1234 2785 1263 2808 et
1275 2784 1422 2810 Karolum.
1447 2784 1555 2810 Eodem
1568 2791 1647 2810 anno
1660 2787 1763 2811 unctus
1774 2788 1816 2811 est
1831 2788 1859 2811 in
1874 2794 1965 2819 regem

1062 2826 1074 2838 ¹⁴
1084 2825 1182 2851 Remis
1201 2827 1322 2852 civitate
1335 2827 1420 2860 Hugo
1433 2827 1501 2857 dux,
1514 2829 1543 2852 et
1557 2828 1622 2862 ipso
1636 2835 1713 2853 suno
1727 2827 1877 2859 Robertus,
1891 2829 1966 2853 filius

1063 2867 1155 2900 “elus,
1174 2868 1205 2893 in
1225 2876 1343 2902 regnum
1363 2870 1511 2902 piissimus
1525 2877 1575 2894 rex
1594 2870 1745 2896 ordinatus
1758 2873 1808 2896 est.
1846 2871 1899 2896 Hic
1919 2872 1964 2897 de-

1061 2909 1075 2923 “
1087 2909 1147 2935 flclt
1166 2917 1284 2943 regnum
1304 2911 1404 2936 Karon
1428 2911 1563 2944 Magni„.

1153 2949 1165 2968 ⁷
1189 2953 1316 2978 Historia
1335 2954 1502 2979 Francorum
1528 2954 1695 2986 Senounsis,
1715 2962 1759 2980 an.
1779 2962 1839 2988 991.
1858 2963 1884 2989 p.
1906 2955 1965 2987 368,

1061 3000 1081 3019 a
1099 2996 1221 3020 omette:
1242 2994 1256 3007 “
1265 3011 1316 3021 ....
1329 2995 1440 3021 hisdem
1454 2995 1536 3029 nugo
1551 3003 1600 3021 rex
1614 2996 1758 3022 Invitsvit
1776 2997 1964 3031 archiepisco-

2000 1849 2032 1876 45

2000 2061 2034 2087 50

1999 2275 2029 2302 55

1997 2482 2031 2506 60

1995 2916 2029 2942 70
