2398 3470
351 1615 365 1640 5

351 1823 384 1841 10

350 2037 380 2063 Ῑ5

345 2251 380 2270 20

344 2465 375 2491 ²5

340 2675 376 2700 30

339 2885 370 2912 35

1201 208 1517 251 CHRONICON
2063 223 2116 260 [A.
2135 224 2167 253 c.
2191 225 2285 259 ιιι-η

437 287 2287 301 ....................................................................................................................................................................................................

426 335 656 368 obseruatum.
693 336 887 378 Imperator
903 346 922 367 e
940 335 1115 368 contrario
1133 335 1333 374 affirmabat,
1351 335 1419 369 hoc
1438 336 1484 368 ad
1501 336 1552 368 ius
1568 337 1745 379 pertinere
1762 337 1911 381 imperii,
1927 346 1963 372 et
1978 341 2143 374 ducatum
2159 340 2289 383 Apulie

424 388 553 421 debere
577 389 784 421 auctoritate
808 388 957 432 imperia
980 387 1131 421 ordinari
1147 387 1169 421 ¹.
1215 388 1287 422 Sed
1304 389 1384 432 quia
1401 395 1548 432 uterque
1564 390 1600 422 in
1616 390 1803 433 procinctu
1820 397 1895 427 erat
1910 392 2054 433 itineris,
2071 399 2107 427 et
2123 394 2288 427 deficien-

424 441 514 474 tibus
538 442 582 474 ad
606 451 750 484 presens
774 442 950 485 utriusque
974 442 1084 485 partis
1106 442 1343 475 instrumentis
1366 448 1400 474 et
1423 442 1629 482 rationibus,
1654 445 1893 477 controuersia
1915 445 1983 478 hec
1997 446 2045 479 ad
2067 446 2208 489 plenum
2232 446 2284 480 di-

423 496 514 527 finiri
537 505 608 527 non
631 500 780 538 poterat,
805 496 979 528 communi
1004 505 1178 528 consensu
1202 496 1248 528 ad
1280 495 1373 528 hunc
1398 496 1500 528 finem
1526 497 1718 528 concordie
1750 497 1983 531 deuenerunt:
2011 505 2049 532 ut
2072 500 2285 542 apostolicus

422 554 458 580 et
481 548 669 590 imperator
691 559 756 591 per
779 548 945 580 uexillum
971 548 1132 581 comitem
1155 548 1376 592 Raydulfum
1400 549 1443 582 de
1468 551 1597 585 ducatu
1621 548 1749 592 Apulie
1772 550 1986 590 inuestirent,
2008 558 2044 584 et
2065 553 2284 595 postmodum

421 601 538 633 habita
556 601 790 643 oportunitate
807 602 875 635 loci
891 607 926 633 et
940 601 1116 644 temporis,
1132 602 1312 645 utriusque
1328 602 1438 644 partis
1454 602 1723 646 allegationibus
1737 602 1877 645 plenius
1892 603 2060 638 exhibitis
2075 611 2111 638 et
2127 606 2284 644 ostensis,

420 655 486 686 hec
510 655 749 687 controuersia
772 655 947 687 mediante
971 655 1101 688 iustitia
1125 655 1292 687 finiretur.
1339 654 1449 694 Quod
1482 661 1516 687 et
1540 655 1672 687 factum
1697 666 1759 694 est,
1791 666 1871 688 nam
1895 657 2107 699 apostolicus
2136 666 2285 702 accepto

419 708 547 740 uexillo
573 718 593 740 a
616 708 786 751 superiori
810 714 920 751 parte,
944 708 1133 751 imperator
1157 708 1201 740 ab
1225 708 1394 746 inferiori,
1427 709 1589 741 comitem
1614 708 1833 753 Raydulfum
1857 710 1903 742 de
1927 710 2057 743 ducatu
2079 710 2208 754 Apulie
2231 712 2285 744 in-

420 763 612 795 uestierunt
627 762 650 795 2'.
697 761 789 800 Quo'
814 763 910 795 facto
934 763 1121 804 imperator
1143 763 1181 794 in
1204 761 1423 794 Alamaniam
1449 762 1565 794 rediit.
1612 763 1841 795 Innocentius
1863 772 1948 796 uero
1972 764 2121 797 Romam
2143 765 2286 798 intrauit

420 826 438 848 e
462 827 483 848 a
507 815 907 860 Frangentibus-panem
933 821 967 848 et
991 815 1197 859 quibusdam
1230 815 1308 847 aliis
1338 815 1514 848 nobilibus
1546 815 1736 849 honorifice
1764 822 1927 859 receptus
1958 822 2010 849 est
2022 816 2045 850 ⁸.
2091 815 2284 852 Anacietus

418 880 503 902 uero
527 880 598 902 non
622 869 729 902 multo
753 875 832 912 post
855 870 948 902 diem
972 869 1096 902 clausit
1127 874 1318 901 extremum
1333 869 1356 901 ⁴.
1405 869 1487 901 Rex
1510 875 1625 902 autem
1657 870 1856 914 Roggerius
1877 871 2024 904 audiens
2052 871 2282 914 apostolicum

420 931 453 956 et
476 924 721 966 imperatorem
744 923 938 961 recessisse,
962 922 1116 965 receptis
1139 923 1242 955 etiam
1266 922 1336 955 suis
1361 923 1598 967 quadrigentis
1620 923 1786 956 militibus
1809 924 1870 966 qm·
1893 934 1914 956 a
1938 923 2086 957 Salerno
2102 931 2284 964 uenerant,

416 978 542 1010 fortior
566 977 717 1010 effectus
739 977 889 1009 festinus
913 975 1096 1009 Salernum
1120 977 1219 1009 uenit
1241 981 1276 1009 et
1300 986 1320 1007 a
1336 976 1564 1009 Salernitanis
1592 976 1728 1009 ciuibus
1752 987 1830 1009 cum
1858 988 1990 1010 summa
2020 984 2071 1011 est
2094 978 2282 1012 deuotione

416 1037 608 1074 susceptus.
657 1031 734 1063 Nec
758 1042 900 1068 moram,
929 1029 1119 1063 Nuceriam
1150 1028 1287 1062 obsedit
1319 1030 1531 1073 expugnauit
1555 1036 1589 1062 et
1613 1031 1794 1070 destruxit,
1818 1037 1926 1064 totam
1957 1031 2105 1064 Terram
2135 1031 2283 1065 Laboris

416 1091 579 1128 potenter
602 1085 765 1128 optinuit,
788 1084 946 1127 Capuam
968 1085 1005 1116 in
1030 1093 1091 1116 ore
1114 1083 1222 1127 gladii
1255 1083 1349 1126 cepit
1371 1090 1406 1116 et
1429 1084 1677 1117 concremauit.
1724 1085 1827 1117 Tunc
1860 1096 1938 1118 cum
1970 1085 2096 1129 Sergio
2117 1086 2281 1130 magistro

415 1139 561 1172 militum
590 1138 899 1181 Neapolitanorum
923 1137 1158 1171 concordatus
1179 1143 1232 1170 est
1249 1143 1284 1170 et
1299 1147 1379 1170 eum
1395 1147 1515 1170 secum
1532 1138 1566 1169 in
1584 1138 1840 1180 expeditionem
1869 1139 1977 1172 duxit.
2024 1138 2163 1172 Dehinc
2187 1140 2282 1173 acies

414 1203 493 1225 suas
515 1203 637 1225 uersus
661 1191 827 1235 Apuliam
851 1191 1008 1235 dirigens
1030 1196 1139 1223 totam
1156 1196 1284 1223 terram
1301 1189 1585 1223 Beneuentanam
1603 1198 1639 1224 et
1653 1192 1889 1234 Capitinatam
1905 1193 2130 1235 recuperauit
2141 1191 2165 1226 ⁵.
2196 1191 2280 1231 Quo

415 1246 545 1283 audito,
570 1255 687 1278 comes
709 1244 920 1289 Raydulfus,
946 1245 1006 1287 qui
1030 1255 1066 1276 se
1091 1244 1216 1276 ducem
1239 1243 1360 1277 uocari
1383 1244 1548 1283 faciebat,
1566 1251 1782 1290 congregato
1806 1245 1961 1278 exercitu
1976 1245 2136 1285 militum,
2151 1252 2187 1280 et
2201 1245 2278 1278 infi-

415 1299 487 1331 nita
511 1298 734 1331 multitudine
758 1297 1013 1329 maritimarum
1038 1296 1222 1329 ciuitatum
1245 1297 1342 1339 apud
1364 1296 1567 1328 Ranianum
1591 1298 1624 1328 ei
1647 1303 1808 1340 potenter
1833 1298 1998 1331 occurrit.

504 1419 526 1436 1.
547 1411 693 1436 afirmabat
716 1410 740 1434 C
760 1423 790 1428 -
811 1417 867 1443 3-4.
887 1409 1006 1434 diffiniri
1020 1409 1046 1433 A
1060 1423 1093 1427 —
1107 1414 1132 1440 5.
1146 1408 1317 1435 Raidulfum
1335 1408 1381 1432 Ce
1394 1409 1487 1433 Arndt
1500 1422 1533 1427 —
1547 1408 1573 1434 6.
1586 1409 1731 1434 hostensis
1754 1409 1778 1433 C
1795 1423 1828 1427 —
1848 1417 1874 1443 9.
1892 1410 2083 1436 Innocencius
2105 1410 2130 1436 C
2144 1419 2158 1435 e
2175 1412 2276 1443 Arndt,

412 1455 522 1479 tacendo
539 1455 662 1478 versante
678 1453 703 1476 A
716 1454 742 1477 Β
761 1465 793 1469 —
818 1459 858 1477 10.
878 1446 1024 1485 susceptus
1043 1453 1086 1476 est
1107 1452 1130 1476 C
1146 1458 1160 1474 a
1177 1451 1270 1476 Arndt
1290 1465 1320 1469 —
1347 1458 1388 1476 11.
1407 1451 1548 1483 Rogerius
1571 1451 1594 1475 C
1610 1459 1624 1475 e
1643 1452 1737 1476 Arndt
1757 1465 1789 1470 —
1812 1459 1853 1477 12.
1873 1455 2024 1478 recescisce
2047 1453 2071 1478 C
2085 1461 2100 1478 e
2117 1455 2218 1482 Arndt,
2236 1457 2276 1478 ta-

411 1497 491 1521 cendo
508 1497 630 1521 variante
650 1496 710 1520 AB
727 1508 761 1514 —-
783 1502 822 1527 ¹3·
843 1495 995 1519 eciam....
1017 1494 1126 1518 sorcior
1150 1493 1172 1517 C
1194 1501 1207 1517 e
1225 1493 1327 1523 Arndt,
1346 1501 1399 1518 non
1417 1494 1562 1519 indn‘cando
1579 1494 1702 1519 var-tante
1721 1495 1781 1519 AB
1801 1508 1811 1513 -
1830 1495 1983 1520 Palernum
2005 1497 2028 1520 C
2045 1496 2076 1520 di
2089 1498 2182 1528 prima
2199 1504 2276 1521 mano

412 1541 458 1564 che
475 1540 646 1571 comsupoi
657 1538 806 1563 Salernum
820 1550 853 1555 -—
870 1536 910 1562 16.
924 1537 1109 1570 expeditione
1124 1537 1164 1566 A;
1178 1536 1396 1569 expedicionem
1411 1539 1435 1562 C
1445 1544 1459 1561 e
1472 1536 1565 1563 Arndt

1371 1605 1449 1630 cleto
1462 1604 1488 1629 11
1501 1611 1517 1630 e
1529 1605 1676 1639 Ruggiero
1688 1605 1716 1630 Π
1730 1613 1787 1630 non
1802 1607 1952 1639 suppiamo
1971 1614 2077 1632 ancora
2094 1607 2183 1632 bene:
2195 1609 2274 1632 certo

1371 1648 1429 1681 egli
1448 1647 1463 1673 ὲ
1483 1649 1532 1674 che
1550 1648 1573 1673 il
1599 1650 1693 1681 primo
1719 1647 1751 1673 fu
1769 1648 1817 1673 dai
1843 1648 1968 1674 Romani
1988 1650 2172 1675 considerato
2194 1657 2275 1676 come

1371 1698 1445 1724 papa
1464 1691 1618 1724 legittimo,
1638 1699 1652 1715 e
1672 1691 1694 1715 il
1709 1691 1832 1716 secondo
1852 1690 1921 1724 pot'e
1946 1692 2096 1717 direntare
2115 1692 2137 1717 11
2156 1690 2209 1726 piu
2226 1700 2275 1727 po-

1370 1735 1449 1758 tente
1475 1735 1591 1767 signore
1617 1733 1810 1767 dell'Eux-opa‚
1829 1742 1843 1758 e
1864 1734 2000 1759 mandare
2025 1742 2042 1760 a
2060 1737 2168 1767 monte,
2193 1741 2273 1760 come

1370 1776 1516 1809 s’csprime
1540 1776 1671 1806 l'Amari‚
1701 1776 1750 1801 “la
1776 1778 1887 1809 pretesa
1913 1775 2063 1802 sovranita
2089 1777 2202 1802 teudale
2226 1777 2272 1803 del

1370 1818 1469 1852 “papa
1496 1826 1529 1843 su
1547 1819 1574 1844 la
1598 1818 1700 1852 Puglia
1725 1827 1740 1843 e
1760 1819 1788 1843 la
1814 1817 1981 1852 Calabria„
2018 1819 2104 1845 Nelln.
2129 1819 2231 1845 Sicula
2250 1821 2272 1845 ll

408 1610 531 1642 pientiam
541 1608 613 1641 regis
621 1607 727 1636 Sicilie,
740 1608 790 1638 qm·
801 1609 879 1631 erant
891 1607 922 1630 in
939 1605 1025 1630 Turn*
1036 1606 1137 1630 maiora
1144 1615 1155 1633 ‚-
1165 1608 1190 1629 et
1201 1606 1239 1630 tic
1247 1604 1316 1633 fece-

410 1654 574 1683 rumpacem
583 1658 643 1674 cam
649 1657 688 1678 eo,
695 1651 814 1682 “postea
822 1649 901 1673 Patras
910 1649 1011 1673 reversi
1015 1651 1079 1673 sunt
1088 1653 1118 1676 13
1126 1647 1178 1673 kal.
1186 1647 1315 1672 Octubris.

503 1693 509 1709 ¹
529 1693 674 1718 Annalista
692 1692 775 1722 Saxo,
794 1699 840 1716 an.
861 1697 938 1724 1137,
950 1691 987 1716 M.
1004 1691 1037 1716 G.
1051 1691 1097 1720 H„
1111 1691 1170 1722 SS.,
1186 1690 1234 1721 VI,
1248 1694 1315 1722 7753

411 1737 529 1761 Annales
543 1736 653 1764 Pisani,
664 1735 718 1760 loc.
731 1735 797 1764 cit.3
811 1734 908 1758 FALco
918 1734 1174 1762 Bnuavmrrmws,
1186 1733 1240 1757 loc.
1255 1732 1315 1763 cit.,

413 1780 494 1812 paria
513 1780 613 1804 lnvece
632 1779 663 1803 di
683 1777 831 1803 Avellino.

500 1821 511 1838 Ξ
530 1822 629 1847 ῩΔιοο
654 1821 907 1852 ΒΕΝΕνΕΝι-ΑΝυ-ε,
934 1819 989 1844 loc.
1011 1819 1134 1844 cit.=....
1159 1819 1215 1850 ἔφη
1233 1819 1315 1843 Inno-

410 1866 513 1890 centius
530 1865 621 1889 ducem
639 1863 677 1887 ad
693 1861 870 1893 defensionem
888 1861 988 1894 Apuli:
1005 1862 1132 1887 ordinare
1150 1862 1254 1885 nomine
1266 1867 1315 1885 suo

407 1908 516 1932 volebat.
536 1906 685 1940 [meram
696 1912 757 1930 vero
769 1905 874 1929 nomine
891 1911 946 1935 suo,
963 1906 1056 1928 contra
1077 1903 1238 1928 voluntatem
1251 1905 1313 1935 apo-

407 1950 495 1974 scotici
511 1949 638 1973 ordinare
662 1948 769 1972 volebas.
811 1947 885 1972 Unde
895 1945 1006 1977 sacuam
1027 1948 1066 1970 est
1082 1947 1114 1969 ut
1128 1948 1180 1978 per
1196 1946 1314 1978 triginta

400 1991 467 2023 sere
484 1992 540 2016 dits
557 1992 595 2015 ad
610 1991 723 2015 invicem
747 1989 927 2014 discordatum
945 1990 998 2014 τῆ.-
1016 1989 1063 2013 sed
1084 1989 1236 2020 sapientum
1253 1994 1313 2011 can-

407 2035 469 2060 silio
486 2034 677 2059 communIcato
697 2032 830 2058 discordia
848 2030 913 2056 taus
929 2031 1064 2055 destructa
1081 2033 1182 2055 estu..
1204 2031 1312 2062 Aposto-

408 2078 476 2102 law
494 2076 599 2101 nomine
617 2082 664 2100 suo
682 2075 720 2099 ad
740 2074 762 2099 S
778 2074 859 2098 Petri
868 2073 1033 2107 fidelitatem
1055 2073 1174 2098 comitem
1193 2072 1310 2097 Rasnul-

403 2120 489 2153 plnum
501 2120 592 2144 virum
604 2118 697 2149 usique
712 2118 873 2149 prudentem
885 2119 911 2140 et
921 2117 1064 2141 ἀίει-νείκη·
1078 2117 1108 2140 in
1122 2116 1213 2140 ducem
1222 2115 1311 2148 elegit,

406 2166 432 2188 et
449 2171 477 2188 eo
501 2162 579 2186 electo
603 2161 732 2186 vexillum
755 2161 793 2184 ad
816 2160 938 2184 honorem
962 2160 1086 2188 ducaeus,
1111 2158 1269 2191 apostolicus
1285 2161 1312 2183 et

405 2207 552 2238 imperator
569 2204 600 2229 in
615 2205 752 2235 campet-tu
770 2202 889 2227 omnium
900 2202 928 2226 ei
937 2202 1110 2227 tradiderunt
1126 2204 1153 2226 et
1169 2201 1310 2235 confirma-

405 2250 509 2273 verunt.
547 2245 593 2272 Cf.
613 2253 692 2279 pure,
709 2244 852 2270 Annaliun
871 2244 954 2273 Saxo,
967 2251 1014 2270 an.
1031 2250 1112 2277 1137;
1133 2243 1308 2272 Cnmnws,

404 2289 453 2320 ΙΠ,
475 2297 498 2319 ι,
517 2297 545 2323 p.
563 2296 614 2322 90?
636 2287 721 2313 Orto
740 2286 936 2315 Fmsxomrsxs,
963 2285 1024 2315 vn,
1051 2292 1094 2314 πο,
1120 2285 1308 2314 Baius-mmm,

404 2335 444 2364 op.
463 2333 521 2360 cit..
544 2339 571 2365 p.
592 2330 645 2364 746
662 2337 678 2355 e
697 2337 737 2362 sg.

493 2374 505 2390 ³
524 2373 571 2399 Cf.
585 2371 906 2406 JAFFit-Loawnmmm‚
927 2379 953 2395 n.
974 2370 1041 2404 7851
1063 2378 1079 2395 a
1100 2370 1177 2403 7856.

494 2416 506 2432 ⁴
525 2416 623 2441 FALco
648 2416 903 2443 Bnnuvzu'rmus,
932 2421 978 2438 an.
1009 2419 1085 2447 1137,
1111 2413 1139 2444 (a
1164 2421 1189 2438 c.
1212 2412 1306 2447 1138)=

408 2458 419 2471 ‘⁴
430 2459 490 2483 Hoc
509 2465 587 2483 anno
607 2457 774 2488 Anactetus,
793 2456 843 2488 qui
856 2455 908 2480 sub
922 2456 1040 2479 nomine
1058 2454 1245 2487 pontificatus
1258 2454 1305 2479 ad-

406 2501 419 2514 ‘⁴
429 2502 514 2531 vixit,
533 2500 586 2526 vn
604 2500 651 2525 die
664 2501 758 2525 stante
771 2499 877 2523 mensis
897 2497 1023 2523 ianuarii
1043 2499 1170 2523 mortuus
1189 2499 1242 2529 est,
1256 2497 1306 2530 qui

407 2544 502 2570 “sedit
528 2550 620 2568 annos
644 2543 752 2576 septem
777 2543 805 2567 et
831 2541 974 2566 mensibus
1000 2541 1133 2565 undecim
1159 2542 1186 2565 et
1206 2540 1305 2565 diebus

404 2588 418 2602 ‘¹
425 2588 532 2620 viginti
553 2587 665 2612 duobus
673 2603 696 2619 ,.
733 2584 905 2610 Onnmucus
928 2583 1060 2615 Vrraus,
1073 2587 1112 2616 op.
1125 2584 1184 2612 cit„
1197 2583 1215 2608 1.
1230 2583 1305 2615 XIII,

402 2630 440 2655 M.
463 2630 495 2656 G.
516 2630 566 2658 H..
584 2629 647 2660 SS.,
665 2628 728 2658 XX,
748 2627 797 2652 80:
823 2626 894 2652 VIII
909 2626 1066 2658 Μίαν..-

491 2672 546 2696 Dei
559 2671 691 2705 rapporti
703 2670 804 2695 intimi
816 2676 831 2694 e
845 2669 966 2694 cordiali
984 2669 1026 2693 fra
1039 2667 1187 2701 Rugglero
1201 2676 1215 2693 e
1226 2668 1302 2693 Ana-

401 2716 474 2740 cleto
492 2714 519 2739 11
538 2722 564 2739 R.
585 2714 665 2739 nulla
684 2714 761 2742 dice;
781 2712 859 2747 parla
873 2711 949 2736 della
969 2712 1159 2735 coronazione
1179 2710 1207 2735 di
1227 2710 1302 2743 Rug-

401 2758 481 2790 giero
496 2765 511 2782 a
525 2764 563 2787 re,
577 2765 622 2781 ma
636 2758 697 2781 tace
711 2756 762 2780 che
781 2755 839 2780 tale
858 2754 977 2779 nomina
995 2753 1084 2778 l'ebbe
1098 2759 1147 2787 per
1160 2753 1303 2778 Anacleto

400 2799 436 2824 11.
473 2799 539 2832 Egit
559 2799 584 2824 si
597 2798 694 2823 limIta
707 2798 770 2823 solo
784 2797 819 2822 ad
840 2803 994 2822 accennare
1019 2795 1076 2820 alle
1090 2795 1234 2820 discordie
1248 2803 1300 2819 con

400 2842 561 2866 Innocenzo
579 2839 614 2870 ΙΙ,
633 2840 684 2865 che
697 2847 766 2873 pure
785 2839 857 2869 dice,
876 2845 955 2863 come
967 2838 989 2862 ll
1001 2844 1053 2862 suo
1079 2837 1200 2867 Bosoue,
1214 2837 1302 2862 eletto

400 2884 478 2910 dalla
496 2885 577 2917 parte
596 2882 730 2915 mlgliore
749 2889 764 2906 e
782 2878 834 2916 plia
853 2888 922 2906 sana
941 2880 986 2905 dei
1007 2879 1158 2909 cardinali,
1179 2886 1248 2912 pure
1261 2886 1301 2903 es-

399 2926 485 2952 sendo
510 2927 586 2951 stato
610 2932 695 2950 causa
714 2924 790 2950 della
816 2924 922 2948 venuta
941 2924 970 2948 di
990 2921 1111 2948 Lotar10
1137 2921 1298 2947 nell’Italia

399 2968 590 2995 Meridionale
615 2975 629 2991 e
656 2967 684 2992 di
705 2969 780 2992 tutte
800 2967 825 2990 le
851 2973 949 3000 guerre
972 2973 986 2990 e
1006 2966 1032 2990 le
1051 2965 1227 2990 distruzioni
1247 2965 1297 2989 che

399 3020 433 3037 ne
453 3012 614 3045 segulrono.
651 3009 739 3039 Quali
764 3010 845 3035 siano
869 3010 936 3034 stati
957 3009 999 3042 gli
1022 3008 1137 3033 accordi
1157 3009 1200 3033 sta
1219 3008 1296 3033 Ana-

1370 1867 1468 1885 nuovo
1488 1868 1517 1886 re
1537 1859 1604 1894 pote
1622 1862 1750 1885 istituire
1770 1862 1824 1886 due
1843 1862 1932 1886 nuovi
1953 1862 2110 1893 vescovati,
2129 1859 2232 1887 Cefalii
2257 1869 2272 1887 e

1369 1901 1484 1936 Llpari;
1504 1903 1615 1928 elevare
1635 1903 1658 1928 il
1677 1905 1831 1928 vescovato
1852 1903 1882 1928 di
1901 1903 2026 1929 Messina
2046 1904 2083 1929 ad
2102 1903 2270 1930 Areivuco-

1369 1947 1444 1976 vato,
1462 1953 1478 1970 e
1495 1946 1648 1971 costituIre
1668 1953 1762 1971 nuove
1785 1946 2004 1971 citcoscrizioni
2018 1947 2047 1972 di
2060 1947 2271 1980 glurudizione

1366 1989 1561 2015 ecclesiastica
1580 1989 1750 2023 dipendenti
1769 1989 1817 2015 dal
1837 1997 1889 2015 suo
1907 1997 2045 2023 governo.
2065 1989 2207 2023 (GARmn,
2218 1990 2272 2016 Ar

1366 2032 1393 2056 la
1404 2033 1488 2057 storia
1499 2033 1545 2056 det
1560 2040 1608 2057 sec.
1622 2031 1662 2057 XI
1681 2040 1695 2056 e
1708 2038 1763 2064 xn,
1775 2032 1947 2057 Mscellanea
1960 2032 2137 2065 diplomatica.
2158 2032 2197 2058 Le
2207 2032 2271 2059 isole

1366 2074 1443 2099 ane
1455 2082 1472 2099 a
1480 2075 1613 2107 proposito
1626 2074 1671 2099 del
1682 2075 1695 2088 ‘¹
1705 2074 1885 2099 Con-tmuium
1892 2091 1906 2106 ,,
1915 2074 2067 2099 deu'Abate
2076 2075 2218 2108 Ambroelo
2227 2075 2272 2100 del

1364 2116 1440 2147 1098,
1460 2115 1545 2142 &udi
1562 2123 1575 2139 e
1595 2115 1728 2148 thaerclze,
1741 2115 1863 2141 Catania
1885 2122 1963 2149 1014,
1982 2123 2009 2149 p.
2025 2115 2057 2141 18
2070 2123 2086 2141 e
2104 2117 2166 2149 ng).
2185 2116 2270 2142 Nella

1365 2159 1441 2183 terra
1467 2157 1556 2183 ferma
1582 2156 1651 2191 pote
1675 2165 1760 2183 avere
1786 2158 1876 2183 anche
1900 2159 2016 2183 vescovi
2036 2158 2071 2183 ed
2090 2159 2267 2184 arclveseovi

1364 2200 1415 2224 che
1434 2199 1477 2232 gli
1497 2201 1607 2225 fossero
1627 2200 1725 2225 devoti
1746 2208 1760 2225 e
1779 2201 1810 2225 lo
1830 2201 1989 2225 alutassero
2009 2207 2024 2225 a
2042 2207 2209 2233 governare.

1455 2243 1507 2267 Nel
1530 2249 1606 2276 1134,
1627 2249 1660 2276 ²9
1678 2251 1743 2276 gen.
1764 2244 1794 2267 in
1814 2242 1948 2268 Palermo
1968 2243 2026 2268 aua
2045 2245 2124 2269 corte
2142 2244 2174 2269 dl
2191 2242 2268 2278 Rug-

1363 2286 1453 2317 giem,
1474 2286 1552 2318 dopo
1571 2293 1655 2311 avere
1680 2288 1843 2318 sottopost‘a
1871 2286 1900 2310 la
1919 2286 2019 2319 Puglia
2037 2293 2054 2310 e
2071 2286 2168 2312 buona
2185 2288 2268 2321 parte

1363 2327 1439 2352 della
1458 2326 1643 2360 Capitanata,
1669 2330 1841 2353 ritroviamo
1861 2327 2011 2354 Giovanni
2033 2328 2191 2361 Pierleone,
2209 2328 2268 2355 in-

1362 2369 1433 2394 tello
1453 2370 1499 2395 del
1518 2377 1601 2404 papa,
1620 2378 1637 2396 a
1650 2371 1822 2404 ricordargli
1838 2372 1846 2395 i
1861 2370 1980 2396 benefici
2003 2371 2054 2396 che
2073 2371 2103 2396 la
2121 2377 2172 2397 sua
2183 2371 2266 2397 sami-

1361 2413 1422 2446 glia
1442 2419 1530 2438 aveva
1549 2415 1638 2439 avuto
1659 2413 1694 2438 da
1713 2414 1754 2438 lui
1772 2421 1787 2438 e
1807 2414 1856 2439 dai
1874 2414 1939 2438 suoi
1957 2414 2096 2447 genitorl,
2119 2409 2266 2448 Ruggle'ro

1360 2456 1375 2480 Ι
1393 2464 1408 2480 e
1427 2455 1575 2487 Adelasia,
1594 2465 1609 2482 e
1628 2457 1664 2482 ad
1684 2458 1841 2491 implorare
1859 2457 1893 2482 ed
1912 2459 2042 2482 ottenere
2054 2464 2104 2490 per
2116 2455 2196 2483 secl
2210 2457 2266 2483 frn-

1361 2498 1426 2524 teni
1454 2498 1559 2530 Leone,
1587 2499 1743 2533 Rugg1ero,
1772 2499 1923 2525 Giordano
1948 2507 1964 2525 e
1982 2499 2082 2525 Guldo
2102 2507 2117 2525 e
2135 2500 2147 2525 1
2166 2501 2263 2534 nlpoti

1361 2540 1459 2566 Pietro
1485 2541 1624 2574 Uguzone
1643 2550 1659 2567 e
1678 2542 1825 2568 Graziano
1854 2543 1882 2567 la
1911 2544 2032 2568 nomina
2051 2543 2080 2567 di
2109 2542 2265 2569 ‘homines

2313 799 2363 853 ια’

2307 1086 2346 1119 15

2301 1659 2362 1684 40·

2299 1872 2332 1898 4⁵

2297 2083 2334 2111 50

2295 2298 2327 2326 ⁵⁵
2352 2312 2355 2316 -

1361 2583 1439 2617 ‘ligi
1453 2603 1476 2617 ,‚
1496 2592 1550 2610 con
1565 2585 1684 2610 castella
1698 2593 1713 2610 e
1726 2593 1764 2611 un
1787 2586 1898 2610 tributo
1912 2585 1942 2610 di
1956 2591 2010 2618 ²30
2030 2592 2101 2610 onze
2120 2585 2201 2610 ti’oro
2214 2592 2264 2610 an·
2303 2621 2306 2624 Ι
2344 2571 2355 2610 .Ῠ

1361 2627 1450 2656 nuali,
1468 2627 1554 2652 altine
1573 2628 1602 2652 di
1623 2628 1799 2653 combattere
1824 2634 1933 2660 sempre
1952 2628 1998 2652 nel
2018 2627 2046 2653 di
2068 2628 2110 2653 lui
2128 2628 2258 2653 esercito.
2305 2632 2307 2634 ·

1360 2667 1405 2694 Cf.
1426 2669 1456 2694 P.
1476 2669 1571 2701 Kana,
1593 2670 1722 2703 Diphma
1737 2673 1875 2705 purpurea
1893 2671 1926 2694 dt
1935 2677 1964 2694 re
1983 2670 2120 2703 Ruggi'ero
2133 2669 2225 2703 ΠΜ
2236 2669 2264 2695 Ιο

1358 2712 1632 2742 commemorantis
1656 2712 1761 2738 Arch.
1781 2713 1874 2738 della
1899 2719 1927 2737 R.
1946 2711 2099 2738 Societa
2123 2721 2205 2738 rom.
2225 2713 2261 2738 di

1358 2752 1487 2779 Storia
1515 2754 1662 2787 Patria,
1690 2755 1749 2781 vol.
1769 2754 1870 2784 XXIV,
1890 2763 1916 2788 p.
1938 2755 1989 2788 258
2008 2763 2023 2780 e
2043 2763 2083 2788 sg.

1447 2795 1457 2811 ⁵
1477 2796 1522 2821 Cf.
1543 2797 1641 2823 FAx-co
1664 2798 1920 2829 Bnnnvawmuus,
1934 2797 1989 2822 loc.
2010 2798 2074 2823 clt.=
2093 2797 2106 2812 ⁸
2118 2817 2185 2824 .....
2199 2804 2261 2832 pre-

1358 2838 1425 2862 “ter
1444 2839 1553 2871 Barum,
1581 2839 1700 2864 Troiam
1721 2841 1805 2872 atque
1830 2838 1992 2872 Neapolim,
2017 2842 2131 2865 omnem
2155 2842 2261 2865 terram

1358 2880 1371 2894 ‘¹
1384 2881 1550 2914 obtinuit„.
1598 2882 1728 2907 Chronica
1757 2882 1843 2915 t‘gnoti
1866 2881 1995 2908 Monacu
2021 2883 2203 2909 ostentmst
2230 2884 2261 2910 S.

1354 2923 1461 2948 Mariae
1474 2925 1505 2948 de
1521 2925 1658 2957 Ferraria,
1673 2927 1723 2951 cit.
1743 2933 1787 2950 ειη.
1810 2931 1875 2958 1137
1896 2926 1951 2954 ot.;
1975 2925 2072 2950 Chr-on.
2096 2925 2259 2954 eminente.

1355 2965 1404 2997 IV,
1425 2975 1446 2991 c.
1471 2967 1532 2996 126;
1553 2967 1686 2997 Wxafxm,
1700 2967 1846 3000 Epistulae,
1866 2969 1906 2993 ed.
1922 2967 2022 3001 ῙΑιητὲ,
2037 2970 2067 2994 in
2083 2969 2154 2994 Bau.
2168 2977 2259 2994 rerum

1355 3009 1587 3040 Germantcarum,
1607 3010 1628 3040 1,
1648 3017 1695 3043 pp.
1716 3009 1809 3042 84-88‚
1829 3010 1912 3043 epist.
1935 3018 1964 3035 11
1985 3018 2000 3035 e
2022 3017 2062 3036 12.

2287 2909 2323 2966 ,ε
2350 2943 2355 2947 ἢ.
