2398 3470
1911 203 1977 242 171
2013 214 2121 234 Muxcc.
2141 216 2222 239 ¹6⁴·165

129 213 180 248 [A.
200 213 235 242 c.
254 213 407 250 osa-9971
709 205 1001 242 ROMUALDI
1028 204 1395 242 SALERNITANI

134 277 158 285 .-
159 269 1978 286 .......................................................................................................................................................................................................

128 324 276 364 buertst,
313 325 507 368 multosque
542 325 700 358 homines
735 323 917 367 oppressit.
940 336 947 345 2
975 324 1131 357 Ronsem
1150 322 1159 339 ¹
1196 329 1303 356 totam
1338 333 1416 356 cum
1453 324 1527 356 eius
1561 323 1757 356 hominibus
1791 322 1982 356 submersit.

217 376 402 411 'Preterea
418 377 534 411 Rome
551 377 718 411 defuncto
730 387 823 420 papa
834 377 1038 416 Benedicto,
1054 377 1227 409 Iohannes
1242 386 1334 419 papa
1348 376 1438 409 sedit
1455 376 1629 409 mensibus
1643 376 1758 409 VIIII.
1781 376 1850 409 Hic
1867 381 1980 408 autem
2004 375 2222 426 {ffiffyffffissgssg

130 430 168 463 in
193 430 338 464 castello
360 431 473 464 sancti
496 430 625 475 Angeli
649 436 800 464 retrusus
822 436 856 462 et
878 440 943 472 per
964 440 1101 462 menses
1123 429 1176 463 IV
1198 429 1291 462 fame
1314 429 1468 462 afflictus
1497 436 1652 463 mortuus
1675 435 1736 462 est.
1782 429 1828 462 Et
1857 429 1983 461 iterum
2006 428 2222 479 {Zss'gss‘⁵}}‚‘‚s1¹·s¹ssss

15 510 32 519 .
129 483 288 526 superior
309 482 511 517 Bonifacius
524 484 595 527 'qui
618 484 782 527 expulsus
804 484 920 516 fuerat
942 483 1034 516 sedit
1054 482 1230 516 mensibus
1251 482 1304 515 XI
1315 481 1339 515 ².
1386 481 1468 521 Quo
1484 483 1558 515 uita
1574 482 1769 516 decedente
1784 480 1981 515 Iohannes¹
2004 482 2052 532 ἑζξ
2060 481 2226 528 Ιζζζηζζ-ωῗξθῤ

25 539 34 548 V*
63 535 82 568 5
129 537 219 570 sedit
241 537 415 572 mensibus
438 537 517 570 1111.
562 538 645 571 Post
669 547 773 581 quem
796 536 884 569 alius
907 536 1079 569 Iohannes
1102 536 1192 569 sedit
1215 535 1313 569 annis
1335 536 1370 568 X
1393 535 1569 569 mensibus
1599 536 1661 569 VI.
1707 535 1816 569 Cuius
1845 541 1980 578 tempo·
2001 537 2024 558 s*
2055 536 2150 559 ⁹⁸5·9⁹⁶·

27 583 30 584 ⁷
127 589 222 623 ribus
244 590 397 624 Romani
419 590 593 635 capitanei
616 589 819 634 patriciatus
840 589 908 622 sibi
932 588 1142 622 tirannidem
1165 588 1402 622 uendicauere
1415 588 1437 622 ⁴.

215 641 319 676 Anno
343 643 515 677 dominice
538 642 789 677 incarnationis
810 641 1107 685 DCCCCXCIIIJ
1130 642 1166 675 in
1188 641 1317 685 Apulia
1341 641 1462 674 ciuitas
1484 642 1620 675 Matere
1633 642 1644 659 ⁵
1667 653 1688 674 a
1705 642 1906 675 Sarracenis
1923 641 1984 674 de—
2008 657 2054 676 994-
2074 652 2127 671 Dec-

126 700 259 729 structa
282 704 345 730 est.

214 750 319 782 Anno
343 750 517 784 dominice
540 749 790 783 incarnationis
813 748 1118 793 DCCCCXCVIJ.
1164 748 1245 792 Ugo
1269 748 1340 782 dux
1355 749 1571 782 Francorum
1588 749 1678 782 obiit
1693 749 1916 792 sepultusque
1933 754 1984 781 est
2011 759 2060 783 σεο
2071 758 2212 783 (αμα-997
2232 754 2234 758 ·

65 802 103 834 10
127 802 166 835 in
188 802 335 836 basilica
356 803 450 837 beati
473 803 619 836 Dionisii
643 802 793 835 martiris
815 802 977 835 parisius.
1023 801 1090 835 Cui
1112 802 1280 835 successit
1301 802 1393 834 filius
1416 802 1490 835 eius
1513 802 1716 835 Robbertus
1739 812 1801 834 rex
1825 802 1886 845 qui
1903 803 1984 844 pius

125 855 192 888 suit
215 863 251 889 et
274 857 459 890 modestus.
505 856 574 889 Hic
597 862 714 888 autem
737 861 815 898 post
838 861 986 888 mortem
1009 855 1118 898 patris
1141 855 1299 899 regnauit
1323 855 1424 888 annis
1447 856 1572 888 XXIII
1584 855 1606 888 ⁶.
1653 855 1723 888 Per
1736 855 1831 888 idem
1847 861 1982 897 tempus

127 908 202 942 Mel
227 910 406 953 catipanus
434 910 583 953 primum
614 909 649 941 in
679 907 843 952 Apuliam
876 908 1044 942 conduxit
1075 909 1298 942 Normannos
1328 919 1414 952 quos
1438 920 1555 942 secum
1579 909 1711 942 habens
1742 908 1872 941 bellum
1904 920 1982 941 cum

128 961 253 995 Grecis
274 962 311 994 in
333 962 464 1005 Apulia
487 962 582 1006 apud
604 961 837 994 Basentellum
850 960 862 978 ⁷
885 960 1064 1001 commisit,
1088 966 1122 994 et
1145 970 1214 993 non
1240 961 1348 994 multo
1372 968 1451 1004 post
1473 961 1642 1004 temporis
1665 961 1739 1004 ipse
1762 961 1837 994 Mel
1862 961 1985 994 ciuita-

125 1020 195 1047 tem
220 1014 384 1049 Ascolum
408 1015 511 1059 cepit.

217 1133 243 1160 7.
260 1128 350 1153 Anno
370 1127 404 1152 ab
423 1115 623 1153 incarnatione
642 1128 762 1152 Domini
785 1129 808 1153 C
825 1128 912 1152 Anno
933 1128 1015 1152 Sasso
1031 1140 1043 1146 ·
1062 1127 1194 1152 ciuitatis
1214 1128 1252 1158 C‚·
1271 1127 1379 1153 Matera
1398 1129 1422 1153 A
1444 1142 1476 1147 —
1495 1136 1520 1161 9.
1540 1129 1628 1153 Anno
1648 1128 1792 1153 dominice
1806 1127 1984 1152 incarnatio-

130 1172 175 1196 nis
192 1172 220 1196 B
236 1180 332 1197 manca
349 1172 438 1197 Anno
456 1171 669 1198 DCCCCXVII
689 1173 769 1198 Sasso
787 1171 840 1206 998
861 1173 884 1198 C
902 1186 934 1191 —-⁴
957 1178 998 1197 11.
1018 1172 1081 1204 pius
1096 1179 1128 1196 ac
1141 1172 1285 1197 modestus
1299 1173 1324 1197 A
1335 1174 1362 1197 Β
1380 1182 1395 1198 e
1413 1174 1494 1199 Sasso
1508 1186 1540 1192 —
1558 1180 1598 1198 12.
1612 1174 1642 1198 in
1656 1172 1766 1206 Apulia
1778 1173 1803 1197 A
1815 1173 1842 1197 Β
1855 1181 1869 1196 e
1880 1172 1960 1197 Sasso
1975 1185 1983 1189 -

125 1215 232 1241 bellum
245 1216 276 1241 lu
295 1216 405 1249 Apulia
423 1224 486 1242 cum
505 1216 605 1242 Grecis
626 1218 650 1242 C

1 2817 94 2842 ⁴⁰

123 2816 177 2834 con
191 2817 229 2834 un
252 2808 399 2835 chronicon
412 2811 441 2835 dl
456 2810 576 2836 Salerno
591 2811 619 2836 dl
634 2812 681 2836 cul
693 2812 720 2836 sl
734 2810 823 2844 glovo
848 2819 918 2845 pure
936 2819 962 2838 a.
998 2812 1022 2838 11

125 2852 269 2877 OErom'con
288 2852 515 2884 Amalpkitanum,
542 2861 604 2887 cap.
628 2853 729 2883 xxm,
754 2853 927 2885 Mumvrom,
945 2855 1022 2881 Anei-

121 2894 237 2926 quitata
258 2895 380 2926 Italicae,
399 2894 421 2920 1.
441 2901 474 2920 21
495 2892 557 2920 cos)
577 2895 656 2920 dice:
676 2897 747 2922 Hn'c
766 2897 889 2922 admonet
905 2899 977 2922 locus
995 2902 1025 2923 ut

121 2936 227 2968 aliquid
243 2945 274 2961 ex
288 2937 416 2969 gentibus
435 2937 508 2962 aaa&
535 2938 652 2962 Roberti
681 2938 827 2964 Gurssrcardi
844 2943 871 2964 et
891 2941 1022 2971 prosapia

118 2979 231 3010 generis
249 2978 304 3004 suis
323 2979 524 3011 interponaturf
547 2988 594 3005 nec
612 2988 661 3005 non
681 2982 783 3012 quando
803 2982 1023 3014 Normanm'prr'·

1077 2814 1101 2838 Il
1122 2816 1196 2839 testo
1210 2816 1378 2847 pubblicato
1388 2816 1436 2841 dal
1450 2815 1674 2846 Wsrrssmucn,
1695 2824 1721 2849 p.
1735 2815 1784 2848 651
1801 2825 1815 2842 e
1828 2816 1890 2850 653,
1904 2825 1977 2850 pone

1078 2857 1125 2881 nel
1147 2862 1213 2889 1017
1235 2858 1379 2890 l‘impresa
1399 2858 1475 2883 della
1494 2859 1598 2892 Puglia
1617 2867 1631 2883 e
1654 2858 1686 2883 16
1698 2859 1770 2883 anni
1784 2860 1876 2892 prima
1891 2861 1917 2884 la
1932 2868 1976 2885 ve-

1078 2902 1148 2924 nuta
1167 2900 1211 2924 del
1232 2901 1391 2925 Nor-manni
1413 2909 1427 2925 e
1446 2901 1682 2934 l’espugnazione
1701 2901 1751 2926 che
1773 2902 1865 2927 secero
1886 2904 1913 2927 (li
1929 2903 1977 2928 Sa-

1077 2941 1168 2973 lerno,
1188 2942 1336 2967 conforme
1356 2944 1381 2967 nl
1394 2945 1530 2968 rat-,conto
1543 2943 1572 2968 di
1588 2944 1702 2969 Amato.
1721 2942 1782 2969 Cs.z
1795 2944 1841 2968 DE
1854 2945 1977 2973 Bmsns,

1077 2984 1121 3008 La
1140 2985 1323 3009 susurres-ione
1348 2985 1480 3018 Pugliese
1500 2994 1513 3009 e
1539 2986 1567 3010 la
1593 2986 1728 3018 conquista
1752 2985 1910 3011 Normanna
1935 2989 1980 3011 nel

127 1287 210 1312 dario
229 1288 259 1312 di
284 1288 312 1313 S.
337 1287 451 1322 Angelo
477 1288 522 1314 dei
549 1289 704 1314 Lombardi
724 1290 753 1313 in
780 1289 932 1322 provincia
957 1288 1025 1313 d’A-
1081 1296 1149 1313 mum
1169 1288 1196 1313 in
1215 1289 1344 1320 Apuliam
1363 1293 1502 1315 venerunt.
1539 1290 1616 1314 Anno
1636 1297 1702 1314 vero
1721 1289 1869 1314 dominicae
1890 1289 1976 1313 incar-
2007 1292 2038 1318 45

13 1351 24 1360 ,
65 1339 78 1365 5
127 1329 248 1356 velllno.
1080 1331 1195 1356 nationis
1213 1339 1264 1364 999
1281 1332 1388 1364 quidam
1407 1333 1510 1357 nomine
1534 1333 1610 1357 Mella
1635 1333 1776 1363 catapanus
1796 1332 1927 1363 primitus
1951 1332 1978 1355 in

20 1372 28 1380 ‘
215 1369 224 1388 ¹
243 1371 370 1406 thengo
384 1373 410 1398 si
427 1374 510 1399 tratti
531 1374 560 1398 di
581 1372 658 1399 Rota
678 1373 768 1398 Greca
782 1374 827 1398 nel
842 1373 1024 1398 circondario
1079 1373 1209 1405 Apuliam
1227 1375 1350 1399 conduxit
1367 1376 1545 1406 Normannos,
1572 1383 1635 1407 qnos
1658 1383 1744 1400 secum
1763 1375 1859 1399 habens
1883 1374 1979 1399 bellum

125 1415 156 1439 di
176 1413 316 1446 Cosenza,
334 1415 387 1440 che
405 1417 551 1441 rientrava
571 1417 616 1441 nel
631 1415 798 1449 Principato
817 1416 846 1441 di
861 1416 989 1441 Salerno.
1079 1424 1135 1441 cum
1161 1416 1272 1442 Graecis
1291 1418 1317 1441 in
1338 1417 1465 1449 Apuliam
1479 1419 1552 1449 apud
1568 1417 1756 1442 Basantellnm
1769 1417 1906 1442 commisit.
1943 1416 1980 1440 Et

216 1454 229 1473 ¹
246 1458 280 1482 L.
299 1458 343 1487 P..
362 1457 396 1483 11.
407 1463 473 1491 259:
495 1458 509 1472 ³
520 1475 559 1485 ...
578 1459 653 1484 sedit
668 1466 756 1483 mens.
769 1458 845 1484 VIII.
865 1457 957 1486 Quem
971 1458 1026 1483 iste
1079 1467 1128 1483 non
1147 1460 1256 1484 multum
1270 1463 1334 1491 post
1352 1460 1480 1491 temporis
1498 1461 1673 1485 intervallum
1693 1461 1749 1490 ipse
1775 1460 1850 1485 Melh
1875 1459 1978 1491 calupn-

129 1498 283 1532 “superior
295 1500 461 1526 Bonifatius
473 1500 598 1526 Ferrutli
612 1501 697 1531 filius,
711 1496 869 1526 reversus‘a
882 1500 1025 1526 Constan-
1079 1509 1126 1525 nus
1145 1502 1286 1527 civitatem
1305 1502 1470 1527 Asculanam
1488 1503 1560 1534 cepit
1582 1506 1609 1528 et
1633 1504 1731 1528 multas
1755 1502 1827 1527 alias
1852 1502 1979 1527 civitates
2007 1504 2042 1530 50

10 1541 17 1566 ²,
66 1547 99 1565 ιο
128 1540 142 1555 ”
151 1541 309 1574 tinopoum
328 1542 376 1567 ubi
392 1542 517 1575 fugerat,
531 1543 749 1576 comprehendit
761 1550 794 1568 ac
808 1543 942 1577 deposuit
954 1543 1027 1567 etin
1079 1546 1107 1567 et
1124 1547 1216 1568 castra
1234 1552 1285 1568 non
1303 1544 1432 1569 desistens
1445 1548 1576 1578 pugnare
1585 1563 1609 1577 „.

128 1582 142 1596 ‘¹
153 1583 303 1609 castellum
321 1586 414 1610 sancti
433 1585 540 1618 Angeli
553 1585 585 1610 ln
599 1586 759 1610 custodiam
779 1587 867 1615 misit,
881 1586 909 1610 et
925 1585 963 1609 ibi
979 1592 1025 1610 cu·
1168 1585 1267 1610 Anche
1287 1586 1308 1610 il
1328 1594 1448 1612 monaco
1468 1576 1610 1616 Affixro,
1631 1587 1727 1612 Istorie
1747 1588 1780 1612 de
1793 1587 1816 1612 li
1833 1588 1976 1616 Normant,

128 1625 260 1652 “stodlre
269 1634 334 1652 eum
345 1627 422 1653 feeit.
440 1627 540 1660 Iquue
553 1627 748 1653 infirmitatem
759 1629 786 1652 et
799 1628 896 1652 famisi
907 1628 1025 1660 nopiam
1081 1626 1158 1652 ediz.
1177 1628 1208 1652 di
1227 1627 1402 1658 &Da-mc,
1421 1629 1530 1659 Rouen,
1554 1628 1619 1662 1892
1640 1637 1701 1662 cap.
1723 1635 1764 1663 17,
1784 1636 1861 1662 pone
1878 1629 1907 1653 la
1933 1636 1978 1652 vc-

128 1663 202 1699 “per
220 1666 247 1692 11
265 1674 375 1692 menses
393 1668 498 1692 acriter
523 1668 662 1693 sostlnult
682 1675 713 1692 ac
733 1669 842 1693 mortus
861 1669 912 1699 est,
932 1669 968 1698 et,
993 1669 1025 1692 ut
1080 1671 1149 1694 nuta
1171 1669 1218 1695 dei.
1236 1671 1408 1697 Normanni.
1448 1671 1462 1684 ‘¹
1472 1664 1572 1697 Avan't
1597 1672 1678 1697 mille
1697 1673 1817 1706 puisque
1835 1671 1934 1696 Christ
1953 1671 1979 1695 le

127 1706 141 1720 “
153 1708 250 1741 fertur,
265 1709 385 1734 occlnus.
423 1707 480 1738 Qui
497 1710 558 1742 lpse
572 1709 739 1735 Bonifatius
753 1712 819 1742 post
832 1711 952 1735 mortem
965 1710 1026 1734 eius
1082 1711 1095 1724 “
1108 1713 1206 1737 nostre
1223 1711 1346 1745 Seignor
1364 1715 1439 1746 prist
1458 1714 1525 1739 char
1544 1722 1579 1739 en
1593 1715 1621 1739 la
1643 1715 1755 1747 virgine
1774 1714 1874 1744 Maric,
1892 1721 1978 1748 appa·
2007 1718 2039 1744 55

65 1755 95 1782 ις
127 1749 226 1776 “sedit
244 1758 332 1776 mens.
350 1751 424 1783 XI„.
1079 1754 1093 1768 “
1104 1756 1203 1779 rurent
1221 1762 1256 1779 en
1271 1756 1301 1781 lo
1320 1756 1424 1781 monde
1437 1756 1477 1781 XI
1490 1757 1615 1781 vaillant
1633 1757 1759 1789 pelerin3
1778 1757 1918 1781 vencient
1930 1756 1977 1781 dal

213 1790 226 1808 ³
246 1791 356 1822 Questo
374 1801 449 1827 papa
469 1794 499 1819 fu
514 1794 679 1820 introdotto
693 1795 728 1820 da
747 1794 781 1820 R.
796 1795 842 1819 dal
858 1793 932 1820 Cod.
944 1794 1026 1819 Vati·
1079 1796 1093 1810 ¹
1103 1797 1166 1821 sain
1186 1798 1313 1831 sepulcre
1332 1798 1366 1823 de
1385 1798 1538 1824 Ierusalem
1557 1806 1631 1832 pour
1656 1806 1738 1824 aorer
1762 1798 1919 1829 ffiu‹-r1st„.
1956 1799 1978 1823 Ε

124 1842 197 1860 cano
216 1834 296 1869 3764,
314 1836 375 1868 che,
389 1837 476 1870 dopo,
491 1837 619 1862 Iohannes
633 1837 777 1869 episcopus,
791 1837 898 1862 natione
910 1837 1026 1868 Papiae,
1079 1839 1138 1863 tale
1156 1839 1319 1866 tradizIOne
1338 1842 1362 1866 si
1382 1842 1535 1866 mantenne
1557 1849 1575 1866 a
1600 1842 1815 1867 Montecasslno
1835 1850 1849 1866 e
1869 1842 1899 1866 fu
1919 1849 1978 1866 rac—

124 1877 289 1904 introduce:
307 1877 436 1904 lohannes
455 1888 490 1906 m.
515 1879 590 1905 IIII.
616 1879 665 1905 Cr.
689 1881 722 1905 L.
741 1881 785 1909 P„
811 1880 867 1906 loc.
888 1880 951 1904 cit.:
973 1880 1026 1906 Ca·
1079 1881 1156 1906 coita
1179 1882 1268 1907 anche
1281 1882 1500 1916 dau’Anonymus
1522 1884 1695 1909 Cassinensis.
1714 1884 1778 1909 Dm.
1790 1883 1844 1913 RE,
1859 1884 1981 1909 Cronisti

123 1921 257 1953 eulog-nes.
1080 1932 1094 1947 e
1109 1924 1242 1950 Scrittori
1251 1925 1369 1950 sinoroni
1380 1926 1454 1951 della
1468 1927 1650 1951 domiuazione
1664 1928 1823 1952 Normanna
1836 1927 1882 1951 uel
1892 1934 1978 1959 regno
2006 1924 2041 1949 60

31 1980 32 1983 =
61 1970 96 1989 πο
213 1961 227 1979 ⁴
245 1963 332 1993 Inna,
350 1963 387 1989 11.
407 1963 476 1990 260:
497 1964 512 1978 ἅ
579 1965 654 1990 sedit
674 1972 740 1990 ann.
759 1965 786 1990 X
805 1972 892 1997 mens.
907 1964 958 1990 VH
965 1982 988 1996 ῃ.
1078 1966 1109 1990 di
1125 1966 1232 1999 Puglia
1251 1974 1264 1990 e
1276 1967 1383 1998 Sicilia,
1402 1967 1519 2001 NapoH,
1536 1967 1602 2000 1845
1617 1968 1676 1994 vol.
1689 1968 1710 1993 Ι.
1724 1967 1790 2000 461;
1804 1968 1978 1998 Momm-otu,

211 2003 223 2021 ⁶
244 2012 272 2031 a.
297 2006 440 2031 s’accorda
472 2014 528 2031 con
553 2006 655 2032 Lupus
680 2007 950 2032 Pnorosrarsuuus
977 2007 1026 2031 dal
1078 2006 1111 2035 V,
1128 2014 1186 2040 139.
1199 2015 1241 2033 ms
1252 2025 1259 2038 ‚
1274 2015 1325 2042 199
1339 2009 1415 2034 della
1427 2009 1588 2035 Biblioteca
1602 2010 1632 2035 di
1642 2010 1867 2039 Montecassino,
1887 2017 1979 2034 scom-

123 2047 206 2079 quale
224 2049 348 2073 trassero
368 2049 542 2074 l’Anonimo
562 2048 756 2078 Salernitano,
776 2049 946 2074 l'Anonlrno
973 2049 1024 2073 Ba·
1079 2056 1173 2081 parso,
1192 2050 1244 2075 che
1263 2051 1340 2076 dice:
1360 2052 1399 2076 ad
1415 2060 1457 2076 an.
1478 2060 1552 2078 1000.
1572 2053 1692 2086 ,Quidam
1711 2053 1866 2077 Normanni
1879 2052 1978 2077 Hiero-

124 2095 183 2113 rese
202 2097 217 2114 e
236 2089 258 2114 ll
278 2090 425 2116 Chrom'con
446 2091 473 2116 S.
494 2091 609 2122 Sophie:
622 2099 665 2116 an.
678 2099 729 2124 994
749 2091 830 2115 indic.
852 2090 907 2115 VII.
921 2091 1025 2116 obsessa
1077 2092 1183 2124 solymis
1202 2093 1411 2119 venientes.....·
1430 2093 1498 2128 pero
1519 2095 1540 2119 il
1561 2102 1612 2119 ms.
1626 2100 1669 2128 47,
1689 2093 1748 2120 ch'e
1768 2095 1789 2119 il
1807 2092 1858 2128 piu
1872 2094 1978 2123 antico,

123 2137 165 2159 est
183 2134 297 2159 Marem
315 2143 333 2159 a
354 2134 515 2160 sarracenis
534 2135 620 2160 trihus
639 2136 777 2166 mensibu-³,
797 2139 824 2160 et
836 2139 931 2167 quarto
944 2139 1025 2167 capta
1078 2134 1159 2167 parla
1178 2135 1223 2159 dei
1244 2136 1402 2161 Normanni
1424 2144 1441 2161 a
1460 2138 1635 2162 cominciare
1655 2137 1702 2162 dal
1725 2144 1808 2171 1017:
1828 2137 1981 2162 Normanni
2005 2138 2038 2170 65

28 2187 33 2202 ·.
62 2182 93 2208 25
123 2177 157 2201 ah
176 2177 224 2202 eis.
258 2175 283 2200 11
305 2175 617 2203 Coa.Andr.e1¹An0n.
633 2178 736 2202 Barese
749 2178 949 2211 aggiungonoe
969 2178 1023 2202 “In
1078 2177 1153 2201 Melo
1172 2178 1237 2202 duce
1255 2181 1383 2209 ceperunt
1407 2182 1565 2212 oppugnare
1589 2179 1732 2211 Apuliarm
1757 2180 1778 2204 il
1806 2187 1854 2205 ms.
1875 2179 1936 2211 851,
1957 2179 1978 2203 il

125 2217 138 2231 ⁸
150 2226 205 2251 qua
224 2219 327 2244 muller
345 2219 482 2252 quaedam
510 2220 583 2245 same
612 2221 712 2245 coacta
732 2221 883 2253 proprium
901 2221 1026 2245 comedit
1078 2217 1128 2251 piu
1148 2221 1260 2244 recente
1279 2220 1330 2245 che
1349 2223 1493 2258 comincia
1513 2222 1559 2247 col
1581 2221 1658 2252 1128,
1678 2224 1739 2247 tace
1759 2222 1941 2247 additittura.

125 2260 139 2275 ¹¹
150 2261 240 2286 filium
250 2278 274 2293 „.
313 2261 362 2287 Gli
381 2263 501 2288 Annales
522 2264 656 2288 Barmses
681 2270 784 2288 errano
804 2263 960 2294 neWanno,
980 2271 1025 2288 ma
1166 2261 1265 2286 Anche
1283 2261 1379 2288 Leone
1399 2262 1532 2288 Ostiense
1552 2264 1628 2289 nella
1647 2264 1741 2298 prima
1761 2265 1913 2289 redazione
1931 2264 1977 2288 ‹iel

123 2303 151 2329 ci
170 2301 269 2329 dAnno
287 2303 311 2328 il
330 2311 405 2330 mese
423 2305 500 2330 della
519 2307 622 2330 caduta
642 2305 672 2330 di
690 2305 817 2330 Mater-a:
837 2305 949 2330 “Anno
962 2305 1022 2339 996.
1077 2310 1128 2328 suo
1150 2305 1302 2335 chronicon,
1321 2313 1400 2331 come
1419 2307 1444 2331 si
1463 2307 1545 2340 legge
1564 2307 1610 2332 nel
1626 2308 1713 2332 Codex
1725 2316 1787 2340 reg.
1801 2308 1977 2335 Monacensis,

5 2365 7 2367 ,
125 2344 269 2370 “Obsessa
287 2347 331 2371 est
350 2346 485 2372 Materies
504 2347 596 2372 tribus
617 2347 762 2372 mensibus
781 2347 815 2372 ab
830 2346 929 2379 iniqua
941 2349 1026 2380 gente
1078 2346 1204 2371 raccolse
1222 2347 1251 2371 la
1269 2347 1434 2373 tradizione
1454 2349 1662 2382 asscgnandola
1676 2349 1702 2373 al
1725 2356 1807 2374 1000:
1829 2349 1906 2374 “His
1920 2350 1978 2382 pri-
2007 2357 2040 2383 70

3 2410 5 2412 ,
28 2380 31 2382 ’
61 2395 96 2422 30
125 2385 138 2399 “
151 2384 369 2417 Saracenorum,
387 2388 416 2412 et
436 2388 466 2411 in
485 2389 588 2420 quarto
607 2394 710 2419 mense,
725 2387 801 2412 idest
813 2387 963 2416 decembri,
976 2395 1025 2420 per
1080 2387 1093 2401 “
1105 2395 1174 2413 num
1192 2389 1291 2414 diebus
1302 2392 1441 2415 venerunt
1451 2391 1580 2424 Capuam
1591 2392 1751 2416 Nor-manni
1766 2392 1888 2424 aliquot,
1902 2392 1976 2424 quod

28 2435 30 2438 ’
125 2427 210 2453 “vim
227 2435 290 2454 eam
308 2429 593 2462 comprehenderunt,
613 2430 645 2455 ln
670 2437 725 2462 qua
751 2429 888 2463 quaedam
918 2430 1024 2456 femina
1078 2430 1092 2443 “
1103 2431 1296 2464 quadraginta
1315 2433 1373 2458 sere
1387 2441 1512 2462 numero,
1526 2435 1574 2466 qui
1589 2434 1700 2459 domini
1716 2435 1759 2459 sui
1774 2435 1890 2459 comitis
1906 2435 1977 2459 Nor-

123 2471 136 2485 ⁶
148 2469 239 2496 filium
259 2477 340 2496 auum
359 2471 485 2497 comedit
495 2489 517 2504 η.
1079 2472 1093 2486 “
1104 2475 1237 2499 manniae
1256 2475 1333 2500 viam
1353 2475 1505 2508 fugientes,
1525 2479 1583 2501 tam
1603 2477 1659 2509 ipsi
1673 2484 1759 2509 quam
1771 2477 1867 2509 plures
1880 2484 1977 2501 eorum

211 2510 223 2528 ⁶
240 2513 366 2538 Historia
376 2515 544 2539 Francorum
558 2515 725 2546 Seuouensis,
736 2516 784 2540 cit.
796 2523 841 2540 an.
852 2521 918 2548 997:
933 2515 1023 2540 Anna·
1080 2514 1093 2527 “
1107 2516 1196 2540 sociis
1216 2524 1444 2550 quaquaversum
1465 2518 1595 2551 dispersi,
1615 2519 1656 2544 sle
1676 2519 1725 2544 ubi
1744 2520 1902 2551 reperirent
1928 2519 1977 2551 qui

0 2585 1 2589 Ἰ
123 2557 162 2580 les
180 2555 269 2581 sancti
285 2555 386 2587 Albini,
415 2557 455 2581 M.
480 2557 511 2583 G.
533 2558 579 2586 H„
599 2557 651 2583 SS.
669 2556 718 2588 111,
742 2556 807 2582 168:
822 2566 865 2583 an.
875 2565 933 2590 997.
952 2559 1026 2583 Obiit
1079 2557 1154 2583 “eos
1173 2559 1207 2583 ad
1228 2567 1256 2584 se
1276 2561 1414 2593 reciperet
1432 2561 1628 2593 requirebant;
1649 2561 1705 2586 viri
1724 2561 1855 2594 equidem
1875 2563 1903 2586 et
1923 2564 1976 2586 sta·
2007 2571 2038 2598 75

24 2590 26 2593 ¹
61 2608 94 2636 35
126 2598 209 2631 Hugo
228 2606 282 2630 rex,
298 2601 384 2630 pater
402 2599 520 2625 Roberti
537 2600 624 2633 regis.
1080 2600 1168 2626 “tura
1187 2602 1309 2635 proceri,
1330 2607 1354 2627 et
1377 2603 1477 2628 habitu
1498 2603 1620 2636 pulchri,
1639 2605 1668 2628 et
1685 2605 1774 2628 armis
1790 2605 1978 2636 experientis-

212 2637 222 2652 ⁷
250 2647 277 2666 R.
303 2642 351 2673 qul
378 2641 523 2667 s'accorda
549 2642 595 2668 col
623 2643 752 2668 Ckonicon
778 2643 982 2677 Amaffitanum,
1006 2651 1024 2668 ο
1078 2643 1178 2674 “slmi,
1197 2651 1319 2676 quorum
1342 2645 1488 2678 praecipui
1516 2647 1598 2671 erant
1624 2646 1774 2675 vocabulo,
1799 2644 1978 2671 Gislebertus

123 2682 230 2715 meglio
242 2696 275 2700 —
285 2690 364 2708 come
373 2683 409 2708 ha
420 2683 594 2710 dimostrato
607 2684 727 2714 Hmscn.
740 2685 854 2710 Amaaeus
867 2694 918 2711 von
931 2686 1024 2711 Monte
1079 2684 1093 2698 “
1104 2685 1260 2715 Botericus,
1280 2685 1425 2712 Rodulius
1444 2688 1629 2716 Todlnensis,
1644 2687 1835 2717 Gosmannus.
1849 2688 1979 2718 Rufinus,

124 2725 235 2751 Cassium
253 2726 309 2751 und
318 2726 391 2751 seiae
407 2726 562 2752 Gescle-chte
575 2727 625 2751 der
644 2728 816 2752 Normannen
835 2727 866 2752 ln
879 2727 1023 2753 Forsckun-
1078 2729 1091 2742 ⁸
1103 2730 1186 2762 atque
1199 2728 1364 2762 Stigandus.
1402 2730 1463 2756 Hoc
1477 2732 1595 2763 cognito
1609 2731 1710 2761 Melm,
1725 2739 1791 2756 mox
1804 2732 1873 2756 illos
1886 2739 1978 2757 accer-

119 2775 176 2800 ξε.
187 2775 237 2792 zur
255 2768 395 2793 deutschen
420 2768 581 2800 Gesclaickte,
601 2769 659 2794 vol.
678 2768 753 2795 vm.
771 2777 799 2803 p.
818 2769 854 2794 60
871 2777 886 2795 e
905 2777 970 2804 seg„
990 2784 1022 2790 ·-—
1081 2771 1094 2784 ‘⁴
1106 2773 1154 2802 slt,
1173 2779 1384 2805 eorumque....
1398 2791 1422 2805 η.
1443 2771 1488 2798 Cf.
1503 2775 1543 2798 M.
1564 2774 1596 2799 G.
1612 2775 1657 2805 H„
1673 2774 1724 2799 86.
1743 2773 1804 2805 vn,
1823 2773 1885 2807 632.
1906 2783 1933 2801 n.
1952 2783 1978 2800 a.
2007 2777 2040 2802 So

2006 2986 2037 3019 85
