2398 3470
165 271 251 306 [ΔΑ.
268 271 303 300 c.
322 272 472 306 eso-⁷05]
747 264 1041 301 ROMUALDI
1068 264 1431 301 SALERNITANI
1944 264 2015 302 135
2047 277 2162 301 Moxqcc.
2171 282 2257 303 133-134

169 339 2023 348 -----------------------------------------------------------------------------------------------------------------------------------------------------------------------------------------------------------

173 397 328 430 “strator
350 407 431 429 suus
453 396 503 429 ita
524 397 722 439 respondit:
752 398 767 414 ‘⁴
782 396 928 430 Domine
951 397 999 429 mi
1022 406 1095 436 rex,
1118 401 1157 429 tu
1191 395 1260 429 scis
1281 396 1363 440 quia
1386 402 1569 440 postquam
1600 397 1668 430 hoc
1698 397 1869 431 consiliati
1902 408 2018 430 sumus

171 450 185 467 “
199 459 266 492 ego
288 460 310 481 a
331 454 392 482 tuo
416 456 609 492 conspectu
631 460 702 482 non
725 449 839 485 exiui:
863 455 899 483 et
921 450 1097 492 quomodo
1120 449 1189 482 hoc
1212 449 1317 482 alicui
1342 448 1460 482 dicere
1483 450 1604 492 potui?
1629 450 1732 483 Tunc
1761 451 1806 484 da
1840 449 2017 483 Aldonem

170 501 186 517 ‘⁴
201 507 237 534 et
260 501 474 535 Grausonem
497 502 843 547 misissliuterrogans
866 512 927 535 eos
949 507 989 535 ut
1011 502 1096 545 quid
1117 502 1153 533 in
1180 502 1295 535 locum
1325 507 1481 534 sanctum
1509 503 1711 546 confugium
1742 503 1931 537 fecissent?
1961 503 2020 546 qui

169 554 451 596 “respondentes
474 550 654 588 dixerunt:
679 554 761 598 quia
783 554 884 587 nobis
908 556 1101 588 nuntiatum
1124 560 1186 594 est,
1218 554 1313 598 quod
1329 564 1391 587 nos
1422 555 1582 587 dominus
1611 567 1675 588 rex
1707 557 1870 590 occidere
1902 556 2020 589 uellet.

123 609 140 638 5
171 608 327 641 “Iterato
349 618 416 641 rex
437 609 530 641 misit
553 609 773 652 interrogans
796 609 872 652 quis
896 609 1005 642 fuerit
1027 609 1087 642 ille
1112 609 1172 652 qui
1204 609 1254 641 eis
1283 608 1514 649 nuncianerst,
1545 610 1714 642 mandans
1746 610 1798 643 eis
1827 617 1865 643 ut
1895 610 1961 643 nisi
1990 610 2023 643 ei

170 661 185 677 “
199 660 433 694 nuntiatorum
457 662 657 704 proderent,
681 663 755 694 eius
778 661 924 705 gratiam
948 662 1108 694 inuenire
1130 672 1201 695 non
1223 667 1374 704 possent.
1419 662 1521 695 Tunc
1544 662 1605 702 illi,
1629 663 1719 696 sicut
1741 665 1873 696 factum
1897 664 2023 703 fuerat,

172 715 187 732 “
200 714 336 747 dicunt:
367 715 529 748 claudum
553 715 725 748 hominem
758 725 795 747 se
825 715 985 747 habuisse
1018 715 1168 755 obuium,
1193 716 1253 759 qui
1283 726 1389 748 unum
1422 715 1550 758 pedem
1579 722 1776 749 truncatum
1806 716 1958 750 habebat
1989 723 2024 750 et

171 769 292 811 “genu
317 773 416 800 tenus
439 778 540 801 crure
565 768 658 811 ligne
681 768 852 808 utebatur,
877 775 911 801 et
934 769 1027 801 hunc
1051 769 1159 801 fuisse
1176 768 1336 801 interitus
1353 768 1404 801 sui
1426 769 1604 800 nuncium.
1650 769 1753 802 Tunc
1777 770 2024 803 intellexerunt

170 822 185 838 ‘⁴
198 831 352 853 muscam
375 821 481 861 illam,
505 822 561 854 cui
585 822 712 864 pedem
734 827 967 862 truncauera‘q
990 822 1177 866 malignum
1202 822 1306 855 fuisse
1337 821 1496 864 spiritum
1525 828 1559 855 et
1582 822 1695 865 ipsum
1728 833 1790 855 sua
1812 830 1948 856 secreta
1970 824 2021 856 eis

103 875 143 907 10
168 874 183 891 ⁸
200 874 357 916 prodidis
371 898 403 914 „,
426 875 574 907 maxime
598 875 801 918 quidem-ut
825 880 860 908 et
881 875 955 918 ipse
979 881 1105 908 strator
1128 886 1149 907 a
1170 885 1255 919 rege
1278 875 1535 908 interficeretur.
1583 876 1661 918 Ipse
1685 882 1799 909 autem
1815 887 1878 909 rex
1906 877 2020 910 statim

51 927 63 938 ³
165 926 344 969 Aldonem
368 933 403 960 et
426 928 642 960 Grausonem
666 927 703 960 in
726 938 787 972 sua
817 929 886 960 fide
910 928 953 961 ab
977 929 1101 962 eadem
1133 928 1278 961 basilica
1299 928 1504 971 suscipiens,
1536 929 1667 961 eisdem
1691 930 1830 972 culpam
1853 930 2024 972 pepercit,

164 985 200 1012 et
221 980 259 1011 in
282 981 455 1024 reliquum
480 990 539 1013 eos
560 981 598 1012 in
621 980 699 1013 loco
723 981 876 1013 fidelium
899 982 1081 1025 ipsumque
1104 987 1286 1015 stratorem
1312 982 1454 1014 charum
1478 981 1599 1014 habuit
1611 982 1630 1015 ¹.

253 1032 336 1072 Quo
357 1038 516 1075 tempore
546 1033 791 1066 “Romualdus
814 1034 884 1067 dux
914 1033 1237 1068 Beneuentanorum
1261 1040 1474 1079 congregata
1501 1036 1673 1068 exercitus
1696 1036 1916 1069 multitudine
1947 1037 2019 1069 Ta·
2045 1028 2263 1075 ssssssfflffi'w‘ssss

16 1119 19 1121 ,
170 1086 334 1118 “rentum
358 1084 584 1129 expugnauifl-
602 1092 638 1119 et
662 1087 767 1129 cepit,
791 1088 937 1130 parique
960 1088 1065 1120 modo
1089 1087 1311 1120 Brundisium
1323 1087 1347 1126 ²,
1371 1093 1407 1120 et
1430 1098 1567 1120 omnem
1598 1088 1693 1133 illam
1717 1099 1784 1132 que
1808 1089 1844 1121 in
1872 1090 2021 1123 circuitu
2097 1106 2117 1121 c.
2134 1102 2195 1125 ιαμ

103 1137 142 1172 15
171 1139 187 1157 ⁴⁴
200 1145 253 1172 est
275 1139 500 1182 [latissimam]
514 1140 702 1184 regionem
725 1151 786 1173 sue
811 1141 943 1174 dicioni
965 1141 1172 1184 subiugauit.
1218 1141 1355 1174 Coniux
1372 1152 1511 1185 quoque
1527 1142 1765 1176 Theuderada
1787 1143 1883 1176 foras
1909 1154 2026 1177 muros

51 1178 63 1194 ξ’
171 1193 186 1210 ‘⁶
199 1192 348 1225 ciuitatis
371 1191 618 1226 Beneuentane
641 1193 820 1227 basilicam
843 1194 879 1226 in
902 1195 1070 1227 honorem
1086 1194 1179 1227 beati
1194 1194 1288 1227 Petri
1304 1195 1454 1237 apostoli
1477 1197 1684 1233 construxit;
1703 1207 1771 1239 quo
1789 1196 1826 1228 in
1844 1197 1921 1230 loco
1937 1197 2025 1230 mul-

171 1246 310 1278 “tarum
334 1245 536 1279 ancillarum
559 1246 626 1278 Dei
648 1248 894 1280 monasterium
917 1248 1035 1281 statuit
1050 1271 1079 1290 ,,.
1125 1248 1204 1291 Ipse
1227 1253 1342 1280 autem
1368 1248 1587 1281 Romualdus
1618 1256 1799 1292 postquam
1831 1259 1895 1282 XVI
1928 1250 2027 1282 annis

165 1299 330 1332 ducatum
353 1299 515 1342 gessisset
537 1298 633 1333 obiit.
680 1299 765 1333 Post
788 1311 866 1333 eum
897 1311 981 1334 uero
1015 1301 1236 1334 Grimoaldus
1266 1301 1357 1334 filius
1384 1302 1458 1334 eius
1480 1302 1589 1335 tribus
1621 1303 1719 1335 annis
1749 1303 1898 1346 populos
1925 1303 2025 1336 Sam-

64 1389 66 1391 ,
165 1352 275 1384 nitum
297 1352 398 1385 rexit.
451 1355 465 1370 ‘⁶
478 1353 656 1387 Defuncto
680 1364 817 1397 quoque
837 1349 1045 1387 'Grimoaldo
1063 1354 1252 1397 Gisulphus
1267 1365 1452 1398 germanus
1468 1355 1541 1388 eius
1558 1357 1682 1389 ductor
1699 1357 1848 1389 effectus
1864 1363 1928 1397 est,
1945 1368 2025 1400 pre-

23 1417 26 1418 *
63 1424 65 1427 «
101 1406 144 1438 20
170 1404 336 1448 “fuitque
358 1405 563 1439 Beneuento
587 1407 687 1439 annis
714 1417 803 1440 xvn.
850 1407 972 1453 Circab
985 1408 1051 1440 hec
1082 1414 1241 1451 tempora
1271 1419 1350 1441 cum
1380 1408 1418 1440 in
1449 1415 1562 1441 castro
1591 1409 1744 1448 Cassino‚
1769 1410 1950 1443 uenientes
1981 1411 2026 1443 de

171 1459 186 1476 ⁴‘
199 1458 534 1493 Cenomannicorum
559 1460 616 1492 uel
645 1451 946 1494 Aurelianensium
979 1462 1121 1504 regione
1147 1461 1281 1501 Franci,
1317 1468 1422 1505 atque
1451 1463 1658 1495 uenerabilis
1688 1464 1796 1505 patris
1827 1464 2021 1502 Benedicti,

172 1512 188 1529 ‘⁴
199 1511 396 1555 pariterque
414 1513 487 1545 eius
502 1523 666 1556 germane
683 1515 883 1546 uenerande
900 1514 1119 1548 Scholastice
1137 1525 1216 1547 ossa
1232 1515 1441 1554 auferentes,
1458 1515 1495 1548 in
1511 1527 1607 1548 suam
1622 1517 1768 1559 patriam
1789 1517 2024 1559 deportarunt,

173 1565 259 1598 “ubi
282 1565 456 1609 sigillatim
479 1567 550 1599 duo
573 1568 781 1600 monasteria
802 1567 839 1599 in
863 1567 1031 1600 honorem
1048 1579 1166 1601 eorum
1192 1574 1392 1601 constructa
1408 1575 1486 1601 sunt
1503 1594 1518 1610 „
1534 1568 1549 1600 ⁸.

24 1651 27 1658 „
52 1658 66 1666 q
254 1618 358 1651 Tunc
382 1629 520 1662 quoque
545 1621 711 1662 temporis
735 1619 1006 1653 Sarracenorum
1038 1631 1124 1665 gens
1155 1632 1198 1654 ex
1229 1621 1370 1665 Egypto
1401 1622 1437 1654 in
1468 1621 1627 1655 Africam
1663 1625 1677 1640 “
1693 1633 1770 1655 cum
1801 1623 2022 1657 multitudine

27 1670 35 1712 ᾖ
62 1697 73 1714 :⁷
99 1670 142 1703 25
172 1672 187 1689 ‘⁴
200 1681 361 1715 pergens,
385 1671 562 1705 obsessam
584 1673 832 1717 Carthaginem
857 1674 959 1716 cepit,
991 1680 1197 1718 captamque
1223 1674 1411 1708 crudeliter
1445 1676 1658 1718 depopulata
1691 1683 1744 1710 est
1774 1683 1809 1710 et
1840 1677 1885 1710 ad
1911 1677 2022 1709 solum

65 1729 67 1731 ’
169 1723 184 1741 “
198 1735 307 1769 usque
330 1725 573 1767 prostrauit„⁴.
621 1726 829 1759 Iustinianus
852 1727 958 1771 igitur
979 1728 1180 1770 imperator,
1203 1727 1248 1760 de
1273 1738 1342 1771 quo
1372 1739 1476 1771 supra
1503 1729 1662 1769 diximus,
1684 1736 1870 1773 postquam
1892 1732 2025 1764 Roma-

166 1787 291 1810 norum
313 1788 459 1823 regnum
486 1780 640 1823 suscepit
656 1781 730 1813 eius
745 1791 808 1823 per
824 1781 948 1813 decem
964 1791 1073 1813 annos
1095 1781 1335 1824 gubernacula
1351 1782 1470 1815 tenuit.
1517 1782 1583 1814 Hic
1607 1782 1766 1815 Africam
1782 1794 1802 1815 a
1825 1784 2027 1817 Sarracenis

164 1830 306 1864 abstulit
329 1838 365 1865 et
388 1842 466 1864 cum
498 1832 630 1866 eisdem
660 1844 786 1876 pacem
825 1839 918 1866 terra
948 1834 1103 1877 marique
1127 1834 1224 1867 fecit.
1271 1834 1341 1867 Hic
1372 1836 1476 1867 etiam
1501 1835 1660 1879 Sergium
1688 1837 1870 1870 Romanee
1903 1837 2028 1871 eclesie

16 1914 28 1931 3,
55 1909 60 1931 ÷
165 1884 364 1926 pontificem
386 1885 483 1918 iussit
507 1885 613 1918 exilio
628 1887 789 1930 relegari,
807 1886 902 1930 quod
919 1886 1039 1919 diuina
1056 1887 1242 1920 clementia
1257 1897 1426 1932 peragere
1443 1889 1600 1932 nequiuit
1613 1888 1634 1922 ⁵.
1681 1889 1778 1922 Obiit
1793 1897 1909 1923 autem
1937 1902 2029 1934 papa

26 1941 30 1963 ’-
49 1932 77 1979 ἦ
99 1936 143 1969 30
166 1936 307 1981 Sergius
328 1938 522 1972 indictione
545 1948 627 1972 xn11
651 1946 686 1973 et
708 1940 863 1982 sepultus
879 1945 929 1972 est
953 1940 1046 1982 apud
1061 1940 1201 1973 beatum
1223 1940 1365 1974 Petrum
1388 1942 1580 1984 apostolum
1593 1940 1615 1974 ⁶.

21 1983 34 1998 ²
52 2003 69 2012 ⁴
253 1990 319 2024 Cui
341 1992 508 2024 successit
530 1992 721 2031 Iohannes,'
739 1993 881 2026 natione
905 1992 1052 2031 Grecus,
1067 1993 1228 2036 seditque
1260 1994 1359 2026 annis
1373 2004 1418 2026 111
1427 1993 1450 2035 ⁷,
1473 1995 1648 2027 mensibus
1671 2006 1710 2028 11.
1757 1997 1894 2030 Interea
1916 1998 2016 2031 Iusti·
2040 1990 2159 2035 ιοὴαξῐηζξ
2161 1989 2202 2035 ‘12⁶1
2208 2017 2270 2040 papa

167 2042 291 2076 nianus
314 2043 716 2088 Constantinopolitanus
739 2046 929 2088 imperator
952 2051 1097 2088 propter
1120 2047 1258 2089 culpam
1289 2047 1449 2090 perfidie,
1482 2047 1594 2092 gloria
1625 2050 1722 2092 regni
1751 2051 1919 2092 priuatus,
1944 2052 2024 2084 exul
2048 2048 2071 2064 ‘³'
2085 2043 2112 2063 Ο·
2128 2048 2217 2067 ⁷⁰¹‘⁷⁰⁵

168 2095 205 2127 in
228 2095 342 2130 Ponto
365 2096 528 2131 secedit⁸.
577 2098 592 2114 “
606 2098 656 2132 At
677 2099 753 2132 Leo
777 2098 990 2143 augustalem
1015 2099 1222 2142 dignitatem
1244 2100 1424 2142 arripiens,
1449 2110 1527 2133 eum
1551 2112 1661 2145 regno
1685 2103 1844 2145 priuauit,
1868 2114 2031 2148 regnum-

27 2184 32 2196 L
63 2187 68 2191 ,
172 2150 270 2193 “que
293 2160 514 2184 romanorum
536 2151 646 2185 tribus
677 2153 776 2185 annis
807 2162 945 2195 regens,
975 2152 1201 2185 Iustinianum
1233 2153 1372 2186 exulem
1403 2154 1440 2187 in
1463 2154 1577 2187 Ponto
1601 2156 1794 2189 reseruauit
1808 2154 1829 2189 ⁹.
1875 2158 2028 2191 Rursum

10 2208 36 2234 Ἰ5
65 2216 71 2226 τ
106 2201 148 2234 35
177 2201 369 2236 “Tiberius
392 2209 513 2237 contra
535 2204 628 2238 hunc
652 2205 808 2238 Leonem
831 2206 1023 2249 insurgens,
1046 2215 1191 2250 regnum
1209 2206 1282 2238 eius
1297 2207 1424 2240 inuasit
1455 2213 1490 2240 et
1506 2219 1583 2240 eum
1598 2214 1672 2241 toto
1696 2219 1764 2251 quo
1781 2210 1854 2252 ipse
1870 2212 2028 2255 regnavit

63 2248 66 2253 ’
169 2257 356 2299 “tempore
372 2281 388 2298 „
414 2257 450 2289 in
473 2258 633 2291 custodia
666 2259 779 2291 tenuit
801 2269 866 2301 per
890 2268 943 2291 vn
964 2259 1134 2292 uidelicet
1157 2269 1265 2292 annos
1279 2259 1314 2292 ¹⁰.
1360 2260 1442 2300 Quo
1466 2266 1625 2304 tempore
1650 2262 1839 2305 Gisulphus
1863 2264 1933 2296 dux
1955 2265 2024 2297 Be·
2070 2255 2194 2280 Gimpm
2219 2256 2270 2276 ‘²¹⁴⁸

2081 2282 2209 2302 Beneventi

259 2368 282 2387 1.
301 2364 466 2396 priusquam
485 2371 536 2389 non
554 2366 706 2397 postquam
724 2363 803 2390 Sauo
822 2377 854 2382 —
875 2372 899 2396 4.
918 2364 995 2396 quod
1016 2365 1100 2390 nobis
1129 2366 1294 2390 nuntIatum
1320 2367 1362 2391 ent
1390 2367 1417 2391 B
1433 2375 1447 2391 e
1471 2366 1548 2391 Sasso
1567 2381 1600 2386 —
1625 2366 1649 2392 6.
1672 2371 1792 2401 poscent
1813 2370 1836 2394 C
1855 2383 1888 2388 —
1908 2369 1932 2395 8.
1952 2378 2031 2395 crure

175 2403 271 2437 lignea
290 2405 318 2430 Β
333 2413 348 2429 e
366 2406 442 2431 Sauo
454 2420 488 2425 —-
510 2413 550 2432 12.
564 2408 747 2432 karissimum
770 2407 805 2436 C?
824 2406 940 2431 charum
958 2407 982 2430 A
995 2407 1022 2431 Β
1039 2421 1072 2426 -
1094 2414 1134 2440 13.
1153 2407 1343 2433 Romoaldum
1356 2410 1379 2434 C
1397 2422 1429 2427 ·—
1451 2416 1492 2442 14.
1512 2410 1703 2435 Brundusium
1717 2412 1744 2436 B
1762 2419 1776 2435 e
1794 2412 1887 2441 Sasso,·
1899 2412 1924 2437 A
1936 2414 1959 2438 C
1975 2421 2032 2437 con-

164 2443 257 2475 formi
275 2445 399 2479 PAULUS,
419 2449 467 2480 VI,
486 2455 499 2474 1
518 2463 551 2468 —·
573 2456 661 2482 14-15.
675 2455 729 2481 que
747 2450 790 2473 est
810 2450 840 2473 in
860 2450 983 2473 circuitu
1004 2450 1030 2474 Β
1046 2457 1060 2474 e
1078 2449 1154 2474 Sasro
1174 2464 1206 2469 -
1228 2457 1268 2484 15.
1286 2453 1402 2484 regione
1418 2453 1441 2477 C
1458 2465 1468 2470 —
1486 2452 1616 2477 Teurada
1631 2454 1658 2477 B
1674 2460 1688 2477 e
1706 2453 1784 2478 Sasso
1796 2454 1842 2478 che
1861 2462 1983 2487 corregge
2001 2458 2031 2480 {n

36 2511 39 2520 „
169 2490 231 2512 nota
251 2502 284 2508 —
306 2496 347 2523 17.
366 2490 542 2517 Romoaldus
566 2492 589 2516 C
606 2505 639 2509 —-
662 2490 750 2524 18-19.
769 2490 950 2524 Sampnitum
973 2492 997 2516 C
1013 2505 1046 2509 —
1068 2498 1108 2525 19.
1122 2491 1251 2518 Gisolfus
1273 2494 1297 2518 C
1313 2507 1346 2513 —-
1367 2501 1411 2519 20.
1424 2495 1619 2520 Beneventum
1640 2496 1664 2520 C
1681 2508 1693 2514 —
1713 2497 1839 2529 tempora
1858 2497 1888 2521 in
1910 2500 2032 2522 castrum

30 2531 32 2533 ’
102 2531 118 2560 3
166 2528 317 2557 Cassinum
331 2533 358 2558 B
373 2541 387 2558 a
405 2533 483 2559 Sasso
500 2549 533 2553 —
553 2541 595 2559 21.
615 2533 894 2559 Cenomannicorum
912 2533 981 2559 ΑΒ.
1000 2534 1142 2559 Scrivendo
1160 2535 1188 2559 la
1197 2534 1293 2566 forma
1311 2536 1355 2560 del
1367 2540 1474 2569 gruppo
1492 2538 1520 2562 D
1538 2538 1570 2561 dl
1586 2537 1711 2567 murus,
1737 2538 1783 2567 VI,
1804 2545 1834 2570 23
1859 2540 2032 2565 celinanIco-

52 2570 78 2593 «3
170 2578 232 2597 rum
252 2574 283 2605 C,
301 2574 447 2600 derivando
471 2575 520 2600 dal
533 2579 639 2608 gruppo
657 2576 716 2601 AL
742 2575 787 2600 del
805 2576 943 2600 medesn'mo
960 2579 1024 2601 testo
1049 2576 1162 2601 Paoum
1184 2590 1217 2595 —
1242 2583 1284 2603 22.
1312 2585 1444 2611 germane
1467 2579 1703 2605 Scholastice....
1727 2580 1950 2613 deportaverunt
1969 2583 1995 2606 B
2018 2590 2033 2606 e

170 2613 262 2646 Sauo}
282 2615 355 2646 ΑΒ,
373 2617 506 2648 conformi
522 2619 638 2644 mes
659 2632 690 2637 —
711 2625 753 2652 ²3·
773 2618 1008 2651 singillatirn....
1034 2619 1064 2643 in
1090 2620 1209 2652 utroque
1233 2620 1372 2646 honorem
1395 2622 1418 2646 C
1435 2635 1468 2640 —
1489 2628 1530 2654 24.
1556 2621 1728 2647 Sacenorum
1750 2624 1773 2648 C
1792 2636 1802 2641 -
1828 2624 1936 2658 Egipto
1958 2625 1982 2649 C
2004 2639 2031 2643 —

173 2661 215 2695 ²⁵·
235 2657 418 2692 Cartaginem
441 2661 465 2685 C
479 2674 514 2679 —
533 2659 575 2685 28.
594 2661 637 2685 e1s
656 2667 754 2694 pacem
774 2661 801 2685 Β
818 2668 832 2684 e
850 2660 927 2685 Sasso
941 2674 974 2679 —
993 2667 1036 2693 ²9·
1049 2661 1183 2693 pontifex
1199 2662 1222 2687 C
1239 2675 1272 2681 —
1291 2670 1333 2696 30.
1347 2663 1382 2688 ad
1395 2664 1509 2689 beatum
1525 2665 1591 2689 C—
1612 2672 1654 2697 31.
1668 2665 1704 2690 Et
1717 2667 1852 2691 successit
1865 2666 1892 2691 ei
1913 2668 1936 2691 C
1954 2679 1965 2685 -
1984 2675 2032 2691 an-

173 2705 226 2724 no·
242 2698 292 2731 111,
311 2708 419 2727 menses
437 2701 465 2726 11
486 2703 510 2727 C
527 2716 560 2721 —
579 2709 621 2735 33.
641 2702 678 2727 Et
696 2701 755 2728 Leo
777 2703 802 2728 C
817 2716 850 2721 —-
870 2709 961 2736 34—35.
981 2702 1088 2728 Rursus
1107 2703 1246 2737 Tyberius
1266 2706 1291 2732 C
1307 2720 1340 2725 —
1360 2705 1395 2739 36
1423 2705 1555 2731 Gisolfus
1579 2708 1602 2732 C
1632 2714 1638 2719 ⁷

38 2777 68 2817 γε
107 2782 139 2800 10
254 2777 264 2796 ¹
282 2781 407 2811 Pmms,
427 2782 475 2813 VI,
494 2789 536 2808 w.
1125 2785 1228 2811 “Petri
1248 2787 1382 2819 apostoli,
1402 2793 1434 2812 vx
1454 2787 1492 2812 id.
1512 2788 1646 2821 septemb.
1661 2789 1822 2814 indictione
1841 2795 1920 2822 xrnJ.
1939 2790 2026 2815 Tibe-

59 2816 72 2830 '“'
252 2821 264 2839 ²
282 2823 370 2855 ImrM,
388 2824 436 2856 VI,
462 2831 483 2851 1.
501 2831 520 2850 κ
540 2824 608 2850 nell’
617 2825 721 2850 ultimo
747 2826 867 2858 periodo
896 2826 969 2851 salta
989 2825 1066 2858 qual·
1127 2826 1140 2840 ⁴*
1151 2828 1196 2853 rio
1214 2827 1349 2861 Augusto
1362 2847 1386 2860 „.

164 2864 214 2889 che
232 2865 340 2899 parole..
1213 2869 1225 2886 ⁷
1243 2870 1330 2901 IDEM,
1357 2871 1378 2901 Ι,
1407 2870 1476 2904 383:
1507 2871 1678 2897 “....sedit
1708 2880 1773 2897 ann.
1801 2879 1848 2903 111,
1878 2881 1965 2899 mens.
1993 2881 2026 2903 11,
2055 2880 2089 2899 20

251 2906 262 2924 ³
281 2907 405 2938 Faunus,
425 2909 472 2939 VI,
492 2915 527 2934 11.
546 2908 578 2934 Si
605 2909 704 2935 allude
723 2911 751 2935 al
771 2910 825 2935 due
854 2911 1011 2936 monasteri
1040 2911 1071 2937 di
1127 2911 1141 2925 “
1151 2912 1212 2938 dies
1230 2919 1275 2937 xu
1288 2931 1312 2946 ἢ.

61 2975 73 2985 Α*
163 2948 295 2976 Subiaco.
1211 2953 1223 2970 ⁸
1241 2956 1331 2984 Bana,
1350 2958 1389 2988 op.
1409 2957 1467 2987 cit„
1486 2956 1590 2981 ultimo
1610 2957 1744 2990 periodo:
1765 2964 1811 2982 an.
1832 2966 1868 2983 m.
1888 2957 1966 2991 4652.

54 3021 68 3027 μ
107 2986 136 3014 ¹5
247 2989 264 3007 ‘⁴
283 2991 370 3023 bem,
388 2992 438 3022 VI,
457 2999 487 3018 x.
1212 2995 1224 3013 ⁹
1242 2998 1369 3028 Parmus,
1390 2999 1439 3030 VI,
1458 3005 1512 3024 xn.

54 3030 58 3032 ’
251 3031 263 3049 ⁵
281 3033 368 3064 Inna,
387 3034 434 3065 VI,
454 3041 496 3060 x1.
1205 3037 1228 3056 ¹⁰
1246 3040 1333 3071 Inna,
1352 3040 1400 3070 VI,
1419 3047 1485 3066 xm.

250 3074 262 3092 ⁸
278 3076 310 3102 L.
323 3078 361 3109 R,
374 3078 394 3110 Ι,
409 3077 475 3111 376:
494 3078 508 3091 “
521 3076 579 3108 Qui
593 3079 723 3111 sepultus
741 3080 783 3104 est
799 3080 829 3104 in
851 3080 971 3105 basilica.
994 3080 1071 3106 beati
