2398 3470
141 189 194 224 [Α.
213 190 248 219 c.
262 191 462 227 1057-10731

142 261 192 270 vuo-

728 183 1019 222 ROMUALDI
1046 182 1260 221 SALERN
1262 183 1393 220 ITAN
1395 183 1412 220 1

293 262 509 271 ..amum-...amn
513 263 517 267 -
522 258 1989 272 n--·-=-----·-u.....--—·-------.„uu-...---.--.---......-.-...00-..--...u-n--n-nnn-nu·nun-...n-..mn--m-u--m—-n--m

227 308 334 341 Anno
357 307 531 342 dominice
552 308 800 342 incarnationis
822 308 967 351 MLVIJ
988 308 1182 341 indictione
1203 306 1239 340 X
1262 305 1434 339 Unfridus
1456 316 1573 340 comes
1595 306 1873 339 Normannorum
1906 304 1998 337 diem

145 360 270 394 clausit
292 366 495 399 extremum,
517 361 716 404 relinquens
738 361 803 394 sibi
824 370 1063 395 successorem
1086 360 1317 404 Bagelardum
1333 359 1439 391 filium
1456 360 1530 392 eius
1544 359 1687 392 militem
1704 364 1880 391 strenuum
1894 357 1915 390 ¹.
1932 357 1994 390 Set

140 412 340 447 Robbertus
364 420 598 458 cognomento
623 414 824 452 Uiscardus,
848 414 1004 447 eiusdem
1028 413 1173 446 Uafridi
1197 412 1331 446 comitis
1353 412 1472 451 frater,
1495 418 1596 445 natus
1619 421 1664 445 ex
1678 417 1777 455 patre
1793 410 1995 449 Tancredo,
2018 435 2098 455 mmm

140 465 421 499 Normannorum
444 467 630 500 comitatus
653 468 820 500 honorem
844 467 909 500 sibi
934 466 1081 509 arripuit
1092 466 1115 505 ¹,
1138 466 1251 509 ipsum
1273 463 1495 509 BaJ'elardum
1511 475 1609 497 suum
1626 470 1788 507 nepotem
1805 462 1998 506 expellens.

51 518 65 555 ἲ
97 518 116 550 5
139 518 346 551 Tancredus
368 525 481 552 autem
504 520 571 552 fuit
593 520 726 552 timoris
747 520 813 552 Dei
835 529 905 551 non
929 519 1118 556 immemor,
1143 518 1202 562 qui
1218 517 1374 551 bissenos
1389 517 1511 550 habuit
1524 516 1613 550 filios
1624 516 1647 550 ³.

59 563 63 583 ³
1090 570 1272 604 Secundus
1293 575 1408 603 autem
1433 580 1549 603 comes
1572 570 1753 603 Goffridus
1775 575 1875 612 pater
1898 567 1998 601 Rob-

139 571 280 615 quidem
302 572 370 605 fuit
393 572 533 611 Sarnus,
557 573 617 616 qui
639 573 736 606 miles
758 572 900 616 insignis
923 572 1044 605 extitit.

1694 515 1851 555 Quorum
1866 514 1999 558 primus

145 623 234 657 berti
257 625 393 658 comitis
417 626 461 658 de
484 626 677 659 Lauritello
691 626 712 658 ⁴.
758 626 906 659 Tercius
941 635 1025 658 uero
1048 624 1168 668 Drogo
1204 633 1331 661 comes,
1366 623 1410 656 de
1433 633 1503 667 quo
1538 624 1697 666 superius
1730 622 1898 665 scriptum
1934 626 1996 654 est.

140 675 293 715 Quartus
314 686 430 711 autem
454 679 660 721 Willelmus,
684 686 718 712 et
741 679 815 722 ipse
838 688 966 717 comes,
990 678 1047 721 qui
1071 684 1214 720 propter
1230 676 1446 709 tortitudinis
1469 687 1529 709 sue
1553 676 1780 719 prudenciam
1796 674 2000 708 Brachifer-

137 740 218 763 reus
241 737 294 762 est
317 732 523 773 prenomine
539 732 681 765 *dictus-⁸
704 737 781 765 erat
804 732 895 764 enim
918 731 1142 764 astutissimus
1165 736 1200 763 et
1215 730 1316 762 ferox
1339 729 1508 772 fortisque
1523 728 1666 762 uiribus.
1714 728 1866 767 Quintus
1882 726 1998 760 extitit

81 783 121 815 10
144 792 261 816 comes
284 783 466 817 Unfridus.
513 785 638 818 Sextus
661 795 798 829 quoque
822 785 1012 828 Malgerius
1036 794 1163 822 comes,
1186 783 1316 826 probus
1338 789 1443 826 atque
1466 783 1620 815 famosus
1632 781 1655 814 ⁶.
1679 781 1853 825 Septimus
1882 781 1999 823 itaque

138 836 206 868 fuit
229 836 432 870 Robbertus
455 838 679 871 Guiscardus.
726 838 793 871 Hic
816 844 930 871 autem
948 844 1089 880 propter
1104 837 1210 869 animi
1226 836 1394 869 astuciam
1408 836 1609 880 ingeniique
1626 834 1853 878 prudenciam
1868 833 2000 876 primus

142 898 187 922 ex
210 889 389 923 Gallorum
402 889 413 907 ⁷
437 900 565 935 genere
587 892 624 924 in
647 891 776 934 Apulia
810 891 956 924 ducatus
979 890 1148 939 honorem
1167 890 1331 932 *adeptus
1355 894 1416 922 est.
1464 887 1535 927 Qui
1570 899 1640 921 non
1674 888 1784 920 multo
1818 893 1898 930 post
1932 886 1999 919 sibi

137 942 273 985 subegit
296 942 460 986 Apuliam
483 951 518 976 et
541 945 749 985 Calabriam,
772 945 962 978 Lucaniam
987 950 1090 988 atque
1112 942 1284 982 Siciliam,
1307 942 1491 975 militarem
1515 952 1665 985 namque
1682 940 1906 983 disciplinam
1922 939 1999 983 glo-

235 1074 258 1092 1.
278 1067 366 1092 Anno
378 1069 501 1096 Domini
515 1070 545 1098 C,
556 1070 600 1094 che
619 1070 711 1094 Arndt
722 1078 805 1102 segue
817 1078 866 1095 non
880 1070 1022 1095 indicando
1035 1069 1162 1094 variante
1176 1069 1208 1094 di
1220 1069 1254 1094 B.
1267 1069 1335 1093 dove
1348 1068 1374 1092 si
1384 1069 1418 1093 lm
1431 1067 1585 1093 Pindizione
1594 1069 1690 1092 errata
1703 1065 1765 1091 vn.
1778 1066 1866 1091 Anno
1881 1063 2000 1093 MLVII,

139 1111 220 1136 Saso
241 1123 252 1130 ·

278 1111 420 1138 Gofridus
440 1114 466 1137 B
485 1122 499 1138 ε
519 1113 599 1139 Sasso
619 1127 653 1132 —
673 1121 698 1138 2.
716 1114 898 1139 Baielardum
920 1114 944 1139 C
959 1115 990 1139 di
1002 1114 1095 1145 prima
1115 1121 1191 1138 mano
1215 1115 1331 1139 corraetto
1349 1113 1400 1145 poi
1418 1113 1445 1137 in
1466 1112 1655 1145 Bagelardum
1674 1125 1708 1129 —
1722 1119 1746 1144 3.
1766 1110 1907 1136 Goi'ridus
1933 1109 1960 1133 B
1983 1117 1998 1132 e

143 1155 238 1185 Sus-«03
259 1155 399 1182 Unsridus
421 1158 444 1182 C
460 1158 491 1182 di
502 1159 597 1189 prima
616 1167 692 1183 mano
711 1160 755 1184 che
774 1167 893 1184 cor-resse
910 1167 957 1184 con
976 1167 1075 1184 rasura
1094 1171 1128 1176 —
1147 1166 1172 1191 4.
1191 1158 1373 1183 Bsielardum
1394 1158 1417 1183 C
1434 1165 1448 1182 e
1467 1157 1559 1182 Arndt
1585 1171 1609 1176 —
1631 1163 1655 1189 5.
1675 1158 1796 1182 lmemor
1817 1157 1841 1181 C
1856 1155 1888 1180 di
1905 1153 2000 1186 prima

140 1207 224 1232 mano,
244 1201 315 1226 altri
327 1201 378 1232 poi
394 1202 492 1227 scrisse
510 1205 592 1234 sopra
611 1203 635 1227 il
651 1204 765 1228 trattino
784 1204 1009 1229 d’abbrevt'atura
1027 1204 1066 1228 ad
1082 1203 1226 1228 incha‘ostro
1245 1202 1360 1228 sbiadito
1380 1215 1413 1220 —
1433 1201 1459 1227 6.
1473 1200 1616 1226 Coffridus
1632 1202 1656 1227 C
1667 1210 1682 1226 ε
1695 1201 1788 1226 Arndt
1799 1213 1833 1219 —-
1847 1204 1872 1231 7.
1885 1199 2001 1230 Drogus

145 1244 172 1269 B
190 1253 205 1269 e
224 1245 305 1271 Sasso
324 1258 356 1263 -—
378 1244 402 1271 8.
422 1245 596 1272 Guillelmus
618 1248 641 1272 C
657 1256 671 1272 e
689 1248 781 1272 Arndt
802 1262 829 1265 —
855 1255 895 1273 10.
915 1247 1077 1273 Gonfridus
1098 1248 1138 1277 33
1157 1245 1298 1272 Gofridus
1319 1247 1400 1272 Sasso
1413 1240 1446 1264 Δ·
1463 1253 1503 1271 11.
1517 1246 1654 1271 astutiam
1668 1246 1749 1271 Sasso
1763 1258 1772 1263 -
1786 1244 2001 1277 prouidentIam

141 1289 181 1318 Βς
201 1289 359 1322 prudencia
378 1291 404 1316 C

225 1350 235 1368 ¹
254 1351 348 1386 Lupes
367 1353 602 1386 Protospatarius
622 1363 636 1379 e
657 1355 677 1379 il
690 1355 782 1380 Breve
799 1356 947 1381 Chrom'con
966 1357 1037 1381 Nor-

137 1395 297 1420 :mannicum
328 1403 487 1429 assegnano
518 1404 597 1422 come
625 1405 702 1422 anno
733 1398 762 1423 di
797 1401 889 1423 morte
917 1399 947 1423 di
972 1399 1038 1423 Um-

139 1436 219 1462 fredo
240 1437 261 1462 il
284 1437 364 1470 ¹056;
385 1439 592 1464 diversamente
611 1439 830 1472 dall’Anonymus
851 1441 988 1469 Barensis.
1004 1440 1040 1466 da

77 1480 112 1500 10
135 1486 164 1505 Β.
181 1487 197 1506 e
215 1479 262 1505 dal
285 1481 431 1506 Οἰνοπίωνι
449 1481 654 1507 Salernitanum
674 1483 724 1507 che
738 1483 859 1508 dicono:
873 1483 887 1497 ‘⁴
899 1490 945 1508 an.
970 1488 1037 1515 1057

139 1521 153 1536 ⁴⁴
162 1524 292 1558 mortuus
310 1524 353 1548 est
373 1524 403 1548 in
422 1523 532 1556 Apulia
545 1523 694 1549 Omfridus
708 1533 800 1549 comes
813 1525 1039 1550 Nortmannicus

139 1563 192 1590 “et
210 1565 345 1590 successit
371 1565 562 1591 Habailardus
586 1567 662 1591 filius
687 1574 754 1592 suus
765 1586 789 1600 „.
817 1566 880 1600 Gay
907 1566 1041 1600 (L’ltalie

138 1606 321 1632 uern'dionale
341 1611 368 1632 et
385 1608 507 1639 l’empire
527 1608 671 1641 Byzantin,
691 1610 739 1633 clt.
761 1616 787 1641 p.
804 1607 875 1642 505),
889 1609 915 1634 si
934 1611 1040 1634 mostra

137 1649 248 1675 Incerto
267 1656 296 1674 se
315 1650 343 1675 la
362 1649 430 1675 data
448 1650 478 1675 di
498 1652 589 1676 morte
609 1651 698 1676 debba
718 1651 822 1676 fissarsi
843 1652 870 1677 al
893 1651 961 1685 1056
980 1659 998 1677 ο
1012 1653 1040 1677 al

97 1694 107 1700 ⁴
139 1696 214 1725 ¹057,
234 1692 349 1724 quando
362 1692 385 1718 il
398 1693 436 1718 Di
451 1693 524 1726 Meo,
537 1692 659 1725 (Annali,
672 1694 733 1723 VII,
748 1694 820 1727 376),
841 1702 930 1719 aveva
943 1694 1041 1720 fissato

137 1732 204 1760 l'sn.
226 1739 300 1768 1057.
339 1733 446 1764 Questa
460 1735 526 1760 dats
540 1735 571 1761 fu
584 1737 696 1761 accolta
710 1737 799 1762 anche
818 1736 897 1761 dallo
917 1736 1040 1762 Chalan-

137 1775 197 1802 don
215 1775 268 1810 (op.
283 1777 327 1803 cit.
341 1777 362 1806 1,
386 1784 445 1811 149,
464 1785 493 1804 n.
512 1775 548 1810 2),
569 1778 649 1803 nulla
668 1779 870 1812 sggiungendo
889 1779 946 1812 agli
963 1787 1042 1811 argo-

137 1819 226 1844 mentl
246 1819 292 1844 del
312 1819 352 1844 Di
371 1820 444 1845 Meo.
481 1819 505 1845 Il
524 1821 608 1853 quale
627 1821 698 1845 s’era
719 1821 839 1846 fondato
859 1829 892 1846 su
911 1821 964 1847 due
979 1821 1039 1846 doc.

136 1859 167 1885 di
185 1859 274 1886 Troia
293 1861 338 1887 del
370 1861 440 1887 1068
460 1863 552 1896 aprile
579 1870 594 1887 e
614 1863 658 1888 del
689 1862 756 1897 1078
783 1865 895 1896 agosto,
922 1864 932 1888 i
961 1864 1039 1897 quali

135 1909 262 1939 segnano
282 1905 530 1938 rispettivamente
550 1906 724 1931 l’undecimo
743 1906 778 1931 ed
798 1906 819 1930 il
842 1912 870 1930 21
894 1914 970 1931 anno
996 1906 1041 1931 del

135 1944 240 1971 ducato
260 1946 289 1971 dl
310 1946 436 1972 Roberto
457 1947 478 1972 il
499 1946 670 1972 Guiscardo.
708 1948 735 1972 A
755 1949 846 1980 questi
862 1949 916 1973 due
936 1949 997 1974 doc.
1012 1957 1041 1974 se

137 1995 171 2014 ne
189 1995 316 2022 possono
335 1990 509 2023 aggiungere
523 1989 576 2015 due
591 1990 660 2015 altri
674 1990 726 2015 che
740 1990 859 2015 insieme
873 1998 928 2015 con
945 1991 1041 2023 quello

136 2029 306 2064 dell’sgosto
329 2030 397 2064 1078
416 2031 441 2056 si
460 2038 640 2057 eonservano
661 2033 798 2064 originali
830 2032 1041 2058 nell’Archivio

135 2071 301 2107 Capitoni-e
326 2074 355 2098 di
376 2073 473 2105 Troia,
502 2075 639 2100 com'ebbi
660 2083 675 2099 a
693 2077 857 2100 constatare
885 2076 930 2100 uel
960 2075 1040 2109 1906:

137 2113 214 2140 1’uno
235 2115 279 2140 del
302 2114 369 2149 1065
389 2117 540 2142 settembre
560 2117 619 2142 ind.
639 2119 670 2150 3⁸
691 2116 705 2130 ⁴⁴
718 2125 796 2143 nono
811 2125 888 2142 anno
903 2120 1040 2151 regnante

138 2156 270 2183 “domno
288 2156 436 2184 Rubberto
455 2159 639 2185 sanctissimo
657 2167 752 2185 comes
770 2163 799 2186 et
818 2161 874 2186 dux
893 2161 975 2185 italie
988 2160 1041 2186 Ca-

137 2199 251 2225 “lsbrie
269 2202 299 2225 et
316 2199 417 2226 Sicilie
431 2219 453 2232 ,„
472 2202 571 2227 l’altro
592 2202 637 2227 del
666 2203 795 2228 febbraio
826 2204 901 2235 1083.
939 2201 1042 2231 Questi

135 2243 251 2275 qunttro
269 2243 331 2268 doc.
353 2251 404 2268 son
418 2245 488 2269 tutti
504 2244 600 2270 scritti
614 2245 661 2270 dal
676 2248 780 2271 notaro
794 2245 944 2271 Giovanni
960 2246 1041 2278 figlio

135 2285 164 2311 di
183 2285 332 2311 Francone
352 2288 381 2312 in
402 2286 492 2312 Troia
512 2287 546 2312 ed
565 2288 662 2313 hanno
677 2290 750 2314 tutti
772 2297 809 2314 un
824 2289 926 2322 uguale
941 2289 1043 2314 formu-

134 2326 209 2353 lario
241 2328 269 2353 di
299 2328 461 2354 redazione.
491 2329 669 2355 Carabeilese
708 2330 858 2363 (L’Apuzda
891 2332 925 2356 ed
949 2332 971 2357 il
997 2339 1042 2357 suo

138 2369 250 2395 (ἔθηκα
269 2371 391 2396 nell'alto
413 2372 556 2403 medioevo,
578 2373 627 2397 cit.
647 2381 675 2405 p.
694 2378 744 2405 472
765 2380 780 2398 e
794 2381 869 2407 sgg.3
889 2373 939 2406 48²
955 2382 969 2398 e
982 2381 1041 2407 sgg.

134 2418 150 2436 e
167 2410 220 2444 489
238 2419 254 2437 e
274 2411 355 2446 sgg.),
376 2412 512 2447 pubblico
541 2413 568 2439 le
587 2416 630 2439 tre
649 2416 738 2444 carte;
763 2423 808 2440 ma
836 2415 912 2440 nella
940 2417 1042 2448 prima,

134 2453 277 2491 seguendo
291 2453 452 2488 l’opinione
464 2463 592 2485 comune,
607 2457 732 2482 credette
745 2457 796 2482 che
806 2457 897 2482 anche
911 2459 941 2482 in
953 2457 1042 2483 Troia

136 2496 180 2520 nel
192 2503 245 2522 sec.
258 2496 297 2522 XI
311 2497 322 2522 1
333 2499 428 2522 notari
440 2493 613 2531 langobardi
623 2506 756 2524 avessero
767 2502 850 2524 usato
863 2500 881 2524 l’
891 2500 1041 2525 indizIOne

133 2537 291 2568 bizantius,
310 2546 325 2564 e
343 2538 442 2572 percio
461 2540 484 2565 ll
505 2542 655 2566 settembre
678 2541 743 2574 1065
759 2543 819 2567 ind.
840 2541 870 2575 3⁸⁸
884 2543 913 2567 10
928 2542 1040 2568 calcolo

134 2586 215 2605 come
235 2587 258 2605 a.
277 2588 301 2606 c.
324 2580 402 2614 1064.
439 2582 486 2606 Ma
505 2583 624 2607 codeslo
643 2582 658 2608 'e
678 2591 714 2608 un
728 2590 836 2613 errore,
850 2583 967 2617 giacche
982 2592 1038 2610 non

134 2622 198 2648 solo
218 2623 350 2656 parecchi
371 2625 452 2649 notai
468 2624 499 2649 di
512 2624 601 2650 Troia
615 2633 740 2651 usarono
757 2626 934 2652 l'indizione
947 2634 1038 2652 roma-

134 2671 180 2695 na,
199 2672 245 2690 ma
272 2662 324 2698 piu
352 2666 556 2698 speclalmente
586 2667 613 2692 la
643 2666 694 2692 uso
723 2667 871 2694 Giovanni
902 2669 983 2702 figlio
1009 2670 1037 2695 di

134 2705 290 2738 Francone,
311 2715 390 2732 come
411 2708 436 2733 sl
455 2706 513 2742 pub
534 2709 632 2734 vedere
646 2709 677 2734 in
697 2709 751 2735 due
765 2710 833 2735 altri
850 2710 910 2736 doc.
924 2711 1038 2745 pubbli-

135 2749 190 2774 cati
212 2756 281 2782 pure
301 2750 378 2775 nello
398 2751 488 2775 stesso
502 2751 617 2776 volume
636 2752 681 2776 del
696 2752 883 2782 Carabellese,
897 2754 958 2779 doc.
973 2754 1038 2780 XVI

133 2797 148 2814 e
166 2789 254 2820 xvn.
272 2791 324 2816 che
344 2800 415 2817 sono
437 2793 684 2826 rispettivamente
703 2795 747 2819 del
772 2794 848 2825 1086,
874 2797 983 2829 giugno
1002 2797 1035 2822 ed

104 2836 107 2840 '
135 2833 257 2864 ottobre,
275 2834 418 2859 entrambi
437 2835 512 2860 colla
527 2836 679 2861 medesima
691 2837 840 2863 indizione
852 2837 900 2864 1x.
938 2829 959 2863 Ε
973 2847 1035 2872 pro-

135 2875 203 2900 vsto
221 2875 323 2908 quindi
345 2876 395 2901 che
414 2875 540 2903 Roberto
560 2876 648 2903 conto
663 2879 762 2904 l’anno
776 2879 821 2905 del
836 2887 888 2906 suo
901 2880 1035 2907 dominio

134 2915 248 2950 dsil’ag.
270 2917 337 2950 1058
355 2925 371 2943 e
389 2919 440 2944 che
459 2919 597 2946 Umfredo
617 2919 690 2946 mori
710 2922 829 2954 qualche
847 2930 922 2948 mese
934 2925 1035 2956 prIma.

222 2957 234 2975 ¹
254 2958 317 2985 cm
336 2958 530 2988 Gmusnws
549 2962 760 2994 Arminium,
785 2963 820 2993 11.
840 2969 906 2996 451;
928 2966 1035 2994 Chroni-

1093 1363 1139 1380 con
1165 1355 1366 1389 Amalfitana-am,
1394 1362 1416 1379 c.
1447 1359 1496 1386 273
1523 1361 1539 1378 e
1565 1352 1748 1379 Grau-Attus
1773 1359 1811 1377 ms
1841 1348 2001 1385 Iumitens,

1097 1397 1222 1422 Historia
1252 1398 1470 1422 Normannorum
1489 1397 1520 1420 in
1549 1396 1662 1424 Mirum,
1691 1394 1860 1427 Patrologia
1888 1393 1999 1422 Latina,

1098 1439 1206 1470 CXIX,
1226 1440 1271 1464 lib.
1300 1438 1358 1471 Vll,
1375 1447 1419 1471 3⁰-

1184 1479 1197 1497 ³
1209 1489 1236 1506 R.
1250 1489 1334 1514 segue
1344 1482 1372 1507 la
1393 1482 1474 1506 fonte
1487 1481 1533 1507 del
1550 1481 1695 1507 Οἰνοπίωνι
1708 1480 1913 1514 Amalfitanam,
1927 1479 2001 1504 dove

1094 1531 1174 1549 come
1193 1525 1298 1557 quinto
1319 1523 1399 1557 figlio
1419 1525 1447 1548 di
1468 1523 1612 1548 Taneredi
1631 1523 1655 1548 si
1675 1520 1711 1547 da
1732 1522 1868 1548 Huctn‘nus
1886 1529 1902 1546 e
1920 1528 2001 1548 come

1095 1567 1205 1592 decimo
1228 1566 1384 1596 Humbinus,
1403 1566 1503 1591 invece
1523 1566 1553 1591 di
1582 1566 1730 1591 Willelmus
1755 1564 1968 1598 Brachzferrcus
1986 1571 2001 1589 e

1096 1609 1126 1634 di
1156 1610 1310 1635 Wllelmus.

1183 1650 1365 1677 Giuruuus
1384 1651 1581 1680 MALATERRA,
1600 1651 1621 1679 Ι,
1642 1658 1667 1683 4,
1688 1651 1718 1675 in
1738 1649 1912 1679 Munxrom,
1927 1649 1999 1674 R.I.

1097 1693 1147 1719 SS.
1162 1694 1196 1725 V,
1210 1698 1271 1726 550,
1284 1694 1306 1718 li
1320 1700 1467 1719 annovera
1480 1694 1512 1718 in
1527 1693 1612 1718 modo
1626 1693 1755 1718 diverso:
1777 1693 1790 1707 ¹⁴
1802 1711 1808 1716 .
1821 1711 1826 1716 .
1838 1710 1844 1717 .
1858 1699 1893 1716 ex
1907 1691 2001 1724 prima

1097 1738 1110 1750 ‘⁴
1120 1744 1209 1762 uxore
1220 1735 1378 1769 [Mun-iens]
1390 1737 1516 1769 suscepit
1526 1736 1617 1761 filiost
1629 1735 1818 1761 Guilielmum
1829 1735 2001 1767 cognomine

1098 1779 1111 1792 ‘⁴
1120 1778 1361 1808 Ferrea-brachia,
1380 1779 1555 1811 Dmgonem,
1568 1779 1769 1809 Hunifredum,
1784 1777 1959 1803 Gaufredum
1972 1778 2001 1802 et

1098 1821 1111 1835 ‘⁴
1121 1822 1278 1852 Serlonem‚
1286 1829 1319 1847 ex
1328 1822 1417 1847 altera
1429 1820 1609 1853 [Frassenda]
1619 1829 1625 1846 =
1636 1821 1793 1846 Robertum
1803 1819 2000 1850 Guiscardum,

1098 1864 1112 1878 ‘⁴
1122 1864 1302 1897 Malgerium‚
1344 1863 1543 1895 GussIeImum,
1584 1863 1768 1893 Alveredum,
1806 1863 2001 1893 Humbestum,

1100 1906 1113 1920 ⁴⁴
1124 1906 1313 1937 Tancoedum,
1332 1906 1489 1940 Rogerium
1500 1924 1524 1938 η.

1185 1948 1238 1974 Per
1256 1947 1342 1974 Aime
1360 1947 1406 1982 (11,
1426 1957 1449 1974 c.
1469 1948 1493 1978 8,
1512 1949 1583 1974 ediz.
1604 1949 1733 1977 Damno,
1753 1956 1779 1981 p.
1800 1948 1847 1981 59)
1867 1949 1899 1973 ln
1912 1948 2001 1973 Italla

1098 1991 1212 2016 sai-ebbe
1231 1991 1323 2023 prima
1337 1992 1443 2016 venuto
1457 1990 1624 2024 Guglielmo
1637 1991 1755 2016 Braccio
1769 1991 1800 2016 di
1813 1990 1890 2016 ferro
1906 1989 1921 2004 ⁴⁴
1931 1997 2001 2016 avec

1099 2033 1112 2047 ‘⁴
1124 2041 1147 2059 η
1167 2033 1266 2063 fret-ez,
1286 2033 1423 2067 Drugone
1442 2035 1470 2058 et
1489 2034 1633 2059 Unfroide
1645 2053 1668 2066 η.
1706 2034 1792 2067 Dopo
1811 2033 1840 2058 la
1859 2033 2001 2066 battaglia

1098 2076 1127 2101 di
1148 2075 1286 2106 Cin-itate,
1304 2076 1428 2101 secondo
1444 2076 1473 2101 lo
1492 2078 1582 2101 stesso
1596 2074 1754 2109 Aime(111,
1768 2084 1791 2100 c.
1812 2083 1856 2108 43,
1880 2083 1908 2109 p.
1930 2074 2000 2108 136),

1099 2117 1151 2142 “A
1171 2118 1194 2143 li
1211 2119 1297 2143 conte
1316 2118 1350 2143 de
1369 2118 1462 2143 Puille
1480 2117 1620 2143 vindi-ent
1639 2120 1720 2143 autre
1741 2118 1815 2143 frere
1834 2118 1867 2143 de
1887 2118 1915 2143 la
1934 2125 2000 2143 con-

1099 2159 1180 2186 “tree
1199 2159 1234 2185 de
1252 2159 1439 2190 Normandle‚
1468 2161 1537 2185 c’est
1555 2161 1688 2185 assavoir
1712 2160 1847 2194 Malgere‚
1873 2159 2001 2185 Gon-ede

1099 2203 1113 2216 ⁴⁴
1124 2202 1267 2228 Guillerm
1294 2205 1322 2228 et
1340 2202 1488 2236 Rogier,‚;
1509 2205 1619 2228 mentre
1637 2202 1764 2228 Roberto
1790 2203 1813 2227 il
1842 2202 2002 2228 Guiscardo

1097 2253 1144 2270 era
1163 2247 1270 2271 venuto
1298 2252 1380 2271 verso
1398 2246 1420 2270 il
1444 2251 1519 2278 1047.
1557 2245 1611 2270 Per
1629 2245 1725 2270 alcuni
1752 2245 1782 2270 di
1802 2246 1894 2277 questi
1922 2245 2001 2270 nomi

1095 2289 1142 2316 Cf.
1161 2290 1287 2319 HESKEL.
1307 2290 1363 2315 Dt‘e
1385 2290 1511 2315 Historia
1531 2290 1624 2316 Sicula
1643 2291 1690 2315 des
1720 2290 1870 2323 Anonymus
1897 2290 2001 2316 Vatica-

1097 2341 1143 2357 nus
1162 2333 1218 2357 und
1233 2333 1280 2357 des
1305 2332 1461 2366 Gausredus
1486 2333 1656 2363 Malatara,
1681 2332 1802 2357 Dissert.
1821 2332 1896 2362 Kiel,
1925 2331 2002 2365 1891,

1119 2394 1123 2399 .
1161 2373 1178 2399 8
1196 2381 1212 2399 e
1285 2393 1291 2399 .

1098 2382 1116 2408 p
1143 2381 1158 2407 3
1186 2415 1197 2432 ⁴
1229 2382 1374 2443 &goniaea
1403 2417 1603 2450 Amaeffltanum,
1623 2417 1652 2442 lo
1675 2417 1738 2442 dice
1759 2417 1818 2442 “de
1844 2416 1965 2442 Lavello
1975 2434 2000 2449 η.

1096 2457 1190 2490 Aust,
1210 2459 1269 2488 VII,
1284 2459 1397 2484 chiama
1407 2458 1543 2489 Roberto‚
1557 2467 1608 2485 ora
1624 2459 1638 2472 ¹⁴
1649 2460 1685 2485 da
1698 2459 1844 2485 Ravitelle
1856 2459 1892 2492 (c.
1906 2458 1934 2492 3)
1948 2467 2001 2485 ora

1096 2501 1130 2527 de
1143 2501 1156 2515 ‘⁴
1167 2502 1334 2527 Laurotello
1350 2521 1364 2535 n
1379 2509 1397 2526 ο
1420 2502 1433 2516 ‘⁴
1445 2502 1609 2527 Lauritello
1620 2520 1634 2534 „
1650 2504 1685 2535 (c.
1700 2508 1732 2535 25
1746 2509 1762 2526 e
1774 2503 1860 2536 sgg.);
1881 2502 1914 2526 de
1927 2501 2000 2527 Lau-

1095 2545 1108 2559 ‘⁴
1120 2545 1222 2570 retello
1234 2563 1248 2576 n
1269 2545 1306 2570 ha
1326 2546 1427 2570 invece
1456 2545 1483 2570 la
1513 2546 1644 2570 Chronica
1663 2545 1821 2570 monasterii
1848 2544 2000 2570 Casinensis

1095 2585 1125 2610 di
1143 2585 1241 2610 Pietro
1259 2585 1394 2611 Diacono
1414 2585 1477 2619 (lib.
1497 2585 1544 2615 IV,
1564 2584 1599 2617 48
1617 2592 1633 2610 0
1652 2584 1733 2618 035).

1183 2625 1194 2643 ⁵
1210 2628 1356 2654 Chronicon
1369 2628 1576 2662 Amalfitanumae
1593 2627 1606 2641 ‘⁴
1614 2645 1621 2653 .
1631 2644 1653 2653 ..
1666 2647 1671 2652 .
1686 2628 1867 2661 prudentiam
1880 2627 2002 2660 grandia

1096 2669 1109 2683 ‘⁴
1119 2669 1228 2695 taciens
1247 2670 1419 2702 pronomine
1439 2670 1601 2704 appellatus
1622 2670 1679 2695 fult
1690 2689 1695 2695 .
1708 2689 1714 2695 .
1725 2687 1732 2695 .
1743 2688 1766 2702 „.

1181 2709 1193 2727 ⁶
1212 2712 1394 2738 GAUFRBDUS
1425 2713 1622 2744 Mamm-anm,
1646 2712 1667 2741 1.
1695 2719 1742 2745 15:
1772 2713 1878 2739 “Duos
1903 2713 2001 2745 itaque

1094 2754 1217 2780 “fratres
1237 2762 1305 2780 suos
1324 2757 1444 2781 comites
1464 2755 1532 2780 fecit
1546 2754 1712 2788 (Robertus)
1727 2755 1897 2789 Malgerium
1912 2755 1999 2788 Capi-

1093 2796 1106 2810 “
1116 2798 1223 2826 tanate,
1237 2795 1426 2822 Guillelmum
1441 2804 1508 2822 vero
1523 2797 1554 2822 in
1568 2799 1743 2831 principatu.
1775 2797 1829 2823 Sed
1843 2797 1997 2831 MelgerIus

1094 2837 1107 2852 ‘⁴
1119 2840 1243 2864 morlens
1256 2847 1319 2864 cum
1334 2848 1446 2865 ornnem
1459 2840 1629 2865 comitatum
1642 2848 1723 2865 suum
1737 2838 1896 2865 Guillelmo
1909 2840 1998 2865 fratri

1094 2881 1169 2907 “suo
1189 2882 1361 2914 reliquisset,
1382 2882 1556 2907 Guillelmus
1578 2881 1755 2908 Gaufredum
1775 2882 1893 2908 fratrem
1915 2890 1998 2908 suum

1092 2923 1105 2938 ‘⁴
1117 2925 1243 2958 diligens
1262 2925 1319 2950 sibi
1340 2926 1482 2950 concessit
1493 2944 1518 2957 „.

1177 2965 1189 2984 ⁷
1209 2967 1300 2995 Innut
1322 2967 1385 2993 ⁴⁴...
1397 2985 1403 2992 .
1422 2974 1460 2994 ex
1478 2968 1711 2994 Normannorum
1730 2975 1926 3001 genere...·,-

1917 181 1989 217 183
2019 192 2085 213 Mun.
2101 197 2134 212 cc.
2147 192 2227 216 169·17o

2022 409 2076 428 Tum
2086 409 2153 428 retius
2160 409 2186 428 dt:
2197 409 2214 428 Λ
2219 409 2234 428 l<

2029 1529 2063 1554 50

2030 1740 2061 1766 55

2030 2374 2065 2400 70

2030 2587 2061 2614 75

2028 2795 2063 2820 80
