2372 3502
173 303 299 348 decus,
319 307 359 339 ut
387 306 541 350 utraque
571 301 854 338 cultissimarum
879 298 1088 335 Nafionum
1105 303 1213 345 regat
1231 298 1439 346 imperium,
1461 304 1499 334 et
1518 298 1580 334 ubi
1599 299 1756 335 Artibus
1775 304 1887 347 atque
1915 298 2052 335 Literis

171 382 287 420 ullum
315 383 363 419 sit
390 381 561 429 pretium,
591 393 612 417 e
640 380 799 417 Familia
826 385 889 416 tua
907 380 980 415 sint
999 377 1242 426 comparandi
1262 378 1425 426 patroni.
1483 378 1796 427 Subsequentium
1815 379 1928 416 etiam
1946 379 2052 415 Prin-

172 463 299 512 cipum
334 462 652 511 frequentissimae
680 461 719 496 in
746 460 910 497 historiis
945 459 1047 496 hisce
1085 459 1219 496 nostris
1256 458 1396 504 laudes,
1435 459 1501 496 sed
1532 471 1711 508 nusquam
1738 460 1911 506 maiores,
1940 471 2053 509 quam

173 556 260 581 cum
288 543 336 580 ad
364 555 409 579 ea
439 549 610 592 tempora
638 541 843 586 veniemus,
872 541 912 576 in
939 539 1072 589 quibus
1099 539 1231 577 ltaliae
1268 539 1502 576 calamitates
1528 540 1597 575 sub
1625 540 1810 577 Eccelino
1838 546 2000 589 tyranno
2030 552 2051 576 a

173 624 427 673 Scriptoribus
455 624 589 660 nostris
616 622 831 668 referuntur,
862 622 966 658 cuius
994 621 1145 658 immani
1165 621 1410 669 impotentiae
1429 620 1657 658 evertendae
1685 621 1784 657 nulla
1802 623 1858 658 vis
1877 634 2052 670 umquam

172 706 342 743 sufficere
370 706 504 754 potuit,
532 705 600 742 nisi
626 709 823 753 postquam
851 703 1021 741 Maiores
1049 703 1122 740 Tui
1151 715 1236 739 cum
1264 702 1606 739 Mediolanensibus
1626 703 1759 739 nostris
1786 703 1824 739 in
1853 709 2053 740 commune

174 787 317 823 bonum
346 787 618 835 conspiravere,
649 785 708 820 cui
738 785 794 820 rei
822 785 1076 821 testimonium
1115 783 1380 825 Rolandz'num,
1411 782 1640 819 Monachum
1676 783 1910 824 patavinum,
1941 789 2051 833 atque

173 867 265 905 alios
293 868 372 905 eius
400 867 485 904 aevi
514 866 724 915 Scriptores
753 866 791 902 in
819 866 991 914 sequenti
1018 856 1124 903 tom¹o
1152 864 1416 914 producemus.
1472 864 1548 902 Sed
1576 870 1617 902 ut
1635 866 1683 902 ad
1703 864 1968 902 collectionem
1987 877 2055 902 no-

172 954 287 986 stram
314 953 480 985 revertar
487 957 498 994 3
527 948 657 985 Macte
687 948 836 994 virtute,
865 945 1212 984 SERENISSIME
1239 946 1507 992 PRINCEPS,
1530 952 1568 982 et
1587 947 1689 995 quod
1717 947 1935 994 incoeptum
1955 958 1977 982 a
1996 946 2054 983 Te

171 1042 266 1080 opus
293 1030 331 1066 in
357 1029 438 1068 dies
465 1034 678 1075 tractamus,
706 1028 895 1077 praesidio
927 1033 1039 1077 atque
1068 1028 1292 1066 auctoritate
1320 1027 1404 1064 Tua
1431 1028 1532 1074 fove,
1563 1039 1640 1076 quo
1668 1027 1810 1064 bonum
1837 1027 1973 1064 habeat
1999 1027 2055 1063 in-

174 1115 417 1156 crementum,
447 1117 486 1147 et
512 1110 739 1157 absolvatur,
769 1121 931 1159 eumque
957 1109 996 1145 in
1023 1109 1128 1147 Italia
1155 1114 1281 1146 nostra
1308 1114 1386 1146 tam
1414 1114 1584 1146 vetustae
1612 1120 1655 1145 ac
1684 1107 1911 1145 invidendae
1947 1107 2055 1144 nobi-

173 1191 286 1230 litatis
313 1204 426 1229 censu
452 1192 630 1239 emineas,
658 1191 698 1227 id
726 1192 840 1229 etiam
867 1193 906 1228 in
933 1191 1094 1228 Familia
1120 1191 1203 1228 Tua
1230 1186 1477 1239 praecipuum
1506 1202 1625 1238 serva,
1654 1195 1694 1227 ut
1726 1190 1844 1227 literis
1871 1189 2055 1227 fautorem

172 1274 231 1311 Te
258 1274 441 1323 praebeas
469 1278 581 1323 atque
609 1278 808 1321 patronum
836 1274 933 1310 inter
958 1273 1053 1310 haec
1082 1273 1161 1310 otia
1187 1273 1304 1321 pacis,
1333 1255 1378 1308 in,
1399 1272 1531 1322 quibus
1551 1284 1573 1308 a
1591 1272 1880 1320 praeteritorum
1907 1276 2055 1320 tempo-

172 1366 256 1392 rum
281 1355 494 1392 infortuniis
519 1354 771 1391 beneficentia
798 1353 1058 1392 CAESARIS
1085 1354 1318 1402 respiramus.
1374 1353 1550 1390 Bonitate
1579 1365 1685 1399 vero,
1705 1364 1779 1402 qua
1796 1351 1905 1400 soles,
1925 1365 2056 1390 munus

172 1436 246 1473 hoc
275 1441 443 1474 nostrum
471 1438 602 1485 accipe
630 1448 675 1473 ac
702 1411 892 1475 Palatinos
919 1435 1066 1483 Socios,
1094 1447 1230 1485 meque
1258 1435 1581 1473 SERENITATI
1608 1434 1761 1472 TUAE
1780 1434 1906 1472 multis
1932 1435 2055 1472 nomi-

172 1517 280 1555 nibus
309 1517 605 1555 addictissimum
632 1523 803 1567 protege,
833 1517 923 1553 dum
950 1517 1059 1565 operi
1087 1516 1320 1554 absolvendo
1349 1528 1540 1554 vacamus.

262 1599 412 1636 Dabam
439 1598 649 1636 Mediolani
678 1610 746 1635 vm
774 1598 850 1635 kal.
880 1597 1091 1636 decembris
1118 1598 1399 1636 MDCCXXV.

2083 189 2161 269 s)
