2398 3470
120 282 203 320 [ΛΑ.
222 283 256 312 c.
278 282 474 319 ιιΊι-ιιη]
699 276 991 314 ROMUALDI
1018 277 1380 314 SALERNITANI
1885 277 1955 312 261
1974 288 2049 312 Mum,
2065 294 2097 308 cc.
2114 293 2200 308 ,ιι-,η

119 399 260 433 sceleris
281 399 319 431 in
341 399 644 443 archiepiscopum
667 399 867 442 perpetrati,
890 405 1066 444 tamquam
1089 399 1180 432 illius
1203 400 1252 433 rei
1276 400 1399 433 fuisset
1422 400 1590 440 conscius,
1621 400 1740 443 opinio
1771 410 1849 432 eum
1880 409 1965 444 quo-
2071 416 2118 434 ιω

119 452 304 486 dammodo
326 452 481 497 uulgaris
502 453 698 497 attingeret,
721 458 757 486 et
779 453 929 486 mendax
950 453 1047 486 illum
1069 452 1145 486 sine
1169 453 1272 496 culpa
1295 454 1390 486 fama
1412 454 1598 492 morderet,
1621 453 1666 486 de
1689 463 1749 486 sue
1764 453 1964 486 innocentie

118 505 266 549 puritate
291 506 448 544 confisus,
473 506 638 549 quosdam
663 506 707 538 de
731 506 904 549 episcopis
926 506 994 538 suis
1018 511 1053 538 et
1077 506 1214 539 clericis
1236 505 1431 551 Anagniam
1455 507 1501 539 ad
1516 505 1755 539 Alexandrum
1770 517 1896 550 papam
1912 506 1963 539 di-

119 558 226 592 rexit'.
273 558 346 597 Qui
371 569 486 592 coram
509 569 552 592 eo
576 565 611 592 et
634 559 703 591 suis
725 559 967 597 cardinalibus,
990 559 1091 592 tactis
1114 560 1346 593 sacrosanctis
1369 559 1570 604 euangeliis,
1593 559 1734 602 publice
1751 560 1963 598 iurauerunt,
2046 577 2067 592 s.
2082 570 2141 594 ειη

76 612 94 645 5
120 612 213 657 quod
235 612 494 656 prenominatus
514 622 577 645 rex
601 612 645 645 ab
668 612 826 660 effusione
848 612 928 646 iusti
951 612 1127 656 sanguinis
1149 618 1224 645 erat
1247 613 1407 646 innoxius
1430 620 1464 646 et
1486 624 1507 645 a
1530 613 1772 646 communione
1789 614 1959 647 commissi
2033 627 2097 644 man.
2114 630 2138 648 2⁵

118 665 271 699 criminis
294 675 434 708 prorsus
458 666 622 699 extiterat
644 665 775 699 alienus
790 661 811 697 ¹.
856 665 984 698 Milites
1014 670 1130 698 autem
1162 665 1224 704 illi,
1257 667 1315 709 qui
1346 666 1383 698 in
1414 666 1545 699 Christi
1574 666 1772 709 pontificem
1804 673 1963 700 cruentas

4 756 13 765 Κ
119 729 238 752 manus
260 718 390 751 inicere
413 729 483 751 non
506 718 703 756 timuerunt,
725 719 914 752 redeuntes
936 717 980 750 ad
1004 728 1076 756 cor,
1100 723 1135 750 et
1156 724 1288 750 reatum
1311 729 1409 751 suum
1434 724 1468 751 et
1491 718 1658 752 malitiam
1683 719 1887 758 recolentes,
1917 720 1963 752 ad

0 774 9 823 ξ
117 772 226 815 pedes
248 770 441 804 Alexandri
463 781 553 814 pape
578 771 750 803 humiliter
771 770 999 809 aduenerunt,
1023 776 1058 803 et
1080 781 1116 803 se
1139 780 1231 809 reos,
1253 781 1290 803 se
1314 782 1388 804 esse
1403 771 1529 814 impios
1543 771 1682 814 publice
1698 772 1964 814 proclamantes,

0 827 10 869 ’,ξ
116 824 342 868 penitentiam
366 824 410 857 de
435 824 617 857 commisso
640 824 772 857 scelere
795 823 1027 866 postulabant.
1074 824 1173 863 Quos
1195 834 1287 867 papa
1309 825 1353 857 de
1375 824 1524 858 admissa
1554 824 1707 868 nequitia
1737 826 1963 859 uehementer

0 869 9 914 ξ
57 879 96 910 10
119 878 308 922 redarguit,
333 883 367 910 et
390 883 573 910 uenturum
595 887 699 920 super
723 887 782 909 eos
803 877 870 910 Dei
884 877 1062 915 iudicium,
1078 877 1144 909 nisi
1160 876 1266 920 digne
1283 877 1518 920 penituissent,
1535 877 1778 911 comminando
1795 879 1962 921 promisit.

0 923 1 926 ¹
121 930 258 970 Quibus
279 931 381 964 etiam
406 931 504 964 dedit
525 931 562 963 in
585 930 765 969 mandatis,
789 935 826 962 ut
848 930 1043 964 discalciati
1069 936 1105 963 et
1135 930 1257 964 ciliciis
1286 931 1411 970 induti,
1439 931 1672 964 Ierusolimam
1703 938 1897 976 pergerent,
1929 939 1963 966 et

117 995 216 1019 sacra
239 985 317 1017 loca
340 995 417 1016 cum
442 984 562 1018 dolore
587 989 623 1016 et
645 983 775 1027 gemitu
797 983 987 1023 trinitatem,
1011 983 1140 1016 dehinc
1164 984 1210 1016 ad
1233 984 1554 1027 Montem-nigrum,
1578 984 1636 1028 qui
1659 984 1852 1018 Antioeene
1878 985 1964 1018 ciui-

118 1039 179 1071 tati
201 1039 351 1076 adiacet,
374 1038 580 1071 festinanter
601 1037 822 1076 accederent,
845 1037 961 1080 ibique
984 1037 1125 1070 solitarii
1148 1037 1186 1070 in
1202 1037 1349 1076 ieiuniis,
1365 1037 1505 1082 uigiliis,
1521 1038 1731 1071 orationibus
1745 1045 1779 1071 et
1796 1039 1964 1079 lamentis,

119 1091 211 1125 omni
234 1092 306 1124 uite
329 1102 388 1124 sue
411 1097 567 1134 tempore
589 1091 827 1133 perdurantes,
852 1091 896 1123 de
919 1096 987 1123 tam
1011 1090 1149 1123 immani
1173 1091 1306 1123 scelere
1329 1091 1553 1133 penitentiam
1570 1097 1717 1134 agerent
1732 1098 1766 1125 et
1782 1092 1846 1124 Dei
1862 1092 1964 1125 mise-

58 1145 96 1177 15
120 1144 304 1178 ricordiam
329 1144 455 1188 iugiter
477 1143 699 1187 postularent.

206 1197 259 1230 Eo
281 1203 438 1240 tempore
463 1207 541 1230 cum
564 1197 770 1229 Emmanuel
790 1197 978 1240 imperator
1002 1195 1408 1240 Constantinopolitanae
1433 1197 1676 1241 frequentibus
1707 1199 1836 1231 nuntiis
1867 1199 1963 1232 dele·
2068 1216 2118 1235 1172

117 1251 206 1295 gatis
228 1251 333 1283 filiam
355 1261 451 1283 suam
473 1250 566 1283 Zura
586 1249 733 1282 Mariam
757 1249 971 1293 W[ilhelmo]
993 1250 1069 1294 regi
1092 1250 1211 1283 Sicilie
1234 1251 1270 1283 in
1293 1261 1435 1284 uxorem
1466 1251 1605 1284 tradere
1635 1251 1854 1294 promisisset,
1885 1259 1961 1286 tan-

116 1305 197 1337 dem
220 1314 263 1336 ex
285 1304 518 1336 conuentione
542 1303 719 1346 utriusque
741 1303 849 1345 partis
871 1303 1003 1337 factum
1027 1309 1090 1342 est,
1113 1304 1208 1347 quod
1238 1303 1436 1346 imperator,
1467 1303 1687 1347 presentibus
1716 1304 1842 1348 legatis
1871 1305 1962 1338 eius-

118 1357 199 1390 dem
221 1356 327 1401 regis,
349 1356 383 1388 in
408 1356 522 1389 anima
544 1367 605 1389 sua
627 1356 740 1389 iurare
763 1356 857 1398 fecit,
882 1362 917 1389 et
946 1356 1172 1390 iuramentum
1202 1356 1312 1390 suum'
1341 1362 1540 1401 magnatum
1570 1367 1709 1391 suorum
1740 1358 1962 1391 iureiurando
2045 1375 2064 1389 c.
2080 1372 2139 1393 ‚aa

52 1412 94 1444 20
117 1411 256 1451 firmari,
281 1410 377 1454 quod
399 1410 436 1442 in
458 1409 605 1443 termino
629 1415 664 1442 et
687 1409 764 1443 loco
788 1409 833 1442 ab
854 1415 1002 1454 utraque
1025 1416 1126 1453 parte
1148 1411 1282 1453 prefixo
1305 1411 1409 1443 filiam
1432 1421 1528 1443 suam
1551 1411 1626 1455 regi
1649 1421 1713 1454 pro
1729 1422 1837 1445 uxore
1853 1418 1963 1444 trans—

117 1465 281 1497 mitteret.
327 1464 373 1496 Et
395 1463 505 1495 simile
529 1463 757 1496 iuramentum
781 1472 823 1496 ex
847 1469 947 1506 parte
971 1463 1061 1507 regis
1084 1469 1119 1497 et
1149 1473 1288 1497 suorum
1319 1464 1541 1497 familiarium
1572 1465 1616 1497 de
1648 1464 1718 1497 filia
1747 1465 1965 1508 imperatoris

119 1516 324 1559 recipienda
346 1516 525 1559 prestitum
549 1521 603 1549 est
619 1522 654 1549 et
668 1516 817 1549 iuratum
831 1515 854 1549 ².
902 1516 983 1555 Quo
999 1516 1104 1558 facto,
1120 1526 1182 1549 rex
1198 1516 1442 1559 W[ilhelmus],
1457 1522 1577 1560 utpote
1593 1517 1646 1550 uir
1662 1517 1785 1561 legalis
1800 1524 1835 1551 et
1850 1518 1960 1552 Deum

117 1576 284 1608 metuens,
307 1570 534 1602 iuramentum
557 1579 656 1602 suum
679 1568 864 1602 obseruare
888 1569 1101 1608 desiderans,
1123 1569 1223 1602 simul
1246 1580 1324 1602 cum
1348 1570 1503 1604 Henrico
1519 1571 1627 1603 fratre
1642 1581 1704 1603 suo
1720 1570 1962 1614 Capuanorum

118 1624 276 1667 principe
300 1623 493 1656 Tarentum
516 1622 624 1661 uenit,
648 1627 683 1655 et
705 1622 755 1656 ibi
777 1623 916 1656 nuntios
937 1623 1158 1666 imperatoris
1181 1634 1259 1657 cum
1283 1623 1357 1656 eius
1379 1623 1449 1656 filia
1471 1623 1508 1656 in
1523 1624 1655 1667 prefixo
1670 1624 1748 1659 loeo
1764 1631 1798 1657 et
1812 1626 1962 1659 termino

52 1678 93 1711 25
117 1675 321 1722 aliquandiu
344 1675 544 1719 expectauit
555 1674 578 1707 ⁸.
623 1675 760 1709 Dehinc
784 1675 830 1708 ad
853 1675 1016 1709 Sanctum
1041 1675 1215 1720 Angelum
1237 1677 1273 1709 in
1304 1677 1425 1710 Monte
1456 1677 1620 1721 Garganu
1651 1678 1817 1710 orationis
1847 1679 1962 1712 studio

117 1731 262 1765 deuotus
284 1730 448 1773 princeps
472 1729 630 1767 accessit,
654 1735 688 1762 et
709 1735 789 1772 post
810 1729 877 1762 hec
901 1728 1063 1763 Barolum
1080 1729 1194 1767 rediit,
1211 1736 1246 1762 et
1260 1729 1306 1763 ibi
1322 1729 1506 1773 aliquantis
1522 1730 1644 1764 diebus
1660 1731 1856 1765 demoratus
1871 1738 1923 1765 est
1937 1734 1960 1766 ⁴.

117 1783 190 1818 Sed
212 1783 400 1826 imperator
421 1782 602 1815 iuramenti
624 1782 675 1815 sui
698 1788 733 1815 et
754 1782 991 1826 promissionis
1013 1782 1149 1823 oblitus,
1172 1783 1277 1816 filiam
1300 1793 1396 1816 suam
1419 1784 1495 1827 regi
1517 1789 1645 1817 statuto
1669 1784 1747 1818 loco
1764 1791 1799 1817 et
1815 1786 1961 1818 termino

115 1847 186 1870 non
208 1836 384 1870 trasmisit.
430 1834 512 1874 Quo
535 1846 596 1868 rex
620 1835 761 1880 cognito
783 1846 849 1879 per
870 1841 999 1869 terram
1021 1836 1301 1869 Beneuentanam
1317 1837 1496 1876 transiens,
1513 1837 1701 1870 Henricum
1717 1837 1960 1881 Capuanorum

2 1930 5 1938 1
114 1890 313 1935 principem
337 1891 481 1923 fratrem
505 1900 613 1927 suum,
637 1890 718 1933 quia
740 1889 894 1922 infirmus
916 1895 1002 1929 erat,
1026 1889 1207 1923 Salernum
1231 1890 1332 1929 misit,
1356 1896 1392 1923 et
1414 1890 1491 1933 ipse
1514 1891 1628 1934 primo
1651 1891 1807 1934 Capuam
1832 1892 1960 1926 dehinc

1 1943 4 1947 ’
49 1946 92 1978 30
115 1944 296 1978 Salernum
319 1943 416 1976 uenit
428 1942 450 1975 ¹.
497 1943 761 1976 Prenominatus
784 1949 897 1976 autem
921 1942 1084 1986 princeps
1106 1943 1240 1988 galeam
1264 1943 1438 1988 ingressus
1461 1943 1668 1977 Panormum
1696 1944 1802 1978 rediit
1814 1943 1838 1985 ⁶,
1862 1951 1896 1978 et
1911 1945 1959 1979 ibi

10 661 13 666 ι
0 438 11 638 μιμητψεννν-κμ
3 405 6 407 ,

205 2055 229 2080 3.
250 2047 424 2080 Anaugliam
448 2047 470 2071 C
486 2055 500 2070 e
518 2047 611 2071 Arndt
628 2061 659 2064 —
681 2053 704 2078 5.
723 2046 853 2071 esusIone
876 2046 897 2070 C
914 2055 926 2070 a
946 2047 1037 2071 Arndt
1055 2060 1063 2064 -
1085 2047 1256 2072 comunione
1278 2047 1300 2071 C
1322 2056 1334 2071 ε
1359 2048 1451 2073 Arndt
1475 2061 1506 2065 —
1527 2054 1550 2080 7.
1572 2048 1689 2081 inijcere
1707 2049 1735 2073 B
1752 2056 1767 2072 e
1784 2048 1864 2074 Sauo
1883 2062 1894 2068 -
1914 2058 1958 2074 ne·

117 2090 241 2122 quleiam
264 2090 287 2114 C
302 2099 315 2114 ε
334 2089 425 2114 Arndt
442 2101 477 2105 -—
495 2097 519 2122 9.
540 2089 732 2121 penitenciam:
756 2088 779 2113 C
793 2097 808 2113 c
826 2089 919 2113 Arndt
935 2102 947 2108 -
967 2089 1098 2121 nequicia
1121 2089 1144 2113 C
1159 2097 1173 2113 α
1191 2090 1284 2115 Arndt
1301 2103 1333 2108 -—
1355 2096 1394 2115 11.
1408 2089 1498 2114 cilicii
1517 2089 1540 2114 C
1551 2103 1559 2108 -
1573 2090 1800 2123 Hierosolymam
1815 2091 1842 2115 B
1853 2100 1866 2115 ι
1878 2091 1960 2117 Sauo

118 2146 152 2151 —
174 2139 213 2157 η.
233 2132 415 2157 Antiochene
434 2133 495 2161 Aa,
515 2132 576 2160 AS,
594 2131 655 2162 Ba,
674 2131 701 2155 B
718 2139 732 2155 e
753 2131 833 2157 Sauo
853 2144 886 2149 —
908 2138 949 2163 14.
967 2132 1158 2165 penitenciam
1181 2131 1204 2156 C
1220 2140 1233 2156 e
1255 2131 1346 2157 Arndt
1364 2145 1396 2149 —
1425 2131 1465 2157 16.
1489 2132 1674 2157 Emmanuhel
1704 2133 1726 2157 C
1742 2146 1751 2151 -
1771 2134 1886 2158 nunciis
1909 2133 1928 2158 ί
1947 2142 1961 2158 e

116 2174 208 2199 Arndt
228 2187 259 2191 —
282 2179 322 2206 ι7,
341 2174 419 2198 Hura
438 2174 474 2202 B,
493 2173 544 2197 Bt
561 2185 574 2192 -
592 2172 750 2198 Guillelmo
770 2173 795 2196 B
812 2181 825 2197 e
843 2174 924 2198 Sauo
943 2186 975 2192 -—
998 2171 1036 2197 18.
1056 2174 1251 2198 convencione
1274 2173 1318 2198 Ce
1331 2173 1423 2198 Arndt
1441 2187 1473 2191 -
1494 2180 1536 2198 20.
1555 2173 1664 2199 firmare
1687 2174 1709 2198 C
1724 2183 1739 2199 e
1757 2175 1849 2199 Arndt
1866 2188 1876 2193 -
1896 2183 1960 2208 pro-

71 2222 85 2248 5
116 2216 174 2241 fixo
192 2217 218 2241 A
238 2229 270 2234 —
291 2222 332 2240 22.
351 2214 525 2240 Gulllelmus
545 2216 572 2240 B
590 2223 604 2239 e
622 2215 703 2240 Sauo
723 2229 753 2232 -—
776 2222 817 2247 24.
838 2215 960 2239 nunclos
983 2215 1005 2239 C
1021 2223 1035 2239 e
1054 2215 1144 2241 Arndt
1169 2229 1194 2233 —
1216 2221 1258 2248 25.
1278 2215 1376 2240 Monte
1396 2215 1559 2248 Garganum
1582 2216 1616 2245 C;
1643 2216 1769 2241 Montem
1795 2216 1958 2250 Garganum

119 2259 212 2284 Arndt
229 2273 259 2278 -
279 2257 320 2283 28.
339 2258 478 2283 Henricus
501 2257 524 2282 C
540 2272 571 2275 —
590 2265 633 2290 30.
654 2257 825 2283 Panormum
849 2257 871 2282 C

115 2343 214 2369 “inter
227 2346 334 2369 ceteros
349 2344 464 2368 sanctos
477 2343 620 2368 conscribi
634 2343 769 2377 precepit.
784 2343 815 2367 ln
829 2344 876 2368 die
890 2350 1008 2375 namque
1061 2344 1144 2368 bellus
1163 2345 1195 2368 de
1214 2344 1375 2369 successione
1388 2344 1544 2377 ponttficum
1564 2345 1725 2377 Agrigenti,
1739 2345 1768 2369 in
1784 2345 1809 2368 A
1820 2353 1832 2368 r
1842 2352 1856 2370 c
1865 2346 1892 2370 h.
1911 2345 1958 2369 St.
1988 2353 2018 2378 25

115 2386 129 2400 ‘¹
140 2386 354 2412 Purificationis
372 2386 452 2411 beate
471 2385 570 2414 Marie,
582 2386 751 2410 convocatis
763 2385 908 2419 eplscopiti
919 2387 949 2410 et
961 2385 1008 2411 ab·
1063 2383 1140 2414 Sic„
1159 2385 1194 2410 N.
1213 2384 1249 2415 S.,
1268 2385 1397 2415 xxvm,
1416 2393 1442 2420 p.
1465 2393 1522 2418 149.
1560 2386 1665 2411 Deciso
1685 2387 1705 2410 il
1721 2387 1915 2416 matrimonio,
1933 2387 1958 2411 si

0 2447 4 2458 ,,
114 2429 128 2444 “
138 2429 252 2454 batibus
266 2428 432 2461 Campanie,
445 2429 519 2461 apud
532 2427 662 2461 Signiam
677 2428 707 2452 ln
721 2428 830 2453 honore
844 2429 935 2461 ipsius
948 2435 1008 2461 spe-
1063 2426 1162 2453 stabili
1181 2428 1232 2453 che
1251 2428 1278 2453 la
1299 2429 1477 2461 principessa
1503 2429 1618 2453 sarebbe
1644 2430 1673 2453 in
1700 2429 1865 2460 quess'anno
1891 2436 1957 2454 con-

0 2458 10 2513 ξ
56 2476 88 2494 ιο
116 2471 130 2485 ”
140 2471 252 2497 cialiter
272 2472 420 2496 missarum
446 2470 618 2504 sollempnla
640 2470 796 2495 celebravit
816 2473 844 2495 et
863 2471 1008 2503 pasalonls
1063 2470 1147 2496 dotta
1166 2478 1181 2495 a
1201 2470 1337 2496 Taranto.

116 2513 201 2538 “eius
227 2513 301 2538 diem
326 2511 380 2537 1111
408 2512 464 2537 kal.
492 2512 550 2537 ian.
578 2513 714 2544 perpetuo
742 2512 790 2545 agi
819 2512 973 2537 constituit
983 2529 1008 2544 ,,.
1150 2510 1162 2528 ³
1182 2513 1234 2538 Nel
1255 2521 1349 2539 marzo
1372 2520 1436 2546 ¹172
1457 2514 1494 2546 (a.
1515 2521 1549 2538 m.
1570 2512 1651 2546 ⁶680)
1677 2512 1843 2547 Gugilelmo
1869 2522 1915 2539 era
1941 2521 1958 2539 a

0 2574 4 2592 ι
113 2556 230 2584 Anxur,
249 2556 370 2580 annon:
393 2553 406 2567 ¹⁴
418 2555 452 2580 V.
471 2554 622 2587 eplstolam
650 2561 738 2588 papae
763 2554 837 2586 apud
864 2554 1007 2584 anucs.
1062 2555 1201 2585 Messiua;
1216 2555 1305 2586 cusa,
1319 2556 1339 2586 1,
1353 2564 1380 2588 p.
1395 2562 1454 2589 3²¹·
1484 2556 1632 2586 Bassum,
1647 2556 1700 2582 Sic.
1715 2557 1801 2585 δίκαι,
1815 2556 1849 2585 11.
1864 2563 1891 2581 n.
1907 2555 1956 2581 182
1985 2567 2018 2592 30

0 2610 9 2638 ς
116 2597 130 2611 ⁸
143 2598 240 2623 Conct'l.
261 2598 360 2630 Magn.
379 2597 452 2622 Brit.
471 2601 499 2622 et
521 2597 591 2626 Hib„
611 2597 631 2628 Ι,
652 2602 702 2629 475
716 2614 740 2629 ,,.
1061 2597 1206 2630 (mandato
1234 2597 1263 2623 di
1292 2597 1459 2631 Guglielmo
1488 2598 1522 2627 ΙΙ,
1551 2605 1611 2631 apr.
1642 2605 1717 2631 1172,
1744 2597 1883 2629 Palermo,
1909 2606 1957 2630 per

0 2641 14 2669 k,
202 2639 211 2657 ¹
231 2639 278 2666 Cf.
299 2648 325 2673 p.
347 2639 408 2671 260,
428 2647 454 2665 n.
474 2647 499 2672 3.
536 2640 621 2668 Boso,
641 2639 725 2664 Liber
744 2640 858 2673 Pontis..
878 2647 924 2674 pp.
945 2647 1006 2673 425-
1061 2639 1088 2664 S.
1108 2639 1200 2665 Maria
1219 2640 1249 2665 dl
1267 2640 1351 2665 Valle
1370 2639 1507 2666 Giosasat
1525 2638 1540 2665 ὲ
1560 2639 1663 2671 falson
1683 2640 1719 2665 cs.
1745 2639 1872 2671 Gauium,
1898 2642 1955 2665 Μσ-

0 2671 8 2714 ,ἦ
56 2690 84 2716 15
114 2682 166 2714 426
185 2682 294 2715 riporta
313 2683 341 2707 la
360 2682 469 2707 lettera.
1061 2686 1119 2707 nete
1132 2691 1146 2707 e
1167 2683 1250 2714 Canii,
1273 2691 1298 2714 p.
1321 2690 1386 2716 ¹495
1408 2684 1435 2708 ll
1453 2684 1505 2707 tab.
1525 2683 1555 2707 di
1575 2683 1603 2708 S.
1621 2683 1719 2708 Maria
1738 2683 1769 2707 di
1795 2683 1868 2708 Valle
1893 2683 1955 2708 Gia-

0 2717 7 2731 ³
201 2723 212 2739 ²
230 2725 421 2756 Emmauuele,
442 2724 615 2749 minaeciato
634 2725 681 2749 dai
702 2723 864 2754 Veneziani,
885 2725 910 2749 sl
933 2726 1007 2750 τὴν·
1060 2725 1138 2758 susat
1154 2734 1167 2750 e
1186 2727 1214 2750 la
1234 2726 1300 2750 data
1319 2726 1390 2751 delle
1408 2734 1453 2750 sue
1471 2725 1672 2758 falsificationi,
1693 2726 1722 2749 ln
1743 2725 1846 2750 Arch.
1865 2726 1956 2751 Stor.

0 2769 6 2802 ζ
114 2766 212 2793 vicino
232 2767 277 2792 nel
301 2772 365 2799 ¹¹7²
386 2766 443 2791 alla
462 2766 563 2792 Sicilia
583 2774 598 2791 e
618 2767 676 2791 fece
696 2766 723 2791 di
752 2773 848 2791 nuovo
873 2766 967 2792 offrire
991 2774 1008 2792 a
1061 2775 1122 2800 per
1149 2767 1182 2792 la
1207 2767 1345 2793 Sicilia
1371 2767 1583 2798 Orientale,
1612 2767 1744 2796 Catania,
1771 2767 1846 2800 1908.
1867 2776 1894 2800 p.
1915 2775 1956 2801 33,
1984 2777 2016 2802 35

0 2832 7 2845 ἱ
114 2808 279 2842 Guguelmo
298 2808 324 2833 n
344 2809 371 2833 la
391 2815 441 2834 sua
460 2808 539 2841 figlini
558 2807 659 2836 Maria.
679 2808 729 2833 che
749 2815 807 2834 non
826 2815 873 2834 era
892 2806 943 2841 pli:
956 2809 1007 2834 l'u·
1060 2809 1129 2843 Reg.
1150 2818 1176 2834 n.
1195 2817 1238 2842 93.

0 2848 10 2911 ἒ
114 2851 179 2877 nica
197 2850 347 2876 eredltlera
367 2850 556 2884 dell'lmpero,
576 2858 625 2883 per
644 2851 671 2875 la
692 2852 802 2876 nascita
822 2851 868 2876 nel
892 2850 959 2884 ¹¹⁶9
977 2851 1007 2877 di
1148 2850 1157 2866 ⁴
1176 2851 1200 2877 Il
1224 2859 1252 2877 η
1275 2853 1388 2885 maggio
1409 2852 1437 2877 su
1458 2860 1473 2877 a
1499 2852 1625 2876 Barletta
1652 2860 1666 2875 e
1694 2852 1714 2876 il
1736 2859 1766 2885 17
1793 2859 1809 2877 a
1836 2852 1955 2877 Canosa.

0 2913 7 2938 ἑ
53 2899 86 2918 20
112 2893 241 2922 Ales-im
262 2894 297 2918 cf.
318 2893 433 2919 Nxcru
451 2891 621 2923 euomuit.
641 2893 673 2924 V,
694 2892 719 2921 8,
739 2901 765 2926 p.
780 2893 839 2919 ²80.
877 2893 1006 2927 Gugllel-
1062 2894 1209 2924 Bumuraeo,
1229 2902 1276 2919 nn.
1301 2894 1348 2928 183
1368 2903 1382 2919 e
1405 2893 1461 2927 184.

113 2943 158 2960 mo
177 2935 203 2960 11
222 2933 332 2961 accettb
352 2934 471 2961 l’offertn
490 2943 504 2960 e
524 2935 628 2961 mando
648 2943 697 2968 per
710 2936 737 2961 le
746 2938 896 2961 trattative
908 2937 936 2961 dl
951 2943 1007 2961 ma·
1149 2935 1160 2951 ⁰
1179 2937 1202 2962 11
1223 2944 1254 2970 31
1277 2945 1348 2970 mag.
1372 2943 1437 2970 ¹¹7²
1460 2937 1491 2961 fu
1510 2945 1525 2961 a
1545 2937 1672 2968 Salerno,
1695 2944 1773 2962 come
1793 2939 1814 2961 si
1843 2938 1956 2962 desume

0 2978 4 2993 Ι

113 2980 252 3003 trimonio
272 2978 314 3003 {ra
333 2978 377 3011 gii
396 2978 465 3003 altri
485 2978 676 3009 Bai-tolomeu,
695 2978 812 3003 fratello
831 2977 1004 3004 dell'arclve-
1061 2980 1097 3005 da
1117 2986 1153 3004 un
1174 2980 1237 3005 doc.
1259 2987 1307 3013 per
1327 2980 1354 3004 la
1374 2980 1468 3004 chlesa
1488 2980 1516 3003 di
1537 2979 1630 3004 Vulva
1649 2979 1740 3012 (prov.
1761 2979 1788 3004 di
1816 2978 1956 3012 Solen-no),
1984 2987 2019 3011 40

112 3027 199 3045 ncovo
224 3019 384 3049 Gunltlero,
409 3020 459 3044 che
489 3020 517 3044 fu
546 3021 634 3046 electo
664 3026 785 3045 vescovo
813 3020 844 3046 di
871 3019 1004 3054 Gir-genti
1060 3028 1074 3046 e
1095 3023 1121 3046 vl
1144 3022 1245 3047 rimare
1264 3029 1368 3047 ancora
1387 3022 1431 3046 nel
1446 3022 1567 3055 glugno;
1582 3022 1728 3052 Bnunmo,
1743 3030 1790 3046 nn.
1807 3020 1853 3052 185
1867 3028 1882 3046 e
1899 3021 1955 3046 ι86.

115 3062 128 3074 ”
139 3060 206 3086 dum
225 3064 297 3086 enet
318 3061 606 3094 Constantinopolim
630 3062 778 3095 legatur„;
805 3061 931 3092 Guium,
959 3063 1005 3088 Li·
1148 3062 1161 3079 ·
1180 3064 1232 3089 Nel
1249 3064 1340 3097 lugllo
1351 3071 1397 3090 era
1408 3072 1423 3088 a
1437 3063 1581 3091 Palen-no:
1594 3063 1739 3093 annxxo,
1751 3072 1798 3089 nn.
1814 3063 1860 3099 ¹87
1871 3072 1886 3088 e
1900 3063 1955 3090 188.
