2398 3470
256 432 276 446 c.
289 431 333 451 151
341 433 355 447 a

256 1176 276 1190 c.
291 1175 335 1195 ιη
342 1170 355 1191 b

252 1925 273 1941 c.
287 1924 351 1944 ιαμ

313 2595 344 2611 10

310 3011 344 3030 20

390 234 403 269 1
417 234 462 270 10
1155 237 1472 274 CHRONICON
1926 241 2010 281 [Aa.
2029 245 2063 274 c.
2083 247 2237 281 διε-530]

387 304 902 327 s
904 310 2243 322 ...............................................................................................................................................................

383 365 514 398 doueus
538 367 626 400 filius
649 369 736 412 ejus,
760 369 819 411 qui
843 369 911 402 fuit
932 370 987 402 uir
1013 371 1050 402 in
1080 370 1184 403 rebus
1205 370 1343 403 bellicis
1373 376 1542 410 strenuus,
1566 376 1602 403 et
1632 372 1759 404 uirtute
1791 372 1952 416 egregius
1964 371 1985 405 ¹.
2030 372 2095 405 His
2124 378 2240 406 autem

380 417 503 452 diebus
525 420 644 453 beatus
668 421 850 465 Remigius
873 422 1086 455 Remensem
1117 422 1371 466 'episcopatum
1401 423 1568 467 regebat’
1598 424 1797 457 Clodoueus
1827 430 1940 458 autem
1971 426 2070 459 duxit
2098 436 2239 459 uxorem

380 470 611 506 Christianam
634 475 772 507 nomine
796 475 1013 509 Chrotildem
1026 475 1049 516 ³,
1073 487 1137 519 per
1160 487 1263 520 quam
1279 477 1355 518 ipse
1377 487 1440 509 rex
1455 477 1501 525 ad
1517 477 1725 510 catholicam
1742 478 1930 511 christiane
1944 479 2122 522 religionis
2137 479 2241 512 fidem

380 523 486 563 uenit,
510 534 612 566 quem
638 525 758 558 beatus
781 526 965 570 Remigius
988 527 1174 570 episcopus
1204 527 1403 570 baptizauit.
1450 527 1518 561 Hic
1551 528 1702 561 construi
1727 529 1814 561 fecit
1843 528 2022 562 basilicam
2045 531 2082 562 in
2109 529 2240 562 honore

380 574 473 608 beati
499 577 595 610 Petri
619 580 854 622 apostolorum
878 580 1048 623 principis
1071 581 1107 612 in
1131 580 1274 614 ciuitate
1305 580 1492 621 Parisiaca,
1516 582 1552 614 in
1576 593 1644 624 qua
1675 582 1775 615 sedes
1805 583 1881 627 ejus
1903 588 1978 615 erat
1989 582 2012 614 ⁴.
2059 581 2242 616 Anastasio
2289 581 2306 614 5

378 629 586 672 imperatore
611 632 792 672 defuncto,
816 634 985 666 successit
1009 634 1042 666 ei
1066 633 1218 676 Justinus
1248 634 1362 667 senior
1375 634 1396 667 ⁵.
1442 635 1506 666 His
1529 635 1632 667 etiam
1658 635 1781 667 diebus
1803 636 1899 678 apud
1922 636 2095 669 Uiennam
2127 635 2241 669 Gallie

379 682 510 722 urbem,
534 685 719 718 multorum
745 687 880 726 domus,
903 687 1004 719 simul
1028 693 1063 720 et
1079 687 1229 720 ecclesie
1245 693 1451 721 terremotus
1468 698 1636 721 concusse
1655 688 1867 721 ceciderunt.
1914 689 1955 721 In
1977 688 2142 722 Paschali
2156 698 2241 722 uero

379 733 569 768 festiuitate
592 736 696 770 beato
728 737 899 771 Mamerto
923 738 1078 781 ejusdem
1106 738 1201 770 urbis
1231 739 1398 782 episcopo
1428 740 1608 772 missarum
1639 739 1807 772 solemnia
1832 739 2040 780 celebrante,
2073 740 2240 783 palatium

377 787 507 830 regale,
533 790 628 832 quod
652 790 689 823 in
713 792 836 824 eadem
867 798 943 824 erat
966 792 1119 831 ciuitate,
1144 792 1265 825 celesti
1297 798 1555 825 concrematum
1586 799 1639 826 est
1662 793 1753 837 igne.
1799 793 1892 836 Lupi
1924 803 2063 836 quoque
2090 794 2148 826 uel
2170 793 2241 825 ursi

379 841 474 873 siluis
496 843 638 886 profugi
661 845 776 878 eidem
801 846 943 878 ciuitate
966 846 1110 877 nimium
1134 851 1303 888 ceperunt
1326 856 1401 878 esse
1417 847 1548 886 infesti,
1571 847 1661 880 adeo
1684 852 1722 878 ut
1745 846 1928 880 multorum
1951 847 2147 880 lacerantes
2163 856 2240 879 cor·
2267 846 2307 878 10

377 904 473 936 pora,
498 897 639 939 propria
662 908 721 931 eos
746 905 913 942 cogerent
936 900 1099 932 deserere
1124 898 1334 932 habitacula.
1380 899 1484 933 Unde
1508 905 1715 933 memoratus
1739 901 1914 938 sacerdos,
1937 900 2146 932 adueniente
2177 899 2240 932 do-

377 947 505 981 minice
528 951 741 984 ascensionis
766 952 822 985 die
840 953 941 990 festo,
959 958 1154 985 conuocato
1169 953 1300 995 populo
1315 953 1512 995 premonuit
1534 963 1639 996 agere
1662 946 1862 986 triduanum
1879 953 2057 997 jejunium,
2073 964 2115 986 ac
2131 952 2240 986 omni-

376 1003 528 1042 potentis
543 1003 609 1036 Dei
625 1013 817 1046 exposcere
841 1006 1055 1049 suffragium.
1104 1005 1416 1049 Appropinquante
1432 1017 1516 1050 ergo
1540 1007 1598 1039 die
1621 1012 1759 1044 statuto,
1785 1007 1950 1040 conuenit
1965 1007 2075 1039 omnis
2091 1006 2242 1049 populus

375 1054 422 1088 ad
444 1056 630 1090 ecclesiam
655 1069 732 1091 cum
756 1060 898 1102 gaudio,
920 1059 1068 1092 letanias
1090 1070 1263 1103 peragens
1286 1070 1365 1092 cum
1387 1060 1550 1093 triduano
1566 1059 1706 1104 jejunio.
1754 1060 1889 1093 Exinde
1912 1061 2073 1093 uniuerse
2089 1059 2240 1093 ecclesie

375 1118 449 1141 mos
472 1110 627 1150 inoleuit‚
651 1118 689 1144 ut
712 1123 734 1145 a
757 1112 892 1145 cunctis
915 1112 1076 1146 fidelibus
1099 1113 1165 1145 hee
1188 1113 1317 1146 letanie
1331 1119 1544 1157 peragantur
1556 1111 1579 1146 ⁶.
1626 1113 1804 1156 Regnauit
1826 1119 1941 1146 autem
1966 1113 2164 1147 Clodoueus
2179 1123 2240 1146 an-
2268 1112 2306 1145 15

378 1162 432 1194 nis
456 1172 531 1195 xxx
554 1163 640 1197 obiit
663 1177 748 1198 uero
779 1176 871 1198 anno
895 1166 1070 1199 dominice
1099 1166 1347 1199 incarnationis
1378 1167 1674 1211 quingentesimo.'
1720 1167 1754 1199 A
1785 1167 1931 1199 transitu
1956 1167 2069 1200 sancti
2098 1166 2241 1200 Martini

375 1225 484 1259 usque
507 1217 554 1250 ad
577 1219 757 1251 transitum
782 1219 889 1262 ipsius
912 1219 1082 1252 Clodouei
1106 1220 1198 1262 regis
1222 1225 1467 1262 computantur
1489 1221 1588 1253 annis
1612 1230 1688 1253 exn
1700 1219 1723 1252 ⁷.
1770 1219 1854 1253 Post
1876 1230 1979 1263 quem
2002 1226 2164 1263 quattuor
2178 1219 2240 1252 filii

374 1268 460 1312 ejus,
483 1269 576 1303 idest
590 1271 835 1305 Theodericus
849 1272 940 1305 filius
964 1273 1048 1315 ejus,
1065 1279 1100 1305 et
1116 1273 1363 1313 Clodomirius‚
1381 1273 1638 1312 childebertus,
1655 1279 1760 1316 atque
1777 1273 1975 1306 Clotharius
1990 1284 2133 1318 regnum
2148 1274 2242 1305 inter

374 1331 411 1354 se
428 1333 519 1366 equa
534 1324 636 1357 lance
659 1325 820 1358 diuidunt
831 1324 854 1358 ⁸.
903 1326 948 1358 Et
963 1326 1206 1359 Theodericus
1223 1326 1364 1369 quidem
1380 1327 1499 1359 sedem
1515 1326 1615 1370 regni
1631 1327 1771 1359 sortitus
1786 1333 1838 1359 est
1851 1327 1989 1365 meatis3
2006 1325 2240 1360 Clodomirius

373 1374 570 1418 Amelanis,
601 1378 799 1412 Clotharius
830 1379 1025 1419 suessonis,
1057 1378 1306 1412 Childebertus
1336 1379 1499 1418 Parium,
1531 1390 1600 1423 quo
1624 1386 1660 1412 et
1688 1386 1790 1423 pater
1819 1390 1958 1418 eorum;
1983 1391 2052 1423 quo
2081 1386 2239 1423 tempore
2262 1379 2304 1411 20

374 1428 552 1471 Johannes
567 1431 628 1474 qui
643 1442 736 1474 papa
751 1432 938 1465 Hormisde
955 1439 1182 1466 successerat.
1221 1432 1556 1475 Constantinopolim
1575 1434 1620 1467 ad
1636 1433 1880 1476 imperatorem
1895 1434 2068 1477 Justinum
2084 1444 2106 1466 a
2119 1433 2239 1466 Theo-

375 1482 496 1516 derico
520 1484 714 1517 Gothorum
737 1495 821 1529 rege
854 1491 906 1518 est
932 1487 1067 1519 missus.
1114 1485 1276 1519 Prefatus
1308 1492 1419 1519 autem
1451 1485 1674 1519 Clodomirus
1706 1492 1806 1519 oratu
1833 1487 1951 1519 matris
1982 1486 2238 1530 Sigismundum

371 1545 491 1578 regem
507 1537 794 1581 Burgundionum
809 1540 1055 1585 orthodoxum,
1072 1539 1272 1582 benignum,
1290 1539 1440 1572 ecclesie
1458 1540 1514 1573 dei
1531 1539 1697 1572 cultorem
1714 1540 1821 1582 pium,
1838 1540 1959 1582 positis
1972 1540 2118 1578 insidiis,
2134 1539 2240 1582 cepit,

374 1598 522 1632 eumque
546 1601 624 1623 cum
648 1591 728 1624 filiis
751 1593 868 1635 capite
890 1603 1008 1625 cesum
1031 1594 1068 1625 in
1092 1599 1234 1635 puteum
1258 1592 1384 1635 proiici
1408 1593 1518 1638 jussit,
1542 1603 1643 1636 quem
1669 1599 1866 1626 sanctorum
1890 1593 2042 1636 collegio
2065 1593 2240 1626 Christum

374 1643 550 1676 dominum
575 1654 840 1678 connumerasse
854 1646 936 1680 ideo
951 1656 1022 1679 non
1038 1646 1235 1690 ambiguum
1252 1646 1412 1685 habetur,
1429 1647 1524 1689 quod
1540 1645 1783 1679 febricitantes
1807 1646 1945 1690 quique,
1962 1646 1989 1679 si
2006 1657 2070 1689 pro
2085 1645 2239 1679 remedio
2262 1644 2303 1677 25

373 1696 486 1729 anime
508 1697 617 1740 ipsius
641 1698 791 1732 salutare
816 1700 967 1733 fideliter
990 1700 1140 1733 fecerint
1171 1699 1301 1732 offerre
1332 1700 1552 1740 sacrificium,
1577 1700 1740 1733 continuo
1764 1698 1808 1732 ab
1832 1699 2040 1732 infirmitatis
2061 1709 2122 1732 sue
2153 1698 2239 1731 libe-

371 1756 493 1782 rantur
513 1750 735 1785 incommodo
747 1751 769 1785 ⁹.
817 1752 889 1785 Sed
912 1763 982 1786 non
1006 1753 1114 1786 multo
1138 1758 1225 1795 post,
1251 1753 1345 1786 idem
1377 1753 1599 1786 Clodomirus
1622 1764 1641 1786 a
1665 1752 1978 1797 Burgundionibus
2004 1758 2055 1785 est
2077 1753 2115 1784 in
2145 1751 2237 1786 bello

372 1803 511 1836 occisus
524 1802 559 1836 ¹⁰.
594 1804 700 1847 Cujus
723 1805 823 1849 regni
846 1806 975 1838 fortem
999 1806 1196 1839 Clotharius
1212 1805 1322 1838 frater
1337 1805 1410 1850 ejus
1432 1806 1583 1849 accepit,
1607 1806 1680 1849 ejus
1703 1816 1842 1850 quoque
1865 1806 1936 1851 filio
1950 1805 2070 1849 gladio
2086 1805 2237 1849 negauit.

371 1856 614 1890 Theodericus
636 1857 742 1901 igitur
772 1858 988 1891 Francorum
1017 1869 1091 1898 rex,
1122 1869 1225 1902 quem
1249 1869 1353 1901 supra
1384 1859 1613 1899 meminimus,
1638 1869 1716 1892 cum
1747 1860 1816 1904 jam
1842 1868 1932 1891 xxw
1962 1858 2060 1891 annis
2091 1867 2236 1902 regnum

374 1909 638 1943 Theodeberto'
661 1910 733 1943 filio
756 1921 817 1944 suo
834 1912 951 1944 sedem
969 1913 1068 1956 regni
1085 1912 1235 1945 moriens
1250 1912 1399 1955 reliquit.
1448 1911 1520 1951 Qui
1542 1918 1743 1945 mansuetus
1766 1912 1912 1950 cunctis,
1931 1918 2035 1955 atque
2050 1912 2236 1950 modestus,
2261 1912 2303 1945 30

367 1962 498 2006 justitie
523 1973 662 2007 quoque
687 1963 753 1997 fuit
776 1964 937 2008 egregius
958 1965 1170 2004 moderator,
1195 1971 1231 1998 et
1255 1965 1377 2004 cultor,
1395 1966 1605 2009 eloquioque
1630 1965 1792 1998 affabilis.
1838 1965 2106 1998 Theodebertus
2121 1971 2237 1998 autem

371 2016 560 2049 defunctus
584 2022 636 2050 est
659 2028 750 2050 anno
773 2017 873 2061 regni
890 2018 943 2051 sui
960 2018 1232 2061 quartodecimo.
1279 2018 1516 2062 Succeditque
1539 2019 1573 2051 ei
1589 2018 1861 2052 Theodebaldus
1884 2019 1973 2051 filius
1988 2018 2073 2062 ejus,
2090 2019 2145 2050 uir
2159 2018 2235 2062 qui-

371 2066 451 2099 dem
473 2068 541 2100 deo
566 2067 714 2107 deditus,
738 2074 774 2101 et
797 2079 918 2102 seruos
941 2069 1016 2113 ejus
1038 2070 1142 2103 unice
1166 2069 1330 2113 diligens,
1355 2070 1417 2102 sed
1439 2069 1476 2102 in
1500 2080 1580 2103 suos
1604 2069 1766 2104 crudelis.

461 2173 484 2191 2.
503 2166 689 2192 Rhemensem
708 2168 734 2192 B
753 2182 787 2187 —
801 2176 825 2200 5.
839 2168 990 2193 Parisiana
1002 2169 1029 2193 B
1047 2184 1079 2202 —·
1103 2176 1142 2194 10.
1163 2169 1246 2194 siluis
1266 2170 1384 2202 profugi
1403 2177 1496 2194 manco
1514 2170 1545 2194 r'n
1562 2170 1624 2194 AB
1637 2183 1669 2188 —-
1687 2176 1727 2202 ¹5-
1747 2177 1815 2194 mox
1833 2170 1877 2193 C·
1896 2177 1926 2194 ee
1939 2169 1998 2193 AB
2010 2182 2043 2187 —
2060 2168 2101 2194 18.
2115 2168 2232 2194 Chodo-

370 2211 459 2234 mirus
477 2210 502 2234 A
513 2210 539 2234 B
551 2224 584 2229 —
599 2217 639 2243 19.
654 2212 755 2235 mentis
775 2218 868 2235 manca
881 2212 911 2235 in
923 2211 984 2235 AB
1002 2224 1012 2229 —
1033 2210 1227 2236 Chodomlrus
1245 2211 1270 2236 A
1280 2212 1306 2236 B
1324 2225 1357 2230 —
1372 2218 1413 2236 21.
1428 2212 1477 2243 qui
1497 2219 1590 2236 manca
1608 2213 1638 2236 in
1650 2212 1711 2236 AB
1723 2225 1756 2230 —
1770 2219 1811 2236 22.
1832 2211 1995 2236 Gothorum
2016 2219 2080 2244 rege
2091 2211 2119 2235 B
2130 2223 2142 2230 -
2154 2209 2232 2236 Cho·

371 2252 500 2277 domirus
512 2252 573 2276 AB
591 2266 624 2271 -—
646 2260 687 2285 24.
707 2253 747 2277 im
765 2254 854 2277 invece
871 2254 902 2277 di
919 2254 951 2278 in
968 2253 992 2278 C
1007 2267 1040 2272 -—
1061 2253 1102 2278 26.
1123 2254 1243 2279 fecerint
1269 2254 1368 2279 offerre
1391 2253 1415 2277 C
1431 2268 1463 2272 —
1484 2253 1525 2278 28.
1547 2254 1661 2279 necavit
1679 2254 1739 2278 AB
1757 2268 1790 2273 —
1810 2260 1851 2287 30.
1871 2253 1964 2278 sedem
1984 2254 2065 2286 regni
2090 2257 2183 2278 maaca
2201 2254 2232 2278 in

368 2294 430 2318 AB
447 2307 458 2313 -
477 2294 602 2327 reliquid
626 2295 649 2319 C
665 2309 698 2313 —
718 2302 760 2327 31.
782 2295 839 2320 fuit
862 2297 992 2328 egregius
1012 2296 1107 2321 cultor
1126 2298 1154 2321 et·
1172 2297 1284 2330 egregie
1303 2296 1467 2321 moderator
1489 2295 1513 2320 C

462 2374 469 2390 ¹
490 2374 665 2400 Gmmmuus
684 2376 886 2405 Ttmommst,
905 2375 939 2405 Π,
959 2384 986 2408 p.
1005 2375 1053 2400 88:
1074 2379 1175 2401 mortuo
1204 2377 1277 2401 Chil—
1334 2375 1348 2389 “
1359 2376 1407 2401 sed
1426 2378 1453 2401 et
1471 2383 1621 2401 cervorum
1634 2377 1662 2401 et
1675 2376 1808 2410 luporum
1822 2376 1921 2401 feritas
1934 2378 2030 2409 portas
2045 2377 2172 2409 ingressa
2184 2383 2234 2410 per

371 2417 457 2441 aerico
475 2419 598 2449 regnavit
621 2417 814 2442 chlodovechus
827 2417 908 2450 filius
928 2418 992 2442 eius.
1334 2418 1348 2432 “
1358 2420 1510 2443 totam....
1530 2419 1627 2443 urbem
1644 2419 1719 2443 nihil
1740 2420 1867 2443 metuens
1888 2419 2098 2443 oberrabat....
2117 2418 2232 2443 adveni-

461 2457 471 2474 ἵ
490 2458 576 2487 lnam.
597 2467 643 2492 pp.
665 2459 760 2493 88-89=
774 2459 928 2488 Remmius,
939 2463 1047 2484 sanctus
1059 2460 1212 2492 Remegr'us,
1226 2461 1277 2485 Re·
1334 2461 1346 2474 “
1357 2462 1471 2485 entibus
1489 2460 1633 2494 paschalis
1652 2462 1859 2486 sollemnitatis
1879 2461 1987 2490 diebus,
2000 2461 2168 2493 expectabat
2180 2461 2233 2485 mi-

371 2501 468 2525 mam-is
486 2502 562 2525 urbis
580 2502 723 2534 episcopus.
1013 2508 1015 2510 '
1333 2503 1346 2516 “
1357 2504 1541 2528 seriem-diam
1560 2503 1615 2528 Dei
1634 2504 1713 2537 plebs
1733 2505 1795 2528 tota
1816 2505 1924 2533 devote,
1945 2505 1977 2527 ut
1997 2503 2040 2527 vel
2054 2503 2102 2527 hic
2116 2510 2233 2536 magnae

460 2541 471 2557 ³
490 2543 576 2572 IDEM,
597 2552 623 2576 p.
642 2551 693 2576 902
716 2543 896 2568 Chrotchildis
909 2545 975 2576 filia
996 2545 1150 2576 chilperici.
1333 2545 1561 2570 “sollemnitatis
1576 2545 1636 2570 dies
1650 2546 1716 2570 huic
1736 2547 1839 2570 terrori
1859 2547 2013 2570 terminum
2033 2545 2141 2570 darent.
2177 2543 2232 2570 Sed
2261 2551 2293 2576 25

460 2582 471 2599 ⁴
491 2584 578 2614 Ioum,
598 2593 623 2618 p.
643 2592 686 2617 90,
707 2585 756 2609 lib.
783 2585 816 2613 ΙΙ,
837 2592 886 2617 43:
912 2585 965 2610 ffl‘s
991 2585 1212 2618 (Chlodovechus)
1238 2587 1276 2610 ita
1333 2588 1346 2601 ‘¹
1358 2588 1388 2612 in
1403 2588 1464 2620 ipsa
1478 2587 1622 2620 gloriosae
1638 2589 1732 2613 noctis
1746 2589 1858 2621 vigilia,
1869 2588 1935 2613 dum
1949 2588 2100 2612 missarum
2111 2587 2231 2613 celebra·
2279 2603 2280 2606 ,

369 2627 511 2650 transactis
529 2627 603 2658 apud
619 2627 742 2651 parisius
760 2628 835 2655 obiit,
849 2627 1018 2659 sepultusque
1036 2628 1065 2651 in
1085 2627 1194 2651 basilica
1207 2627 1276 2651 San·
1332 2629 1345 2642 ‘³
1357 2632 1453 2654 rentur
1464 2630 1612 2657 solemnia,
1627 2622 1723 2655 subito
1733 2631 1873 2663 palatium
1885 2630 1978 2663 regale
1989 2630 2231 2654 intramuraneum

369 2669 471 2691 etonem
488 2669 683 2700 Apostolorum,
706 2676 786 2700 quom
812 2676 872 2693 cum
894 2668 1083 2693 chrodechilde
1102 2670 1197 2701 regina
1222 2670 1275 2700 ij>se
1332 2671 1459 2696 “divino
1485 2672 1551 2705 igne
1577 2673 1759 2698 succenditur
1777 2674 1864 2704 etc.„.

369 2712 560 2735 construxerat.
1418 2712 1428 2729 ⁷
1447 2713 1535 2743 IDEM,
1554 2714 1602 2745 IV,
1623 2722 1664 2747 51,
1686 2722 1711 2747 p.
1736 2713 1795 2739 188.

459 2750 470 2766 ⁵
490 2752 613 2776 Historia
633 2754 767 2782 Wscello,
787 2762 813 2787 p.
832 2753 892 2786 356.
1418 2754 1428 2771 ⁸
1447 2756 1534 2786 lnam,
1552 2756 1601 2788 ΙΙΙ,
1620 2763 1631 2781 1
1651 2757 1690 2790 (p.
1711 2755 1789 2790 109)=
1812 2756 1981 2781 “Defuncto
2002 2758 2091 2789 igitur
2104 2755 2230 2781 Chlodo-
2258 2763 2294 2789 30

459 2792 471 2809 ⁶
490 2793 666 2820 Gamomus
678 2796 882 2824 Tunonazsms,
895 2796 929 2824 Π,
945 2804 986 2829 34.
1007 2804 1033 2829 p.
1053 2804 1085 2829 97
1101 2805 1149 2830 ag„
1164 2799 1274 2829 riporta
1331 2798 1345 2811 “
1357 2799 1444 2823 vecho
1471 2800 1544 2831 regis
1570 2802 1706 2831 quattuor
1731 2799 1786 2823 filii
1812 2799 1880 2827 eius,
1902 2799 1930 2823 id
1958 2801 2000 2823 est
2026 2798 2230 2827 Theudoricus,

371 2835 406 2859 da
425 2836 527 2866 Avrrx,
545 2836 690 2868 Epis-solae,
711 2845 734 2866 2,
754 2845 779 2870 3,
800 2837 848 2862 28:
871 2838 993 2863 “Refert
1013 2841 1088 2863 enim
1110 2840 1139 2863 in
1154 2840 1273 2871 quadam
1331 2840 1565 2872 “Chlodomeris,
1591 2842 1791 2867 Childebertus
1811 2844 1895 2874 atque
1915 2840 2164 2870 chlothacharius.
2191 2848 2230 2865 re-

373 2877 387 2890 “
398 2878 507 2907 omilin,
528 2886 611 2910 quam
631 2879 665 2904 de
679 2881 880 2912 rogationibus
899 2882 1024 2913 scripsit,
1038 2881 1089 2905 hos
1104 2883 1179 2914 ipsas
1194 2889 1273 2914 roga·
1331 2883 1442 2917 “gnum
1453 2886 1514 2909 eius
1528 2885 1675 2916 accipiunt
1688 2886 1716 2909 et
1729 2885 1805 2909 inter
1815 2891 1844 2909 se
1855 2891 1941 2916 aequa
1956 2884 2048 2908 lantIa
2062 2883 2229 2915 dividunt„.

373 2919 499 2948 “tiones.
522 2929 591 2953 quas
618 2924 683 2947 ante
709 2923 885 2947 ascensionis
910 2923 1073 2948 dominicae
1098 2925 1273 2957 triumphum
1417 2924 1428 2942 ⁹
1446 2926 1533 2953 IDEM.
1553 2926 1602 2956 ΠΙ,
1622 2934 1646 2959 5,
1666 2933 1693 2959 p.
1716 2933 1774 2951 112.

373 2962 596 2992 “caelebramus‚
611 2972 624 2988 a
640 2964 779 2990 Mamerto
801 2967 892 2998 ipsius
911 2965 1084 2990 Viennensis
1103 2967 1182 2991 urbis
1201 2968 1273 2999 epis·
1408 2966 1430 2984 ¹⁰
1450 2968 1535 2997 IDEM,
1554 2968 1601 2998 111,
1622 2968 1645 2997 6,
1667 2976 1692 3001 p.
1715 2975 1774 3001 114.
2259 2973 2291 2998 35

373 3004 386 3017 “
400 3013 479 3038 copo,
499 3008 600 3032 etc....
620 3007 692 3031 Nam
716 3010 806 3033 terrae
826 3010 905 3032 moto
924 3008 1064 3040 frequenti
1086 3010 1275 3040 quatiebatur,
