2398 3470
2032 253 2108 279 Mun„
2123 261 2143 277 c.
2161 255 2198 280 1⁹⁶

143 251 227 289 [ΑΛ.
246 251 280 280 c.
300 251 498 287 naz-1140]
728 235 1021 283 ROMUALm
1047 244 1413 282 SALERNITANI

145 368 306 402 iuuenem
329 368 374 402 de
397 368 488 401 Baro
511 367 707 407 oriundum,
729 367 840 400 uirum
863 367 982 411 utique
1004 367 1195 401 facundum
1217 368 1300 400 satis
1314 367 1498 410 prouidum
1513 373 1549 401 et
1564 367 1765 406 discretum,
1781 366 1893 410 primo
1908 367 1996 400 scri-

144 421 304 461 niarium,
327 421 456 455 dehinc
479 420 822 461 uicecancellarium,
844 426 1022 464 postremo
1045 420 1292 454 cancellarium
1315 421 1404 454 fecit
1419 420 1440 454 ⁴.
1484 421 1539 453 De
1563 430 1655 454 nouo
1678 419 1804 453 multos
1824 420 1863 453 in
1886 429 1996 465 regno

144 485 207 508 suo
230 475 377 508 comites
398 475 586 514 ordinauit,
609 475 785 508 ciuitatem
809 474 1063 518 Cephaludium
1087 474 1162 517 ipse
1187 474 1275 507 fecit
1306 474 1473 514 edificari,
1505 474 1542 507 in
1572 484 1641 517 qua
1673 473 1856 507 ecclesiam
1886 474 1996 508 sancti

146 527 338 562 Saluatoris
361 528 518 571 pulcram
540 529 624 562 satis
646 534 682 561 et
704 528 896 571 speciosam
919 527 990 560 suis
1012 527 1207 571 sumptibus
1228 527 1316 561 fecit
1338 527 1506 566 construi,
1530 527 1589 561 cui
1611 527 1790 560 ciuitatem
1821 526 1946 570 optulit
1960 534 1996 561 et

49 606 51 611 .
103 583 122 615 5
146 582 221 615 eius
243 582 394 615 seruicio
419 580 646 625 deputauit''.
2072 593 2186 617 1131-1148

145 694 291 719 conditori
311 702 363 719 suo
382 695 416 719 de
435 694 551 719 collatis
570 694 715 719 beneficiis
734 695 865 727 Ingratus
882 693 991 723 extitit,
1011 695 1039 718 et
1058 694 1116 726 regi
1138 693 1234 718 celesti
1255 693 1360 718 malum
1375 702 1426 727 pro
1439 694 1515 718 bono
1529 693 1670 726 rependit,
1683 695 1787 718 merito
1801 695 1906 718 terreni
1922 695 1997 727 regis

145 738 216 762 iram
234 738 263 761 et
283 737 514 770 indignationem
532 738 664 762 Incurrit.
701 737 755 761 Hic
773 738 850 761 enim
869 736 920 761 sub
938 735 1061 761 clamide
1080 736 1231 760 christiani
1251 736 1380 761 nominis
1394 736 1506 761 diaboli
1520 736 1641 761 militem
1654 736 1770 769 gerebat
1788 736 1996 766 absconditum,

144 781 174 805 et
191 786 255 804 cum
274 780 368 812 specie
386 777 446 813 [spe
467 778 505 813 C]
525 782 608 804 tenus
627 787 656 804 se
675 786 734 804 esse
752 779 942 804 christianum
961 778 1132 810 ostenderet,
1152 779 1230 803 totus
1255 780 1316 803 erat
1335 780 1428 804 mente
1447 780 1476 803 et
1500 786 1585 812 opere
1609 777 1796 808 Sarracenus;
1821 779 1996 804 christianos

36 844 44 857 4
145 821 254 853 oderat,
273 828 399 854 paganos
418 822 573 855 plurimum
594 822 741 855 diligebat,
761 822 816 847 Dei
834 821 969 846 ecclesias
989 821 1100 845 inuitus
1121 821 1256 850 lntrabat,
1275 822 1428 854 sInagogas
1448 821 1669 853 malignantium
1695 818 1932 854 [malignancium
1961 819 1998 855 C]

45 872 57 883 r
99 872 114 898 5
145 865 283 889 uisitabat
302 863 479 895 frequentius
497 862 691 899 [frequencius
713 862 759 898 cl,
778 866 807 889 et
825 865 867 889 eis
885 863 981 888 oleum
1001 863 1036 888 ad
1049 863 1250 888 concinnanda
1264 863 1418 888 luminaria
1431 865 1460 888 et
1473 870 1526 895 que
1539 865 1621 888 erant
1634 865 1791 888 necessaria
1805 864 1997 889 ministrabat.

144 904 328 932 Christianas
346 908 519 932 traditiones
539 904 725 941 [tradicIones
748 904 784 940 C]
804 906 919 939 penitus
937 912 1081 939 respuens,
1099 905 1130 930 in
1151 905 1249 930 diebus
1268 905 1389 930 Ueneris
1403 907 1430 930 et
1443 906 1656 938 quadragesime
1669 913 1766 930 carnes
1779 906 1924 931 comedere
1937 913 1996 931 non

145 949 292 978 cenabatg
310 950 430 974 nuntios
450 948 584 982 [nuncios
607 946 644 982 C]
663 955 731 973 suos
749 956 812 973 cum
831 947 1028 973 oblat10nibus
1047 948 1082 972 ad
1102 948 1262 980 sepulcrum
1286 948 1452 981 Magumeth
1479 949 1604 976 miserat,
1627 950 1655 972 et
1681 955 1710 972 se
1735 947 1912 973 sacerdotum
1938 948 1997 974 loci

144 991 226 1016 illlus
245 992 428 1017 orationibus
447 991 601 1024 plurimum
621 991 878 1016 commendauerat.
916 989 989 1016 Cum
1007 991 1102 1015 autem
1120 990 1170 1014 hec
1189 991 1217 1015 et
1236 991 1295 1015 alia
1322 990 1403 1015 illius
1429 991 1542 1019 scelera,
1567 998 1620 1022 que
1646 991 1698 1015 sub
1722 991 1821 1015 umbra
1845 991 1998 1016 chrlstiani

145 1035 274 1059 nominis
292 1034 441 1067 palliabat,
461 1034 495 1059 ad
515 1041 595 1059 aures
614 1035 688 1067 regIs
707 1033 827 1067 Rogeril
845 1034 1050 1067 pemeuIssent,
1071 1040 1137 1057 usus
1150 1032 1211 1058 zelo
1224 1033 1288 1063 Dei,
1301 1035 1343 1058 set
1357 1031 1409 1067 [sic
1421 1031 1458 1067 B]
1473 1033 1625 1058 secundum
1639 1040 1719 1058 suam
1732 1033 1881 1058 scientiam
1895 1031 1998 1068 [scien-

146 1077 221 1101 ciam
241 1074 279 1110 C]
298 1077 368 1101 fecit
385 1077 471 1101 iilum
489 1076 524 1101 de
543 1077 755 1110 prenominatis
774 1075 942 1101 criminibus
963 1077 993 1099 in
1013 1082 1063 1100 sua
1082 1075 1162 1100 curia
1181 1076 1341 1100 conueniri.
1379 1075 1507 1108 Cumque
1527 1075 1577 1100 ille
1596 1077 1630 1100 de
1649 1076 1724 1108 regis
1743 1076 1837 1108 gratia
1856 1077 1884 1100 et
1903 1084 1997 1101 amore

144 1119 275 1148 confisus,
294 1119 509 1144 accusatoribus
529 1119 588 1144 suis
606 1119 734 1144 uiriliter
752 1118 935 1151 responderet
954 1119 982 1143 et
1001 1125 1055 1150 que
1073 1118 1128 1143 sibi
1149 1118 1260 1143 obiecta
1281 1118 1402 1147 fuerant,
1427 1119 1571 1150 tamquam
1599 1118 1670 1143 falsa
1695 1119 1811 1151 penitus
1838 1118 1997 1152 denegaret,

143 1163 281 1194 operante
300 1161 402 1187 diuina
422 1161 534 1186 iustitia
554 1159 682 1195 [iusticia
705 1159 752 1195 cl,
771 1162 950 1186 accusatores
968 1167 1010 1192 ea,
1029 1167 1084 1192 que
1103 1161 1238 1185 dixerant
1256 1167 1322 1185 uera
1342 1167 1401 1185 esse
1419 1160 1546 1185 fidelium
1565 1160 1717 1185 hominum
1736 1161 1904 1185 testimonio
1924 1169 1997 1185 com-

143 1203 311 1235 probarunt.
347 1203 500 1236 Phillppus
518 1204 614 1228 autem
633 1204 797 1228 conuictum
816 1209 845 1228 se
863 1209 922 1227 esse
941 1202 1134 1234 considerans,
1155 1203 1230 1234 regis
1250 1202 1395 1227 iusticiam
1408 1203 1544 1232 metuens,
1557 1203 1636 1235 capit
1649 1202 1762 1227 ueniam
1776 1203 1870 1236 petere
1882 1204 1911 1227 et
1923 1203 1997 1235 regis

144 1245 374 1270 misericordiam
393 1245 548 1278 postulare,
566 1246 595 1270 et
607 1245 642 1270 de
654 1246 749 1270 cetero
763 1245 890 1270 futurum
903 1252 931 1269 se
944 1251 1004 1269 esse
1017 1244 1206 1269 christianum
1219 1244 1392 1269 catholicum
1406 1245 1614 1278 repromittere.
1651 1244 1732 1269 Tunc
1746 1251 1795 1269 rex
1807 1244 1874 1269 fidei
1886 1245 1998 1270 flamma

143 1294 302 1318 succensus,
320 1295 508 1321 prorumpens
526 1288 558 1312 in
577 1287 719 1318 lacrimas,
738 1288 798 1312 ait:
821 1287 834 1300 “
844 1287 953 1312 Noscat
965 1289 1060 1312 uestra
1072 1286 1197 1311 fidelitas
1210 1284 1388 1320 [svprascrmo
1399 1294 1447 1311 con
1460 1286 1603 1311 tnchtostro
1614 1287 1729 1312 sbiaatto
1745 1284 1791 1320 C],
1806 1287 1998 1316 dilectissimi,

145 1329 245 1362 “quod
263 1331 378 1355 animus
396 1336 474 1354 meus
493 1329 619 1354 maximo
638 1329 740 1354 dolore
758 1330 970 1363 compungitur,
990 1330 1019 1353 et
1037 1330 1150 1361 magnis
1170 1328 1318 1354 iracundie
1337 1326 1484 1362 [racundie
1502 1329 1534 1353 di
1545 1329 1639 1361 prima
1657 1336 1734 1353 mano
1755 1329 1785 1360 C,
1803 1329 1933 1362 aggtunto
1951 1337 1998 1354 con

145 1371 311 1397 “rubium
328 1372 442 1397 sbiadito
461 1370 482 1405 i]
500 1372 626 1396 stimulis
645 1373 780 1404 agitatur,
801 1372 868 1404 quia
886 1371 933 1396 hic
951 1371 1085 1396 minister
1104 1378 1190 1401 meus,
1209 1379 1290 1403 quem
1309 1378 1326 1396 a
1345 1378 1432 1404 puero
1446 1372 1620 1396 enutrieram
1633 1372 1665 1396 ut
1677 1371 1860 1403 catholicum,
1873 1373 1997 1404 peccatis

146 1414 160 1428 “
170 1415 230 1439 suis
247 1415 439 1448 exigentibus,
458 1416 593 1439 inuentus
611 1416 654 1439 est
672 1413 867 1444 Sarracenum,
886 1415 914 1439 et
933 1413 1105 1439 Sarracenus
1123 1415 1152 1438 et
1170 1414 1220 1438 sub
1241 1415 1356 1438 nomine
1380 1413 1446 1439 fidei
1471 1421 1557 1446 opera
1581 1413 1765 1439 infidelitatis
1790 1414 1926 1439 exercuit.
1962 1414 1999 1439 Et

145 1457 283 1490 ‘quidem
302 1458 326 1481 si
347 1457 524 1482 malestatem
542 1458 671 1482 nostram
691 1458 722 1481 in
741 1457 823 1481 rebus
843 1456 909 1481 aliis
928 1456 1106 1481 offendisset:
1127 1458 1150 1481 si
1170 1456 1295 1481 thesauri
1316 1457 1408 1481 nostri
1432 1458 1543 1489 partem
1567 1456 1636 1481 licet
1661 1457 1785 1481 maxima
1810 1458 1998 1490 exportasset,

146 1499 161 1513 Β
171 1501 287 1525 seruicil
308 1501 351 1525 sui
371 1500 524 1525 recolenda
543 1501 680 1525 memoria
698 1507 752 1532 pro
771 1501 849 1525 certo
869 1499 943 1532 apud
963 1507 1015 1524 nos
1035 1501 1242 1532 promereretur
1262 1499 1385 1530 uenlam,
1404 1501 1431 1524 et
1450 1500 1575 1532 gratlam
1595 1500 1783 1532 impetrasset.
1819 1498 1868 1524 Set
1881 1500 1947 1532 quia
1967 1501 1997 1524 in

143 1542 158 1556 ³
169 1543 246 1567 facto
266 1550 318 1567 suo
337 1542 540 1576 principaliter
559 1540 752 1576 [pricipaliter
770 1543 802 1566 dl
813 1542 907 1574 prima
925 1549 1002 1566 mano
1019 1542 1149 1574 aggravato
1168 1549 1185 1566 n
1205 1541 1246 1566 col
1262 1540 1337 1566 solito
1355 1542 1496 1566 inchiostro
1513 1541 1625 1566 sbiadlto
1647 1539 1684 1575 C]
1703 1542 1824 1567 offendit
1845 1542 1945 1572 Deum,
1970 1544 1998 1567 et

145 1584 160 1598 ⁴‘
170 1585 239 1609 aliis
257 1584 396 1617 peccandi.
414 1586 562 1610 materiam
582 1584 695 1618 prebuit
714 1586 742 1609 et
760 1584 930 1616 exemplum,
950 1586 1046 1609 nostre
1067 1582 1238 1618 [exemplum
1257 1590 1290 1608 ac
1310 1585 1408 1608 nostre
1426 1581 1462 1617 B]
1482 1583 1547 1608 fidei
1570 1584 1706 1608 iniuriam
1725 1586 1754 1608 et
1766 1584 1923 1609 christiane
1935 1584 2000 1609 reli—

146 1626 160 1640 ¹‘
170 1628 269 1661 gionis
289 1627 424 1652 offensam
444 1628 564 1660 proprio
582 1627 644 1652 filio
664 1634 722 1652 non
743 1628 915 1652 remitterem
937 1633 988 1651 nec
1007 1626 1126 1651 cuilibet
1144 1627 1278 1659 proximo
1297 1627 1464 1651 relaxarem.
1500 1625 1532 1651 In
1552 1627 1607 1651 hoc
1627 1627 1705 1652 facto
1724 1628 1801 1651 totus
1816 1627 1937 1652 mundus
1951 1627 1998 1651 ad-

145 1669 271 1701 ‘'discat,
292 1669 369 1702 quod
389 1670 576 1694 christianam
594 1669 676 1694 fidem
696 1671 758 1694 tota
778 1667 883 1703 [totam
904 1667 943 1703 C]
961 1669 1109 1694 affectione
1128 1669 1221 1702 diligo
1242 1670 1270 1694 et
1288 1670 1348 1693 eius
1367 1669 1505 1693 iniuriam
1524 1670 1611 1693 etiam
1632 1670 1661 1693 in
1682 1670 1832 1694 ministros
1847 1671 1921 1694 meos
1935 1670 1997 1694 uin-

147 1712 161 1725 “
171 1712 266 1737 dicare
286 1719 344 1736 non
365 1719 451 1737 cesso.
489 1711 637 1745 Exurgant
657 1713 747 1745 igitur
765 1712 850 1745 leges,
863 1714 890 1736 et
906 1714 1004 1737 nostra
1018 1713 1080 1736 iura
1092 1718 1158 1736 ense
1170 1711 1307 1743 equitatis
1320 1713 1474 1742 armentur,
1487 1713 1516 1736 et
1528 1711 1680 1736 inimicum
1692 1711 1759 1736 fidel
1773 1713 1887 1736 iusticie
1899 1711 1998 1744 gladio

144 1754 159 1768 “
170 1754 285 1786 feriant,
304 1756 333 1779 et
351 1762 400 1788 per
418 1754 471 1779 hoc
492 1754 654 1779 infidelibus
672 1755 802 1787 laqueum
819 1755 939 1779 terroris
959 1754 1098 1779 inducant
1109 1773 1132 1786 ῃ.
1169 1754 1251 1778 Tunc
1270 1754 1390 1779 comites
1409 1754 1565 1778 iusticiarii
1583 1754 1706 1779 harones
1725 1756 1754 1779 et
1773 1754 1880 1779 iudices
1895 1754 1944 1787 qui
1957 1754 1997 1779 lbi

112 1805 115 1814 ·
144 1797 270 1829 aderant,
291 1797 398 1822 iustum
418 1798 492 1830 regis
512 1798 638 1822 animum
659 1797 854 1827 adtendentes,
872 1797 960 1822 tracti
978 1796 1010 1821 in
1030 1798 1147 1829 partem,
1167 1796 1216 1821 diu
1236 1797 1419 1821 comunicato
1439 1796 1573 1827 consino,
1594 1797 1766 1821 sententiam
1785 1796 1929 1821 dictauere
1954 1797 1998 1821 di-

44 1111 46 1113 r
83 1083 116 1103 xo

79 1505 115 1524 ²⁰

79 1717 112 1744 σε

109 1878 113 1881 ’
141 1886 155 1901 ¹1
165 1885 195 1912 αι
214 1885 315 1912 sicma
325 1905 349 1918 „.
379 1886 401 1911 E
413 1885 467 1911 11³1<
479 1883 613 1915 ulman,
626 1885 698 1911 Bm.
711 1885 838 1916 Ar.-Stc.‚
852 1887 910 1915 ext„
927 1885 963 1915 11,
977 1892 1043 1919 ηρ,

2 1948 19 1966 r.
31 1937 35 1969 ‘i

3 1976 12 2009 ³¹.-
20 1974 41 1998 j
78 1977 114 2004 ³0

1 2189 27 2235 22
78 2191 111 2218 ³⁵

78 2613 111 2641 45

26 2842 30 2846 ,
79 2823 113 2851 5ο

143 1928 156 1942 “
169 1947 176 1955 .
188 1945 212 1954 ..
225 1929 266 1954 ‚il
286 1937 324 1958 re,
344 1936 404 1954 non
423 1928 654 1963 perdonandogli
674 1929 703 1953 la
723 1928 942 1953 mansuetudine
960 1929 1041 1953 usata

140 1971 248 1996 “verso
268 1972 276 1996 i
297 1971 472 1996 Musulmani
493 1971 523 1996 in
543 1970 632 2000 Bona,
652 1971 681 1995 lo
702 1969 889 2003 Imprigiono.
926 1970 968 1995 Fu
990 1978 1040 2004 po-

141 2013 156 2027 “
168 2015 226 2040 scia
246 2015 377 2039 accusato
397 2014 516 2047 Filippo
537 2015 567 2038 in
588 2014 707 2038 materia
735 2013 763 2038 di
792 2013 942 2045 religione,
967 2013 1040 2038 onde

142 2056 175 2080 “i
196 2056 317 2081 vescovi
336 2056 369 2081 ed
391 2057 399 2080 i
419 2057 493 2088 preti
515 2057 647 2088 ragunati
670 2054 732 2088 [per
750 2052 927 2088 giudicarlo]
953 2055 983 2079 lo
1003 2055 1041 2079 se-

142 2097 157 2111 ¹‘
167 2106 232 2124 cero
251 2098 382 2124 bruciare
392 2117 416 2132 ῃ.

230 2141 271 2166 Mi
291 2148 342 2175 par
361 2142 431 2166 bene
452 2141 481 2166 di
501 2141 656 2171 ricordare,
678 2139 778 2174 perche
804 2146 863 2164 non
889 2147 981 2165 messo
1006 2141 1042 2165 da

139 2184 246 2210 alcuno
267 2185 295 2209 in
317 2184 465 2216 evidenza,
485 2184 537 2210 che
556 2183 646 2209 anche
665 2181 717 2217 plu
736 2183 811 2208 tardi
828 2184 835 2207 i
851 2183 904 2207 due
918 2183 1041 2208 eunuchi

139 2225 282 2252 mccardo
290 2226 383 2259 Regio
397 2227 522 2252 Maestro
536 2225 702 2251 Camerario
713 2227 742 2251 di
754 2226 873 2251 Paiazzo
883 2233 898 2250 e
911 2226 1040 2251 Martino

139 2267 231 2303 Regio
249 2268 425 2298 Camerario‚
445 2269 466 2293 il
486 2269 569 2302 quale
588 2269 619 2293 in
639 2275 678 2293 un
695 2276 783 2302 grave
801 2269 948 2293 momento
972 2268 1041 2293 ebbe

140 2310 253 2336 affidata
271 2311 308 2336 da
322 2319 350 2336 re
369 2309 534 2344 Guglielmo
553 2311 566 2336 1
584 2311 612 2335 ia
632 2311 764 2335 custodia
782 2310 858 2335 della
877 2308 949 2335 citt&
967 2317 982 2335 e
995 2310 1040 2335 del

139 2353 262 2379 Palazzo
281 2353 356 2378 reale
375 2353 406 2378 dl
424 2353 566 2382 Palcrmo,
586 2353 612 2378 al
633 2353 679 2377 dir
698 2353 742 2378 del
763 2352 910 2377 Faicando
922 2353 973 2385 (ap.
986 2353 1040 2382 cte..

140 2402 168 2429 p.
187 2396 242 2428 23),
262 2397 366 2421 “come
386 2396 458 2421 tutti
475 2396 518 2429 gli
539 2396 608 2421 altri
626 2395 750 2421 eunuchi
769 2402 838 2420 eran
857 2396 988 2421 cristiani
1010 2396 1039 2420 di

141 2436 156 2451 ⁸
167 2444 251 2463 nome
270 2445 315 2463 ma
335 2438 463 2463 saraceni
483 2438 514 2463 di
540 2438 615 2463 fatto
627 2447 655 2471 ,ς
682 2438 718 2463 cf.
739 2437 866 2467 Ganusr,
896 2437 1009 2463 συκίνη.
1027 2445 1040 2461 e

139 2482 236 2505 coeam
255 2481 313 2509 cit..
333 2487 380 2513 pp.
401 2488 435 2514 49
454 2487 469 2505 e
489 2486 530 2512 50.

230 2521 237 2537 ¹
258 2522 297 2547 Su
317 2522 434 2547 Maione
451 2522 532 2555 tigllo
551 2522 581 2547 di
601 2522 660 2547 Leo
680 2522 713 2547 de
731 2521 821 2547 ReIza
841 2522 870 2546 di
890 2522 955 2546 Bari
975 2529 991 2546 e
1009 2521 1038 2546 di

139 2563 264 2597 Kyuriza
283 2572 301 2590 ο
320 2564 437 2594 eun-aza,
456 2565 502 2594 cf„
515 2565 590 2590 oltre
602 2565 717 2595 Amas,
730 2564 770 2589 Se.
783 2564 830 2588 dei
840 2563 980 2595 Massam„
991 2562 1040 2593 111,

139 2605 194 2639 466
211 2615 227 2632 e
249 2615 304 2640 sg.=
330 2608 487 2638 Hau-ww,
512 2607 551 2632 Ra
577 2606 729 2640 θυμίαμα
747 2606 767 2631 Ι
779 2615 793 2631 e
816 2606 841 2632 ΙΙ
862 2613 910 2631 suo
931 2607 1040 2639 pande

139 2650 319 2682 Anmtraguo
336 2649 444 2684 Masone
462 2651 493 2675 du*
508 2650 587 2679 Bari,
608 2651 638 2674 in
664 2649 775 2674 Arch.
800 2649 853 2674 St.
878 2649 1039 2682 Napole·

139 2692 241 2719 tano,
261 2691 380 2725 Napoii,
401 2690 478 2725 1883,
497 2689 589 2724 (vm)
608 2699 634 2724 p.
654 2697 705 2724 45²
725 2698 741 2715 e
760 2698 818 2724 aga
839 2690 873 2716 G.
899 2690 931 2716 Β.
955 2690 1038 2716 Sum-

139 2739 225 2763 GvsA,
244 2733 272 2758 11
287 2741 368 2767 regno
386 2734 418 2758 dt
436 2733 587 2766 Guguelnm
606 2734 626 2759 Ι
639 2734 669 2758 in
687 2733 793 2763 Sia-ma,
806 2733 946 2762 Palermo,
962 2731 1038 2766 1885,

140 2776 196 2800 vol.
215 2775 229 2800 Ι
246 2782 262 2800 e
280 2776 320 2805 11;
339 2776 376 2801 A.
395 2774 568 2805 Guamm,
592 2776 633 2802 Un
647 2777 753 2808 grande
770 2777 876 2801 :musta
888 2776 986 2801 Banu
997 2775 1041 2799 del

138 2818 219 2843 recolo
235 2818 299 2843 xl!
311 2819 418 2844 vimmo
435 2817 559 2844 delvoddo
570 2817 693 2850 sandala,
711 2818 811 2851 Tranl,
835 2817 910 2852 1889.

222 2860 276 2887 Nel
289 2861 456 2886 documenti
469 2861 499 2886 io
512 2862 657 2887 troviamo
669 2861 831 2887 scriniarius
842 2869 892 2894 per
906 2861 934 2886 ia
947 2861 1039 2894 prima

139 2903 222 2928 volta
240 2903 263 2928 il
286 2902 318 2929 18
337 2903 450 2929 ottobre
470 2910 547 2936 1144,
567 2902 695 2933 Casran.
714 2904 780 2937 Reg.
800 2911 829 2930 n.
850 2910 897 2938 171
918 2911 934 2928 e
953 2911 969 2937 3
989 2911 1039 2929 no-

139 2946 253 2971 vembre
272 2946 349 2971 dello
369 2947 460 2971 stesso
480 2953 558 2971 anno
577 2945 716 2979 (Gutum,
736 2945 756 2971 1
768 2947 823 2972 doc.
841 2947 912 2971 (ned.
934 2945 1039 2979 delius.

138 2987 241 3017 Nom„
261 2996 288 3022 p.
308 2986 363 3021 50),
382 2987 440 3012 flno
459 2987 487 3013 ai
509 2986 577 3020 1148
595 2987 664 3013 feb.:
683 2988 755 3013 Data
772 2988 804 3013 ἐκ
821 2989 886 3012 urbe
910 2988 1042 3013 Panormi

0 3007 28 3017 '⁷
79 3031 111 3059 55
133 3031 187 3061 per
204 3036 300 3053 manus
317 3028 434 3054 Matones
450 3028 599 3060 xrs-caru,
624 3029 690 3061 qula
713 3028 843 3054 Rom
864 3029 1041 3055 cancellar-tu

1095 1886 1186 1910 absens
1204 1889 1277 1914 παις
1296 1884 1331 1910 K.
1350 1885 1386 1910 A.
1405 1885 1500 1914 ΚΕΗκ,
1518 1889 1558 1918 op.
1577 1887 1634 1914 cit„
1654 1893 1681 1918 p.
1700 1893 1766 1918 43o;
1786 1885 1913 1914 CASPAR,
1933 1885 1997 1919 Reg.

1097 1937 1124 1954 n.
1145 1926 1204 1961 176.
1240 1927 1330 1953 Come
1349 1927 1612 1953 vice-Cancelliere
1632 1930 1655 1953 si
1676 1929 1713 1953 ha
1727 1928 1839 1953 notizia
1851 1929 1883 1953 in
1897 1935 1935 1953 un
1955 1928 1997 1953 di-

1095 1971 1192 2003 ploma
1204 1970 1249 1995 del
1267 1976 1342 2002 1151,
1356 1972 1542 2003 pervenutoci
1558 1972 1589 1995 in
1603 1971 1688 2003 copia
1701 1971 1747 1996 del
1760 1978 1814 1996 sec.
1827 1970 1902 2000 XVI,
1914 1971 1996 1995 Aren.

1094 2013 1125 2038 di
1147 2013 1222 2038 Scato
1245 2014 1278 2037 at
1298 2013 1407 2045 Napoli,
1433 2013 1555 2038 Processi
1572 2014 1604 2038 dt·
1620 2013 1686 2046 Reg.
1708 2013 1828 2044 Camera,
1853 2013 1912 2038 vol.
1936 2012 1997 2046 630,

1097 2057 1115 2080 f.
1134 2054 1195 2088 694,
1214 2063 1228 2080 e
1248 2056 1395 2081 ricordato
1416 2057 1445 2080 in
1465 2063 1521 2080 una
1540 2058 1670 2089 permuta
1689 2063 1742 2081 con
1756 2055 1903 2088 Ruggiero
1917 2055 1998 2080 abate

1095 2098 1126 2123 di
1145 2098 1239 2123 Banze
1258 2096 1449 2131 (Gumuuunx,
1468 2097 1495 2122 11
1511 2100 1585 2123 conte
1602 2098 1757 2123 Normanno
1775 2097 1905 2123 Riccardo
1919 2098 1997 2122 Sene-

1093 2140 1183 2173 scalco,
1204 2148 1232 2174 p.
1254 2148 1302 2174 ¹¹4
1322 2148 1336 2165 e
1356 2140 1425 2174 sg.);
1444 2140 1572 2170 CASPAR,
1591 2140 1656 2174 Rq.
1677 2148 1704 2165 n.
1725 2147 1786 2173 ²3⁰-

1182 2183 1218 2209 Se
1237 2185 1280 2208 sia
1298 2185 1376 2208 stato
1395 2181 1576 2208 Cancelliere
1602 2184 1647 2208 nel
1674 2185 1770 2216 tempo
1795 2183 1826 2208 di
1852 2183 1997 2217 Ruggiero

1095 2233 1152 2251 non
1173 2227 1339 2259 sappiam03
1359 2234 1412 2251 con
1434 2228 1535 2258 questo
1550 2226 1638 2251 titolo
1652 2226 1679 2251 ia
1693 2226 1785 2259 prima
1798 2226 1880 2251 volta
1893 2228 1997 2259 spunta

2026 2055 2061 2080 60

1096 2270 1126 2293 in
1146 2276 1184 2293 un
1205 2269 1334 2301 diploma
1353 2269 1384 2293 di
1405 2268 1571 2301 Guglielmo
1591 2269 1612 2299 1,
1632 2268 1794 2301 dell'aprile
1809 2268 1998 2301 11543G1me
2025 2270 2058 2302 65

1094 2316 1204 2342 LAUME,
1222 2310 1303 2335 Errat
1319 2311 1465 2342 lu'seorique
1483 2318 1532 2335 sur
1549 2311 1671 2343 I’abbaye
1690 2311 1721 2334 dc
1738 2310 1808 2335 Cava
1821 2310 1865 2335 dei
1879 2310 1997 2341 ssrnm',

1094 2352 1169 2386 App.
1184 2360 1210 2385 p.
1225 2352 1339 2378 XXXV.
1364 2353 1418 2377 Nel
1432 2354 1542 2386 giugno
1556 2353 1633 2377 dello
1647 2354 1737 2378 stesso
1750 2360 1828 2377 anno
1841 2351 1856 2377 ὲ
1868 2354 1999 2377 amiratus

1093 2396 1275 2424 amiratorum.
1302 2395 1393 2425 Cusa,
1413 2395 1430 2419 l
1446 2395 1557 2427 diplomi
1575 2395 1656 2420 Greci
1678 2395 1712 2419 ed
1727 2395 1813 2419 Arabe
1837 2395 1868 2418 di
1892 2394 1998 2424 Sicilia,

1095 2437 1116 2468 I,
1135 2436 1184 2470 3⁶3
1203 2438 1362 2467 SnulousA,
1381 2440 1422 2470 op.
1441 2439 1496 2467 cit..
1521 2438 1542 2467 Ι,
1562 2444 1607 2470 30.

1182 2477 1194 2495 ²
1213 2479 1259 2505 Cf.
1278 2479 1372 2510 Pinax,
1393 2480 1447 2505 Slc.
1467 2479 1538 2511 Suc„
1556 2480 1577 2509 Ι,
1597 2479 1650 2514 389
1662 2487 1677 2504 e
1690 2479 1724 2508 11.
1739 2478 1995 2512 7995JAFrri-Los-

1094 2528 1245 2554 waurin-n,
1266 2522 1331 2555 Reg.
1351 2522 1424 2548 Rom.
1443 2523 1528 2554 Pont„
1549 2530 1576 2547 n.
1601 2521 1680 2554 84²¹·
1717 2521 1759 2547 La
1784 2522 1877 2554 prima
1903 2523 1996 2555 pietra

1095 2564 1140 2589 del
1160 2571 1258 2590 nuovo
1270 2565 1379 2599 templo
1392 2565 1423 2590 di
1437 2562 1548 2594 Cefalix,
1561 2565 1675 2589 elevata
1689 2572 1704 2589 a
1717 2565 1782 2589 sede
1797 2565 1827 2589 di
1841 2566 1996 2590 vescovato

1094 2614 1144 2641 per
1163 2608 1348 2632 concessione
1365 2608 1396 2632 di
1416 2608 1559 2632 Anacleto
1578 2607 1612 2636 11,
1634 2607 1663 2632 fu
1683 2609 1768 2640 posta
1787 2608 1823 2632 da
1848 2607 1996 2641 Ruggiero

1095 2650 1116 2675 il
1137 2656 1161 2684 7,
1180 2651 1228 2680 VI,
1249 2658 1331 2684 11313
1352 2652 1380 2675 la
1400 2651 1593 2680 costruzlone,
1613 2651 1664 2676 che
1682 2651 1718 2675 ha
1738 2651 1881 2676 imusaici
1897 2651 1925 2676 di
1941 2651 1997 2676 sat-

1093 2694 1157 2717 tura
1177 2694 1249 2718 assai
1271 2691 1320 2725 piu
1333 2694 1466 2718 accurata
1480 2692 1509 2716 di
1524 2692 1618 2725 quella
1632 2692 1708 2724 degli
1723 2692 1793 2717 altri
1806 2694 1907 2726 tempii
1922 2693 1996 2717 Nor-

1094 2736 1200 2764 manni,
1222 2735 1253 2759 su
1271 2735 1353 2760 finita
1374 2735 1421 2760 nel
1442 2734 1509 2766 1148
1528 2742 1609 2759 come
1629 2735 1731 2760 risulta
1744 2736 1780 2760 da
1793 2735 1996 2760 un’iscrlzione

1093 2777 1144 2802 che
1164 2778 1189 2802 si
1208 2778 1289 2811 legge
1308 2777 1484 2803 neli’abside.
1522 2777 1607 2802 Molti
1623 2777 1760 2811 privilegi
1774 2778 1797 2803 sl
1813 2785 1995 2806 conoscono:

1093 2820 1130 2844 cf.
1150 2819 1298 2850 Bar-nuno,
1317 2819 1393 2844 Sica.
1406 2819 1494 2849 stud„
1508 2827 1556 2844 nn.
1570 2826 1586 2851 3
1599 2827 1614 2844 e
1634 2827 1664 2851 4;
1678 2819 1808 2850 Cassan,
1820 2819 1885 2852 Reg.
1900 2828 1948 2845 nn.
1962 2825 1995 2853 73

1093 2869 1108 2886 e
1128 2866 1162 2894 74
1184 2861 1271 2895 (oltre
1296 2862 1393 2894 quello
1419 2862 1565 2887 ricordato
1591 2861 1669 2887 nella
1696 2863 1764 2887 nota
1790 2862 1956 2894 precedente
1981 2869 1996 2886 e

2026 2487 2060 2514 70

2026 2703 2057 2730 75

1094 2903 1116 2928 ll
1136 2904 1265 2938 diploma
1284 2904 1329 2929 del
1352 2910 1434 2937 1145:
1455 2905 1602 2934 Bsuamo,
1623 2912 1649 2930 n.
1669 2911 1717 2937 94:
1735 2903 1864 2933 Castum,
1885 2911 1911 2929 n.
1934 2903 1995 2937 194)
2023 2906 2059 2931 80

1093 2946 1114 2971 Ι.
1134 2946 1256 2976 cumr,
1281 2948 1339 2973 Una
1354 2950 1514 2980 pergamena
1531 2946 1602 2971 sulla
1612 2945 1775 2977 fananum
1793 2946 1837 2971 dcl
1853 2948 1948 2979 templo
1966 2947 1997 2971 di

1098 2987 1202 3020 Casula,
1221 2990 1331 3014 Arch.
1358 2989 1563 3019 stor.81c..
1588 2988 1623 3014 N.
1648 2989 1685 3018 S„
1704 2988 1766 3020 v11,
1786 2996 1812 3022 p.
1838 2995 1886 3022 177
1906 2996 1921 3014 e
1940 2996 1995 3021 ³30:

1094 3031 1200 3060 Dum..
1220 3031 1336 3056 Manae!
1352 3032 1428 3056 d'art
1445 3032 1509 3064 bys„
1529 3033 1588 3060 cit..
1608 3038 1655 3065 pp.
1676 3031 1799 3064 515-518.
