2398 3470
162 262 239 290 Mun„
247 269 347 290 cc.49-so

259 827 279 841 c.
294 821 342 840 6812

186 1464 264 1487 Μυκ..
279 1470 299 1483 c.
315 1469 341 1488 50

219 1503 241 1517 u.
257 1503 277 1516 c.
293 1502 332 1521 790

223 1530 244 1544 a.
260 1524 285 1544 C.
301 1525 327 1548 38

329 2494 342 2520 5

314 2747 345 2764 10

384 251 432 289 46
966 250 1261 288 ROMUALDI
1288 249 1657 286 SALERNITANI
1863 255 1947 292 [AA.
1967 264 1995 284 u.
2015 264 2039 285 e.
2060 256 2175 285 ⁷90-c.
2196 258 2248 293 38]

379 392 417 416 se
440 382 581 426 quidem
604 382 747 416 tradidit
769 381 932 425 passioni,
955 382 1018 414 sed
1042 380 1147 424 impie
1171 391 1192 412 a
1213 377 1336 423 Judeis
1365 378 1601 421 apprehensus
1629 384 1665 412 et
1695 378 1854 422 patibulo
1878 380 1998 414 affixus
2021 386 2073 414 est
2096 381 2246 415 maximo

380 442 568 469 terremotu
590 447 654 479 per
677 436 797 470 orbem
820 437 926 475 facto,
950 446 1033 468 saxa
1055 435 1091 467 in
1108 433 1280 467 montibus
1296 432 1413 471 scissa,
1430 443 1702 477 magnarumque
1718 433 1858 466 urbium
1872 433 2023 477 plurime
2038 441 2157 478 partes
2171 436 2250 479 plus

379 490 481 522 solita
504 490 731 524 concussione
757 491 972 524 ceciderunt.
1018 488 1077 521 Ad
1099 489 1219 521 horam
1244 495 1383 530 quoque
1408 486 1478 519 diei
1508 492 1639 520 sextam
1671 486 1724 520 sol
1754 487 1791 520 in
1823 493 1933 521 totum
1957 488 2161 522 obscuratus
2184 496 2248 529 est,

378 549 535 587 tetraque
559 554 629 576 nox
653 544 806 578 obducta
829 543 929 577 terris
952 542 1040 576 est¹:
1065 553 1174 585 usque
1198 539 1289 573 adeo
1313 544 1430 572 autem
1453 550 1567 584 neque
1591 541 1708 573 lunam
1733 540 1853 573 lumini
1875 541 1968 581 solis,
1992 552 2109 586 neque
2137 542 2248 576 nubes
2390 589 2393 592 .

379 597 551 630 obstitisse
568 598 789 631 manifestum
805 603 867 638 est,
883 603 921 631 ut
937 607 1001 629 xrv
1017 597 1139 629 eadem
1157 595 1214 627 die
1231 594 1311 626 luna
1324 593 1336 611 ²
1358 599 1434 627 tota
1449 594 1517 628 celi
1532 594 1676 638 regione
1691 594 1888 640 interjecta,
1905 595 2103 640 longissime
2118 607 2140 629 a
2162 606 2248 630 con-
2295 596 2314 630 5
2350 603 2352 608 ’

378 656 501 693 spectu
524 651 606 684 solis
629 652 778 685 aufuisse
802 649 1009 685 referatur³.
1054 649 1110 682 Ac
1133 653 1316 692 postquam
1340 658 1462 690 passus
1485 654 1537 681 est
1559 648 1728 681 Dominus
1751 648 1911 682 Christus
1933 659 1954 681 a
1976 650 2120 683 mortuis
2135 660 2249 683 resur·
2296 676 2298 678 v

377 704 476 744 rexit,
501 710 536 737 et
559 705 751 748 discipulos
774 716 853 738 suos
876 705 922 738 ad
944 702 1198 747 predicandum
1221 700 1323 741 misit,
1345 700 1478 734 Pilatus
1501 711 1622 744 preses
1644 701 1820 735 Palestine
1843 702 2027 745 prouincie
2058 703 2104 736 ad
2126 703 2248 748 Tybe-

377 757 465 790 rium
486 758 730 801 imperatorem
753 760 872 792 retulit
894 759 938 792 de
963 757 1123 801 passione
1146 754 1276 789 Christi
1302 760 1337 788 et
1366 756 1635 796 resurrectione,
1659 756 2025 800 consequentibusque
2055 755 2249 796 uirtutibus,

378 821 447 853 que
469 822 534 854 per
556 822 592 845 se
616 812 728 855 ipsum
751 813 844 845 facte
868 812 1017 851 fuerant,
1039 810 1097 843 uel
1120 819 1183 852 per
1206 808 1397 851 discipulos
1412 819 1492 843 suos
1507 808 1637 842 fiebant
1653 809 1689 841 in
1704 810 1855 842 no'mine
1873 810 1959 854 ejus,
1976 815 2011 843 et
2026 809 2071 844 de
2094 820 2138 843 eo
2154 810 2251 855 quod

379 865 536 898 certatim
560 871 739 898 crescente
763 866 985 908 plurimorum
1010 864 1078 897 fide
1102 862 1187 896 deus
1211 862 1424 895 crederetut.
1471 862 1648 907 Tyberius
1673 873 1752 895 cum
1774 863 1945 907 suffragio
1968 863 2087 908 magni
2115 863 2248 898 fauoris
2277 865 2316 897 10

376 917 494 950 retulit
517 918 562 951 ad
585 925 741 951 senatum
763 925 802 952 ut
816 919 973 952 Christus
987 918 1082 950 Deus
1097 915 1294 949 haberetur.
1341 914 1490 949 Senatus
1505 915 1746 960 indignatione
1762 923 1888 957 motus,
1906 927 1968 950 cur
1983 927 2056 950 non
2071 916 2138 950 sibi
2152 917 2250 960 prius

377 971 566 1004 secundum
589 983 719 1005 morem
743 973 895 1005 delatum
919 978 1019 1011 esset,
1043 976 1080 1003 ut
1104 969 1147 1003 de
1172 968 1398 1012 suscipiendo
1422 969 1518 1003 cultu
1540 970 1636 1013 prius
1659 970 1736 1013 ipse
1759 969 1977 1010 decerneret,
2010 971 2250 1005 consecratio-

375 1034 455 1057 nem
484 1024 614 1058 Christi
636 1026 819 1064 recusaust,
846 1026 1033 1069 edictoque
1059 1023 1246 1063 constituit,
1278 1023 1560 1056 exterminandos
1590 1033 1666 1056 esse
1698 1023 1786 1056 urbe
1817 1023 2033 1058 Christianos
2040 1037 2049 1063 ;
2080 1024 2250 1068 precipue

377 1089 457 1110 cum
480 1083 515 1110 et
539 1078 711 1112 Seianus⁴
733 1079 916 1122 prefectus
946 1078 1093 1123 Tyberii
1123 1075 1344 1120 suscipiende
1370 1076 1531 1121 religioni
1561 1076 1828 1110 obstinatissime
1861 1077 2128 1112 contradiceret.
2173 1077 2248 1123 Ty-

377 1131 493 1164 berius
515 1137 631 1164 tamen
655 1131 771 1165 edicto
795 1131 1054 1165 accusatoribus
1078 1130 1354 1163 Christianorum
1383 1136 1531 1164 mortem
1564 1130 1755 1163 cominatus
1786 1137 1848 1164 est.
1895 1130 2028 1175 Sicque
2041 1131 2053 1149 ⁶
2083 1130 2249 1174 paulatim
2276 1130 2314 1165 15
2368 1176 2372 1180 Δ

375 1186 553 1218 immutata
576 1192 629 1219 est
649 1186 710 1219 illa
732 1186 878 1231 Tyberii
901 1186 1037 1220 Cesaris
1053 1184 1286 1218 laudatissima
1301 1184 1473 1218 modestia
1487 1184 1522 1216 in
1537 1195 1665 1228 penam
1681 1184 1951 1219 contradictoris
1966 1186 2105 1219 senatus
2117 1184 2130 1203 ⁸
2145 1190 2250 1230 atque

376 1249 419 1271 ex
442 1239 715 1273 mansuetissimo
738 1240 908 1283 principe,
932 1240 1109 1272 senissima
1131 1238 1243 1271 bestia
1265 1239 1402 1271 exarsit.
1449 1238 1541 1271 Nam
1564 1237 1730 1282 plurimos
1753 1245 1952 1272 senatorum
1975 1239 2191 1283 proscripsit,
2215 1245 2250 1274 et

374 1293 420 1326 ad
443 1299 588 1326 mortem
611 1293 727 1337 coegit
739 1293 762 1333 ⁷,
786 1295 908 1326 horum
930 1294 991 1327 uix
1014 1293 1102 1326 duos
1125 1291 1318 1325 incolumes
1345 1291 1495 1336 reliquid
1519 1297 1656 1326 ceteros
1680 1292 1826 1325 diuersis
1853 1293 1965 1326 causis
1988 1293 2137 1327 necauit.
2184 1293 2248 1327 Vi-

373 1346 463 1390 ginti
486 1346 550 1379 sibi
573 1347 737 1389 patricios
759 1347 1013 1381 uiros·consilii
1031 1357 1135 1380 causa
1151 1346 1323 1391 elegerat;
1349 1345 1516 1380 Seianum
1539 1346 1736 1390 prefectum
1753 1356 1852 1379 suum
1864 1345 1876 1364 ⁸
1894 1346 2196 1388 contradictorem,
2214 1353 2250 1381 et

375 1399 464 1432 filios
487 1410 577 1440 suos,
601 1411 644 1434 ac
666 1407 812 1444 nepotes
835 1400 1022 1434 interfecit.
1069 1400 1200 1444 Sicque
1224 1400 1356 1433 factum
1381 1406 1443 1438 est,
1467 1406 1506 1433 ut
1528 1400 1588 1444 qui
1611 1405 1817 1443 spreuerant
1838 1400 1977 1434 Christo
2001 1411 2084 1445 rege
2108 1401 2248 1442 saluari,
2272 1403 2315 1436 20

377 1463 460 1497 rege
484 1453 620 1487 Cesa're
644 1455 850 1498 punirentur
861 1453 884 1488 ⁹.
929 1454 1122 1498 Judeorum
1144 1455 1333 1498 plerosque
1358 1453 1463 1487 exilio
1486 1454 1668 1497 relegauit.
1715 1453 1799 1487 Eius
1821 1453 1959 1498 imperii
1982 1464 2073 1488 anno
2097 1464 2190 1488 xxm
2213 1455 2249 1488 in

377 1506 568 1550 Campania
591 1514 745 1541 mortuus
769 1514 837 1547 est3
862 1519 952 1541 anno
977 1508 1155 1542 dominice
1178 1507 1429 1541 incarnationis
1451 1507 1657 1541 XXXVIII.

461 1560 570 1605 Gajus
595 1569 828 1606 cognomento
851 1562 1022 1596 Callicula
1044 1562 1135 1596 filius
1157 1562 1262 1595 Drusi
1285 1561 1437 1606 priuigni
1460 1559 1609 1605 Augusti
1637 1566 1673 1594 et
1704 1561 1813 1605 ipsius
1835 1561 1982 1606 Tyberii
2004 1573 2115 1606 nepos
2137 1562 2248 1596 scele-

372 1614 568 1655 ratissimus,
591 1615 725 1659 imperii
748 1627 914 1649 summam
937 1616 1084 1659 adeptus
1108 1622 1169 1649 est.
1216 1615 1284 1649 Hic
1311 1615 1487 1659 ingressus
1510 1615 1603 1647 uiam
1626 1611 1723 1648 suam
1746 1615 1796 1648 nil
1819 1626 1982 1659 umquam
2006 1622 2146 1649 strenue
2169 1626 2248 1661 ges-

372 1667 425 1701 sit.
473 1667 599 1711 Stupra
622 1669 795 1702 sororibus
818 1669 948 1703 intulit:
981 1680 1024 1702 ex
1054 1680 1124 1703 una
1147 1669 1251 1703 etiam
1275 1675 1390 1702 natam
1415 1668 1521 1701 filiam
1543 1669 1722 1713 cognouit.
1768 1669 1858 1702 Cum
1891 1669 1985 1713 apud
2017 1675 2162 1704 cunctos
2193 1670 2246 1703 in-
2271 1670 2312 1704 25
2363 1681 2366 1684 ⁴

374 1721 470 1765 genti
494 1723 649 1763 auaritia,
672 1722 828 1763 libidine,
852 1729 887 1756 et
911 1723 1117 1757 crudelitate
1141 1723 1282 1763 seuiret,
1306 1722 1512 1756 interfectus
1544 1728 1596 1755 est
1624 1723 1662 1755 in
1685 1722 1828 1766 palatio,
1859 1733 1951 1756 anno
1974 1723 2075 1756 etatis
2098 1733 2160 1757 sue
2184 1724 2247 1757 tri-

375 1775 503 1808 cesimo
525 1787 630 1817 nono,
653 1776 793 1820 imperii
817 1783 934 1810 autem
957 1788 1048 1811 anno
1071 1777 1173 1811 tertio
1197 1786 1317 1810 mense
1341 1786 1376 1816 Χ,
1394 1776 1450 1810 die
1474 1786 1568 1809 nono
1583 1775 1616 1809 ¹⁰.
1669 1776 1765 1809 “Hic
1787 1787 1855 1821 que
1878 1775 2031 1810 Erodem
2053 1776 2248 1822 Agrippam

378 1829 552 1862 “amicum
575 1841 673 1862 suum
696 1831 846 1864 uinculis
869 1830 1063 1871 liberatum,
1094 1840 1214 1875 regem
1244 1830 1357 1874 judee
1389 1829 1489 1870 facit,
1521 1829 1580 1874 qui
1611 1836 1729 1863 manet
1759 1830 1794 1863 in
1824 1841 1935 1875 regno
1960 1831 2060 1865 annis
2082 1841 2134 1865 vn
2157 1831 2247 1865 idest

377 1884 511 1926 “usque
536 1883 581 1916 ad
605 1894 732 1917 annum
755 1891 913 1929 quartum
936 1884 1085 1918 Claudii.
1133 1884 1215 1924 Quo
1239 1883 1283 1917 ab
1307 1883 1434 1927 angelo
1458 1893 1636 1926 percusso,
1660 1884 1829 1917 successit
1850 1884 1887 1917 in
1902 1894 2048 1929 regnum
2065 1885 2154 1919 filius
2170 1885 2246 1930 ejus
2360 1919 2361 1922 ,

379 1938 393 1954 “
407 1935 566 1980 Agrippa
596 1944 631 1971 et
661 1948 770 1982 usque
795 1939 840 1971 ad
865 1938 1105 1972 exterminium
1126 1938 1320 1982 Judeorum
1342 1936 1444 1970 annis
1467 1946 1558 1970 xxvi
1582 1944 1797 1980 perseuerat.
1844 1938 2007 1972 Herodes
2036 1938 2245 1980 Tetrarcha‚
2268 1939 2312 1972 30
2361 1973 2364 1975 Α

378 1990 392 2007 “
407 1996 442 2022 et
463 1990 536 2033 ipse
560 1991 638 2035 Gaji
661 1991 846 2024 amicitiam
868 1998 1002 2034 petens,
1027 1998 1176 2036 cogente
1200 1991 1403 2024 Herodiade
1427 1990 1577 2024 Romam
1600 1991 1712 2024 uenit:
1738 1991 1800 2024 sed
1817 1997 1998 2025 accusatus
2013 1991 2059 2025 ab
2075 1991 2244 2036 Agrippa,

377 2044 391 2060 ⁴⁶
405 2043 507 2075 etiam
530 2044 771 2077 Tetrarchiam
794 2045 962 2088 perdidit,
979 2045 1186 2089 fugiensque
1210 2044 1245 2078 in
1269 2045 1443 2087 Ispaniam
1460 2055 1539 2078 cum
1557 2044 1773 2084 Heroffiade,
1789 2055 1927 2078 merore
1950 2045 2065 2089 periit.
2111 2045 2244 2079 Pilatus

377 2098 391 2114 “
406 2102 530 2137 autem,
553 2098 612 2142 qui
634 2099 839 2132 sententiam
864 2099 1120 2141 dampnationis
1141 2099 1178 2131 in
1202 2098 1379 2132 Christum
1412 2098 1558 2138 dixerat,
1590 2098 1692 2132 tantis
1723 2099 1899 2143 irrogante
1933 2099 2023 2144 Gajo
2054 2099 2244 2144 angoribus

376 2152 390 2167 ‘⁴
406 2157 600 2184 coarctatus
623 2157 685 2190 est,
708 2157 746 2184 ut
767 2162 829 2184 sua
851 2163 888 2184 se
911 2163 1015 2184 manu
1037 2152 1242 2195 perimeret:
1266 2151 1429 2185 Matheus
1451 2151 1488 2185 in
1510 2151 1627 2196 Judea
1648 2152 1847 2195 predicans,
1879 2162 1921 2186 eo
1950 2157 2106 2196 tempore
2129 2153 2245 2186 Euan-
2356 2193 2359 2195 ⁴

378 2207 392 2221 ¹⁶
407 2204 534 2247 gelium
557 2205 719 2248 scripsit„
738 2204 772 2239 ¹¹.
2266 2206 2308 2241 35
2354 2208 2358 2245 J
2380 2235 2383 2238 .

461 2325 483 2343 1.
502 2319 545 2343 set
567 2317 590 2342 C
606 2331 618 2336 -
637 2318 772 2343 affixuxus
790 2318 814 2343 C
829 2332 841 2339 -
860 2320 983 2345 maxime
1000 2320 1027 2343 B
1039 2319 1063 2344 C
1079 2333 1111 2338 —
1132 2319 1157 2346 6.
1177 2318 1312 2351 autuisse]
1335 2319 1358 2344 C
1373 2326 1455 2352 agg..-
1482 2320 1513 2345 et
1537 2319 1635 2345 stellas
1660 2320 1729 2346 tunc
1754 2319 1863 2345 divinis
1880 2319 1961 2345 horis
1979 2319 2093 2346 fulsisse
2117 2327 2187 2345 coma
2210 2321 2242 2346 tn

375 2359 476 2388 Oresio,
494 2360 520 2383 B
537 2359 662 2385 abfuisse
682 2374 714 2378 —-
734 2362 759 2387 8.
779 2361 933 2386 virtutibus
951 2369 1000 2386 om.
1019 2362 1044 2386 Α
1063 2375 1097 2380 -
1119 2369 1150 2395 14
1169 2369 1184 2387 e
1204 2368 1245 2395 ¹9·
1258 2361 1377 2387 Selanus
1388 2361 1449 2386 AB
1462 2361 1486 2386 C
1495 2375 1529 2380 —
1546 2366 1636 2394 14-15.
1650 2362 1783 2387 leerIus
1795 2361 1820 2385 A
1834 2376 1868 2381 —
1885 2362 1926 2388 18.
1938 2362 2057 2394 rellquit
2068 2362 2096 2386 B
2109 2362 2133 2387 C
2149 2375 2184 2381 —
2198 2369 2241 2390 πο.

370 2399 421 2436 spfi
440 2404 522 2427 erant
540 2403 565 2427 Α
579 2405 630 2435 per
647 2404 813 2436 spreuerant
832 2418 865 2423 —
885 2409 928 2429 22.
955 2410 1048 2429 xxxix
1071 2404 1095 2428 C
1111 2417 1144 2422 ——
1166 2410 1208 2437 ²3·
1235 2403 1377 2430 Collicula
1394 2404 1420 2428 Α
1447 2417 1480 2422 -
1501 2410 1543 2437 ²4·
1563 2404 1604 2429 nil
1628 2411 1752 2437 unquam
1772 2404 1832 2428 BC
1853 2418 1887 2423 —
1914 2403 1957 2430 26.
1981 2405 2108 2430 εγω-101·
2126 2404 2154 2429 B
2166 2404 2190 2430 C
2205 2416 2240 2424 —

372 2452 415 2478 ²7·
428 2446 514 2470 tercio
532 2445 558 2468 B
570 2445 593 2469 C
612 2459 641 2462 —
656 2453 700 2478 3¹·
713 2446 872 2471 amiciciam
890 2446 917 2470 B
930 2446 953 2470 C
965 2447 1078 2479 -prima
1097 2447 1128 2471 di
1145 2448 1231 2472 etiam
1245 2447 1368 2472 Romam
1387 2446 1482 2472 velut:
1497 2446 1545 2473 sed
1558 2448 1706 2473 accusatus
1719 2447 1754 2472 ab
1773 2447 1904 2481 Agrippa
1916 2454 1964 2472 om.
1983 2446 2007 2471 C
2018 2461 2051 2467 —
2064 2453 2108 2479 32.
2121 2454 2153 2473 es.
2166 2447 2192 2473 A
2204 2461 2238 2468 -

372 2494 414 2520 34.
433 2488 578 2513 coartatus
595 2487 623 2512 C.
647 2487 688 2519 Cf.
709 2490 770 2512 ποία
787 2494 815 2518 4.

370 2568 517 2599 “⁸119useou
536 2570 582 2593 τοῦ
600 2568 726 2599 βκσιλὲως
748 2568 902 2600 κττὴγορος
925 2569 1046 2601 6Ηρ(ι’)δ’)ν
1069 2573 1115 2595 τοῦ
1134 2570 1278 2603 τετράρχον
1333 2569 1440 2597 ‘causa
1458 2571 1568 2604 legerat
1579 2588 1603 2604 ,μ

371 2611 385 2624 ¹⁴
396 2611 563 2643 ά’ρικόμηνος
582 2611 609 2636 ἐν
629 2611 729 2644 6Ρώμη,
749 2612 880 2643 δεσμεῐτχι
900 2612 949 2637 ὑπὸ
970 2613 1080 2644 τιβερίου
1090 2631 1114 2645 ,,.
1421 2611 1433 2630 ⁸
1453 2614 1592 2645 ORoSIUS,
1612 2614 1674 2646 VH,
1694 2622 1719 2647 4,
1739 2614 1796 2646 5-8,
1816 2613 1861 2639 nel
1880 2615 1955 2640 resto
1974 2621 1994 2640 R
2012 2615 2107 2641 sunt·-
2367 2635 2370 2638 ⁴

460 2651 468 2668 ¹
489 2653 626 2685 Onoans‚
646 2653 708 2685 VII,
728 2660 752 2686 4,
770 2660 859 2686 13·14‚
873 2654 1031 2687 aggiunge:
1052 2654 1150 2680 “slent
1168 2655 1276 2681 tiletum
1421 2654 1434 2672 ⁹
1451 2656 1540 2686 Iucu,
1559 2655 1622 2687 VII,
1641 2663 1667 2689 4,
1689 2663 1732 2682 10.
2269 2664 2304 2684 πο

373 2694 386 2707 “
396 2696 439 2720 est
449 2712 474 2727 ῃ.
1410 2697 1433 2715 ¹⁰
1451 2699 1539 2730 Inus«,
1558 2699 1621 2730 VII,
1642 2704 1667 2731 5,
1686 2706 1747 2732 cap.
1761 2700 1894 2729 suntato:
1914 2699 1945 2724 in
1965 2699 2050 2724 molti
2069 2699 2153 2731 puntl
2172 2698 2241 2733 pero
2353 2695 2366 2700 ’

476 2737 614 2769 Impiaque
632 2741 767 2762 aeternam
785 2739 937 2764 timuerunt
954 2739 1058 2764 saecula
1078 2742 1182 2765 noctem.
1331 2742 1358 2766 R
1377 2741 1527 2776 rlproduce
1545 2741 1689 2774 piuttosto
1714 2742 1740 2766 le
1758 2742 1847 2767 stesse
1872 2741 1968 2775 parole
1995 2740 2132 2766 deu’ffi'st.
2150 2741 2241 2770 Mire„

460 2777 472 2794 ²
493 2779 580 2811 lnam,
600 2779 701 2805 lunam.
1330 2783 1378 2809 lib.
1399 2783 1461 2814 VII,
1482 2782 1522 2816 (p.
1544 2781 1615 2815 183).
2352 2804 2369 2817 ;,,,,

458 2818 470 2836 ³
488 2820 575 2851 Imm,
595 2822 658 2853 VII,
677 2829 703 2854 4,
724 2826 813 2854 13-15.
1409 2823 1430 2841 ¹¹
1449 2825 1683 2851 Evidentemente
1693 2825 1778 2857 Beda,
1790 2826 1827 2852 da
1837 2826 1883 2852 cul
1893 2833 1912 2851 R
1925 2827 2015 2859 copia,
2028 2825 2098 2851 ebbo
2110 2826 2241 2859 presente
2300 2846 2304 2855 ,
2348 2818 2368 2853 ,ὶέ

460 2861 472 2878 ⁴
491 2863 577 2895 lnam,
596 2863 658 2895 VII,
678 2871 703 2896 4,
723 2866 778 2896 5-t›‚
798 2865 920 2890 Seianus.
1330 2867 1443 2898 Oresio,
1463 2874 1545 2892 come
1563 2868 1588 2893 sl
1607 2867 1722 2893 desume
1741 2867 1789 2894 dal
1805 2868 1896 2894 brano
1910 2869 2045 2901 seguente
2064 2867 2139 2901 (VII,
2158 2871 2183 2899 5,
2197 2866 2240 2900 8):
2267 2869 2300 2897 25
2345 2849 2370 2945 ἓ

459 2903 470 2920 ⁵
489 2905 573 2936 Ibam,
591 2906 644 2931 loc.
662 2906 722 2938 cit.‚
740 2907 756 2940 ξ
774 2912 799 2939 7,
819 2907 921 2939 ltaque.
1330 2910 1461 2936 “Pilatus
1489 2912 1583 2935 autem
1607 2913 1726 2943 praeses,
1750 2911 1800 2942 qul
1826 2911 2000 2935 sententiam
2025 2909 2241 2943 dampnationis

460 2944 472 2962 ⁶
490 2954 509 2971 R
528 2948 646 2972 omette:
667 2947 680 2961 ²
692 2956 758 2974 nam
778 2949 846 2981 regi,
861 2957 1056 2984 quaecumque
1070 2951 1220 2976 voluntate
1231 2951 1275 2977 fa·
1330 2951 1344 2966 ⁶
1354 2952 1384 2977 in
1398 2952 1547 2978 Christum
1567 2953 1690 2984 dixerat,
1701 2971 1706 2977 .
1717 2969 1787 2979 .....
1810 2953 1903 2978 tanti·
1923 2952 2076 2986 inrogante
2095 2951 2172 2978 Gaio
2189 2958 2240 2977 an·
2349 2972 2360 2989 ἰ

373 2987 387 3001 “
400 2989 499 3019 ciebat,
520 2989 650 3022 voluptas
669 2992 730 3016 erat
740 3008 764 3022 η.
1330 2994 1470 3027 “goi-ibus
1501 2996 1660 3021 coarctatus
1687 2996 1746 3028 est,
1775 2997 1808 3021 ut
1837 3002 1888 3021 sua
1919 2995 2151 3021 transverberans
2180 3001 2240 3020 ma·
2348 2987 2365 3024 ,ξέ

460 3029 471 3047 ⁷
490 3039 509 3056 R
523 3039 661 3068 pospone:
683 3033 696 3047 ⁸
708 3033 813 3067 viginti
827 3034 882 3059 sibi
897 3035 1035 3068 patricios
1055 3036 1133 3062 viros
1152 3037 1267 3063 consilii
1330 3035 1344 3049 ¹‘
1354 3044 1407 3062 nu.
1417 3053 1456 3063 ...
1466 3054 1491 3069 „.
2350 3025 2363 3078 Ξ,
