2398 3470
193 214 269 237 Mun„
285 219 317 235 cc.
334 215 419 238 2³⁶-237
432 204 507 239 290
1197 199 1507 235 CHRONICON
2057 206 2107 243 [A.
2129 208 2163 235 c.
2185 206 2277 243 1177]

252 870 272 884 c.
289 870 346 889 275⁰

247 1670 269 1686 c.
284 1669 323 1689 ²75
330 1663 343 1683 h

514 324 606 356 Pace
630 325 747 367 igitur,
771 331 808 356 ut
831 323 1056 365 prediximus,
1081 323 1171 354 inter
1195 322 1437 364 imperatorem
1466 327 1499 354 et
1523 332 1642 366 regem
1668 322 1786 355 Sicilie
1809 323 1904 355 facta
1926 324 2058 366 pariter
2089 331 2123 357 et
2153 325 2274 363 iurata,

426 378 536 409 nuntii
558 378 649 420 regis
672 376 717 408 ad
741 375 956 418 imperatoris
980 374 1158 417 palatium,
1182 374 1292 416 ipsum
1318 386 1361 406 ex
1383 380 1481 416 parte
1506 374 1604 417 regia
1626 374 1802 407 salutaturi
1825 375 1973 410 inerunt.
2019 375 2099 415 Quo
2123 378 2276 420 cognito,

426 431 610 472 imperator
634 431 676 461 de
701 439 838 461 camera
863 439 922 460 sua
947 438 1115 471 egressus,
1140 438 1210 467 eos,
1234 427 1349 460 multis
1381 425 1611 466 adstantibus,
1642 428 1726 460 satis
1756 429 1945 462 honorifice
1975 436 2010 463 et
2037 431 2189 474 benigne
2221 441 2277 462 su-

425 483 547 525 scepit.
594 482 750 524 Cumque
776 482 992 514 Romoaldus
1017 481 1256 514 Salernitanus
1280 481 1563 523 archiepiscopus
1594 482 1638 513 de
1671 481 1870 514 faldestolio
1901 493 1962 516 suo
1992 493 2150 527 surgens,
2182 490 2275 517 stans

432 536 524 578 loqui
549 535 722 572 uoluisset,
746 535 934 577 imperator
958 545 1035 566 eum
1059 535 1238 566 sedentem
1263 534 1357 577 loqui
1385 534 1556 576 precepit.
1603 535 1712 567 Facto
1728 535 1844 577 itaque
1875 535 2024 575 silentio,
2040 537 2277 579 archiepisco-

424 599 487 629 pus
511 589 559 621 sic
585 595 636 621 est
660 598 818 620 exorsus:
850 588 1045 620 “Dominus
1068 594 1186 620 noster
1209 588 1380 630 gloriosus
1403 597 1466 620 rex
1491 587 1610 620 Sicilie
1635 587 1812 620 dominum
1843 587 2098 631 imperatorem,
2130 589 2191 633 qui
2224 595 2276 622 est

431 643 444 658 ‘⁴
459 641 494 672 in
518 641 783 683 presentiarum,
808 641 897 673 sicut
921 641 1137 673 karissimum
1162 642 1310 673 amicum
1335 647 1369 673 et
1395 642 1538 673 fratrem
1571 651 1668 672 suum
1701 641 1826 674 deuote
1858 642 1990 683 pariter
2020 649 2054 675 et
2085 643 2275 675 affectuose

430 695 444 710 “
459 695 594 731 salutat,
620 700 654 726 et
677 705 742 736 per
765 705 827 727 nos
851 694 1108 737 magnificentie
1133 694 1303 736 imperiali
1328 694 1511 737 significat,
1535 695 1641 737 quod,
1667 705 1744 726 cum
1769 695 1838 727 hoc
1868 705 1960 728 anno
1990 695 2118 728 nuntiis
2148 698 2199 728 sui
2230 697 2276 728 ad

431 750 444 764 “
459 747 634 780 dominum
660 759 784 790 papam
808 758 871 790 pro
894 748 987 780 bono
1010 748 1108 790 pacis
1131 746 1327 791 Anagniam
1352 747 1582 785 aduenissent,
1605 747 1745 790 scripsit
1768 748 1925 780 dominus
1948 759 2039 791 papa
2055 750 2195 782 domino
2210 759 2275 782 no-

431 803 529 832 “stro
555 801 705 844 glorioso
730 801 814 844 regi,
837 807 874 833 ut
899 801 1032 844 aliquos
1056 802 1099 833 de
1125 801 1230 833 latere
1254 811 1315 833 suo
1339 802 1384 833 ad
1409 812 1486 833 eum
1511 802 1675 840 mitteret,
1700 801 1758 844 qui
1783 811 1860 833 cum
1891 811 1933 833 eo
1965 801 2147 835 tractande
2176 804 2274 845 pacis

432 856 446 871 “
462 854 637 896 colloquio
661 854 875 887 interessent.
921 854 1090 886 Dominus
1114 860 1227 886 autem
1252 865 1313 886 rex
1336 853 1586 886 'deuotissimus
1609 854 1699 886 filius
1723 854 1795 886 eius
1818 854 1863 886 ad
1887 855 2088 898 petitionem
2110 854 2202 888 illius
2217 866 2276 888 co-

427 908 441 923 “
457 907 575 939 mitem
598 908 828 951 Roggerium,
851 908 962 940 uirum
986 907 1104 950 utique
1129 907 1311 950 prouidum
1336 914 1371 940 et
1395 907 1580 940 discretum
1605 914 1639 939 et
1662 908 1706 940 de
1731 908 1898 951 sanguine
1921 908 2018 952 regio
2033 914 2158 947 ortum,
2173 915 2209 941 et
2221 919 2277 942 me

431 963 445 978 “
460 972 538 992 cum
562 971 603 993 eo
628 962 673 993 ad
697 961 770 993 eius
793 962 1002 1003 presentiam
1027 961 1224 1000 destinauit,
1247 968 1285 993 ut
1308 961 1343 992 in
1366 961 1582 1003 perficienda
1606 971 1693 1003 pace
1717 961 1893 993 adiutores
1918 971 2070 994 essemus
2092 962 2221 1004 pariter
2243 968 2280 995 et

431 1016 445 1032 “
459 1020 646 1057 presentes,
670 1026 739 1047 non
763 1016 858 1058 quod
881 1015 1041 1047 dominus
1066 1021 1183 1047 noster
1208 1025 1268 1047 rex
1291 1015 1460 1056 pacificus
1483 1025 1562 1047 cum
1587 1015 1729 1047 domino
1745 1015 1958 1057 imperatore
1983 1015 2134 1058 aliquam
2159 1015 2279 1048 credat

430 1070 444 1085 “
458 1067 587 1100 habere
612 1068 834 1101 discordiam.
881 1069 960 1110 Ipse
985 1068 1074 1100 enim
1098 1069 1188 1100 sicut
1211 1068 1403 1100 catholicus
1425 1068 1589 1110 princeps
1612 1074 1648 1100 et
1670 1068 1767 1110 pacis
1792 1068 1893 1107 filius,
1917 1078 2039 1101 omnes
2070 1068 2278 1102 christianos

429 1122 443 1138 ‘⁴
459 1122 632 1164 principes
657 1122 781 1165 diligit,
805 1128 839 1154 et
863 1127 1028 1165 quantum
1051 1121 1086 1152 in
1110 1131 1152 1154 eo
1169 1127 1231 1160 est,
1248 1121 1407 1154 cumillis
1422 1131 1545 1163 pacem
1562 1127 1596 1154 et
1612 1122 1838 1154 concordiam
1854 1122 1985 1155 habere
2004 1121 2128 1155 credit.
2175 1121 2277 1156 Solos

431 1175 612 1207 “inimicos
636 1175 750 1207 crucis
773 1174 900 1207 Christi
925 1174 1059 1207 crudeli
1083 1174 1164 1207 odio
1187 1174 1274 1206 mari
1300 1180 1333 1206 et
1357 1180 1450 1206 terra
1473 1174 1700 1218 persequitur.
1747 1174 1834 1207 Inde
1857 1180 1919 1211 est.
1943 1175 2038 1217 quod
2062 1185 2133 1207 non
2161 1175 2276 1218 parcit

429 1229 443 1245 ¹⁴
456 1228 617 1270 pecunie,
640 1238 708 1260 non
731 1227 890 1271 indulget
915 1228 1085 1270 expensis,
1110 1228 1172 1259 sed
1196 1227 1339 1270 singulis
1363 1228 1462 1260 annis
1485 1227 1635 1260 biremes
1657 1237 1737 1260 suas
1760 1234 1934 1270 preparat,
1951 1234 1986 1260 et
2002 1238 2080 1259 cum
2097 1228 2146 1261 eis
2164 1238 2276 1260 arma-

432 1283 528 1312 “tam
552 1281 706 1313 militiam
731 1281 893 1318 destinat,
917 1287 954 1313 ut
977 1281 1096 1313 hostes
1122 1280 1308 1312 christiane
1333 1280 1414 1312 fidei
1439 1281 1602 1313 deuincat
1625 1282 1755 1322 pariter
1779 1286 1814 1313 et
1836 1281 2030 1313 confundat
2054 1286 2090 1313 et
2116 1281 2278 1314 euntibus

433 1336 447 1351 ‘⁶
461 1335 506 1367 ad
529 1334 750 1376 sepulchrum
775 1333 912 1366 Domini
936 1344 1095 1366 securum
1119 1333 1185 1365 iter
1208 1340 1372 1375 preparet
1397 1339 1431 1366 et
1453 1334 1625 1376 expediat.
1673 1333 1743 1366 Alii
1767 1334 1887 1366 mundi
1910 1333 2087 1376 principes
2117 1333 2276 1367 subditos

431 1389 445 1404 “
459 1398 538 1419 suos
559 1388 783 1420 uehementer
805 1387 1022 1430 impugnant,
1046 1393 1081 1419 et
1104 1397 1182 1419 curn
1207 1387 1354 1418 inimicis
1377 1387 1459 1418 fidei
1484 1397 1607 1428 pacem
1632 1387 1751 1419 facere
1774 1397 1845 1419 non
1869 1387 2069 1424 formidant,
2093 1387 2137 1419 de
2164 1387 2278 1430 sepul-

430 1442 444 1457 “
458 1442 541 1472 chro
565 1441 714 1478 Domini,
739 1441 834 1483 quod
859 1451 878 1472 a
902 1440 1104 1473 Sarracenis
1125 1440 1360 1482 impugnatur,
1384 1450 1455 1471 non
1479 1440 1622 1472 multum
1648 1440 1812 1483 cogitant,
1828 1446 1862 1472 et
1876 1451 1965 1479 eum,
1982 1440 2041 1483 qui
2055 1440 2149 1472 solus
2164 1441 2275 1483 ipsum

431 1496 444 1511 ‘⁴
459 1493 650 1527 defendere
674 1494 801 1532 nititur,
825 1494 995 1536 impedire
1020 1493 1204 1531 festinant3
1229 1493 1288 1525 alii
1313 1504 1379 1536 que
1404 1504 1464 1525 sua
1487 1500 1568 1526 sunt
1590 1499 1751 1536 querunt,
1775 1493 1866 1526 solus
1889 1504 1951 1525 rex
1967 1499 2096 1533 noster,
2114 1505 2181 1537 que
2199 1494 2277 1527 Iesu

432 1549 446 1564 ¹⁴
460 1547 589 1580 Christi
613 1554 701 1585 sunt,
726 1548 871 1580 deuotus
894 1547 1046 1590 inquirit.
1094 1547 1180 1579 Cum
1205 1557 1289 1590 ergo
1313 1547 1387 1589 ipse
1411 1547 1449 1578 in
1472 1547 1539 1578 Dei
1562 1546 1705 1579 seruitio
1728 1552 1797 1579 tam
1821 1552 1978 1579 sanctam
2002 1553 2036 1579 et
2058 1557 2180 1589 puram
2213 1548 2278 1580 de-

433 1602 634 1633 “uotionem
657 1601 796 1638 habeat,
819 1610 892 1638 uos,
917 1600 1056 1633 domine
1080 1600 1278 1642 imperator,
1303 1600 1363 1643 qui
1387 1600 1535 1632 ecclesie
1561 1600 1626 1632 Dei
1650 1600 1810 1642 specialis
1833 1600 1916 1632 estis
1939 1599 2027 1633 filius
2050 1606 2085 1633 et
2100 1601 2276 1640 defensor,

431 1653 621 1696 “singulari
646 1654 772 1686 amoris
796 1653 982 1697 priuilegio
1006 1664 1067 1695 pre
1093 1653 1218 1686 ceteris
1241 1653 1361 1686 mundi
1386 1652 1601 1696 principibus
1624 1653 1800 1686 dominum
1823 1664 1941 1697 regem
1967 1659 2000 1686 et
2023 1655 2195 1687 uenerari'
2213 1654 2278 1688 de-

427 1708 442 1723 ⁴‘
459 1707 546 1740 betis
568 1708 698 1750 pariter
721 1714 755 1740 et
778 1707 952 1750 amplecti,
976 1707 1035 1750 qui
1057 1707 1122 1739 Dei
1147 1706 1330 1740 eeclesiam
1354 1717 1490 1750 semper
1511 1707 1661 1740 intendit
1684 1707 1863 1746 extollere,
1887 1713 1922 1739 et
1943 1707 2105 1740 inimicos
2120 1707 2192 1740 eius
2206 1718 2277 1741 non

428 1761 442 1776 ‘⁶
457 1761 582 1793 desinit
605 1761 819 1805 impugnare.
866 1760 973 1792 Nulla
997 1760 1100 1792 etiam
1124 1761 1217 1793 inter
1238 1770 1302 1793 uos
1325 1767 1360 1793 et
1384 1761 1560 1793 dominum
1583 1771 1702 1804 regem
1726 1760 1864 1793 discidii
1887 1771 1992 1793 causa
2015 1761 2074 1793 uel
2088 1760 2162 1793 odii
2177 1761 2277 1794 semi-

432 1815 591 1847 “narium
615 1814 812 1847 interuenit.
859 1814 1029 1846 Dominus
1055 1814 1145 1845 enim
1170 1825 1231 1846 rex
1255 1825 1276 1846 a
1299 1813 1556 1856 magnificentia
1578 1820 1692 1847 uestra
1715 1824 1752 1846 se
1783 1824 1969 1856 numquam
2002 1814 2174 1847 offensum
2204 1825 2276 1847 me-

432 1868 570 1906 “minit‚
592 1868 649 1900 uel
673 1878 735 1900 uos
758 1869 795 1899 in
819 1867 934 1910 aliquo
960 1867 1149 1900 offendisse
1175 1867 1367 1910 cognoscit,
1391 1867 1454 1899 sed
1477 1873 1609 1899 certum
1635 1867 1729 1910 apud
1745 1877 1823 1899 eum
1841 1872 1876 1899 et
1890 1867 2023 1899 firmum
2043 1867 2166 1907 existit,
2181 1868 2276 1911 quod

431 1923 444 1938 “
458 1921 486 1953 si
509 1921 698 1963 imperialis
721 1921 880 1953 maiestas
903 1930 981 1952 cum
1004 1921 1101 1963 regia
1117 1920 1373 1964 magnificentia
1389 1920 1549 1962 perfecte
1566 1921 1664 1963 pacis
1681 1921 1823 1953 uinculo
1840 1920 1945 1953 fuerit
1961 1921 2111 1959 counita,
2127 1920 2276 1953 ecclesie

431 1975 525 2006 “Dei
549 1980 585 2007 et
606 1980 679 2007 toto
704 1974 778 2006 orbi
803 1983 964 2017 magnum
987 1973 1117 2015 poterit
1139 1972 1360 2005 commodum
1384 1974 1570 2015 prouenire
1586 1998 1615 2015 „.

513 2027 809 2070 Archiepiscopus
831 2027 939 2059 uerba
964 2027 1107 2059 finierat.
1154 2026 1317 2059 Protinus
1341 2027 1530 2069 imperator
1552 2038 1617 2069 per
1640 2027 1868 2060 Gottifridum
1901 2028 2148 2060 cancellarium
2178 2038 2276 2060 suum

426 2082 470 2114 ad
493 2082 566 2114 eius
589 2082 697 2114 uerba
720 2081 908 2123 respondit,
933 2081 1068 2112 dicens:
1099 2082 1113 2097 ‘⁶
1128 2080 1264 2112 Salutes
1289 2091 1331 2112 ex
1347 2086 1445 2122 parte
1461 2080 1602 2113 illustris
1617 2081 1709 2124 regis
1726 2080 1847 2113 Sicilie
1864 2091 1927 2123 per
1942 2091 2004 2113 uos
2020 2080 2276 2124 magnificentie

432 2137 446 2152 ‘⁴
461 2141 577 2167 nostre
602 2134 827 2173 transmissas,
851 2143 892 2165 ea
915 2144 983 2176 qua
1007 2134 1110 2166 decet
1132 2134 1326 2166 reuerentia
1351 2139 1386 2166 et
1408 2134 1539 2166 honore
1563 2134 1778 2177 suscipimus,
1795 2140 1829 2166 et
1844 2134 1959 2167 eidem
1977 2133 2055 2166 loco
2070 2140 2104 2166 et
2118 2139 2275 2176 tempore

431 2190 445 2205 “
460 2193 656 2231 opportuno
679 2187 872 2229 rependere
895 2186 1104 2229 multiplices
1127 2196 1363 2228 procuramus.
1411 2187 1519 2226 Quod
1542 2193 1656 2219 autem
1680 2193 1749 2220 tam
1771 2187 1927 2231 ydoneas
1949 2192 1984 2219 et
2000 2187 2179 2231 elegantes
2193 2197 2275 2230 per-

429 2243 557 2274 “sonas
578 2241 624 2273 ad
646 2240 745 2282 pacis
767 2246 883 2272 nostre
907 2239 1117 2282 colloquium
1142 2240 1337 2278 destinauit,
1362 2246 1479 2273 nostre
1503 2240 1711 2273 excellentie
1728 2241 1810 2273 satis
1826 2246 1960 2284 gratum
1978 2240 2110 2273 residet
2124 2245 2160 2273 et
2174 2250 2275 2274 acce-

431 2297 445 2312 “
459 2301 564 2337 ptum,
590 2294 671 2337 quia
695 2305 738 2326 ex
761 2293 953 2337 legatorum
977 2304 1117 2326 suorum
1139 2293 1296 2332 scientia,
1321 2294 1493 2337 probitate
1518 2295 1618 2327 simul
1634 2300 1670 2327 et
1692 2295 1834 2333 facetia,
1858 2294 2052 2338 delegantis
2067 2293 2199 2327 domini
2215 2305 2274 2327 au-

516 2431 540 2448 2.
561 2425 658 2448 nuncii
681 2424 713 2453 B,
735 2425 764 2452 C,
784 2423 860 2447 Sasso
879 2431 892 2447 e
909 2423 999 2447 Arndt
1018 2436 1050 2440 —
1071 2431 1095 2455 4.
1115 2421 1263 2455 Quumque
1283 2424 1310 2447 B
1326 2432 1340 2448 e
1358 2424 1444 2448 Sasso.
1481 2424 1536 2449 Nel
1553 2425 1674 2457 margine
1691 2427 1792 2449 esterno
1809 2425 1841 2448 ds·
1857 2424 1881 2448 A
1902 2425 1952 2448 due
1971 2425 2047 2448 mant
2062 2423 2107 2447 del
2122 2430 2170 2449 sec.
2187 2423 2281 2448 XVII

423 2468 553 2496 scrissero,
577 2466 669 2491 l'una:
689 2465 866 2490 Romoaldus
887 2464 1064 2490 Salernitaus
1089 2465 1329 2499 Archiepiscopus
1355 2467 1483 2498 loquitur
1509 2467 1578 2499 Imp.
1605 2466 1738 2495 sedendo,
1763 2466 1875 2490 1¹altra:
1901 2465 1981 2490 Rom.
2006 2465 2141 2498 Archiep.
2165 2465 2274 2491 Salem.

426 2510 554 2541 loquitur
572 2522 605 2526 —
625 2508 651 2534 6.
669 2509 798 2533 Domnus
821 2507 844 2532 C
859 2515 872 2531 e
890 2507 980 2531 Arndt
999 2520 1009 2524 -
1029 2508 1164 2531 domnum
1188 2507 1211 2531 C
1226 2516 1239 2532 e
1259 2508 1350 2532 Arndt
1369 2522 1401 2526 —
1421 2514 1445 2539 7.
1465 2510 1642 2533 carissimum
1664 2510 1688 2534 C
1702 2516 1716 2532 e
1733 2508 1825 2533 Arndt
1843 2522 1875 2526 —
1896 2508 1920 2532 8.
1941 2508 2041 2532 nuncil
2060 2509 2094 2537 B,
2117 2507 2147 2539 C,
2167 2508 2243 2534 Sauo
2260 2515 2274 2532 e

426 2552 516 2576 Arndt
535 2566 567 2569 —
586 2559 612 2583 9.
632 2551 767 2575 domnum
789 2551 812 2577 C
829 2557 842 2573 e
860 2549 950 2573 Arndt
968 2562 980 2568 -
999 2549 1119 2574 domnus
1141 2551 1187 2574 Ce
1199 2550 1290 2574 Arndt
1301 2563 1313 2569 -
1327 2550 1432 2575 domno
1448 2552 1494 2575 Ce
1507 2551 1596 2575 Arndt
1609 2564 1641 2568 —
1657 2558 1699 2575 u.
1713 2552 1835 2576 domnus
1850 2552 1897 2577 Ce
1910 2551 2002 2575 Arndt
2015 2563 2047 2568 —
2065 2557 2105 2575 12.
2117 2550 2274 2583 Rogerium

427 2594 459 2622 B,
482 2595 511 2622 C,
531 2594 606 2617 Sasso
624 2601 637 2617 e
655 2593 747 2617 Arndt
766 2607 797 2610 --
820 2599 859 2623 14.
879 2592 985 2616 domno
1002 2592 1026 2616 C
1037 2599 1050 2615 e
1063 2592 1163 2616 Arndt.
1200 2592 1253 2615 Nel
1266 2593 1386 2624 marg-ine
1399 2593 1429 2616 di
1439 2594 1463 2617 Α
1477 2601 1554 2617 mano
1567 2593 1611 2616 del
1622 2600 1668 2617 sec.
1681 2593 1713 2617 Χ
1716 2593 1772 2619 VII
1777 2594 1889 2617 annoto:
1903 2593 2043 2625 Rogerius
2056 2599 2149 2617 comes
2162 2592 2273 2628 Andrig

428 2636 460 2660 de
479 2636 617 2668 sanguine
637 2637 715 2667 regio
735 2649 767 2652 —
790 2634 828 2658 18.
848 2636 890 2658 set
911 2633 1057 2659 CeArndt
1069 2646 1080 2651 -
1094 2633 1248 2659 Conteloro:
1267 2634 1403 2658 triremes.
1441 2634 1496 2658 Nel
1514 2637 1634 2666 margine
1653 2635 1686 2658 dr
1701 2635 1724 2659 A
1745 2642 1821 2659 mano
1839 2634 1937 2658 tncotta
1955 2635 2064 2658 scrisse:
2085 2642 2143 2659 non
2163 2634 2274 2659 hirenes

425 2678 506 2711 (sias)
527 2691 559 2696 —
580 2685 621 2701 20.
641 2677 801 2710 sepulcrum
822 2677 852 2705 Β,
873 2677 903 2705 C,
923 2676 999 2699 Sasso
1017 2683 1030 2699 e
1049 2676 1140 2700 Arndt
1159 2690 1190 2693 —
1212 2682 1303 2700 21-22.
1322 2677 1452 2708 sepulcro
1472 2678 1506 2706 Β,
1528 2678 1558 2705 C,
1584 2677 1658 2701 Sasso
1682 2684 1695 2700 e
1719 2677 1811 2701 Arndt
1835 2689 1867 2694 --
1895 2682 1936 2708 ²4·
1957 2674 2050 2703 Quum
2069 2678 2096 2701 B
2113 2684 2128 2700 e
2145 2675 2222 2701 Sueto
2240 2689 2273 2694 —

427 2726 468 2751 25.
489 2721 591 2744 domne
612 2722 635 2744 C
651 2727 664 2742 e
682 2720 773 2743 Arndt
792 2732 824 2736 —
845 2718 887 2743 26.
907 2718 1041 2742 domnum
1066 2717 1089 2741 C
1103 2725 1116 2740 e
1136 2718 1225 2741 Arndt
1245 2731 1277 2735 —
1298 2717 1339 2743 28.
1359 2719 1495 2743 domnum
1517 2720 1540 2744 C
1556 2727 1569 2742 e
1587 2719 1678 2743 Arndt
1697 2733 1729 2737 —
1749 2725 1791 2751 29.
1804 2719 1934 2743 Domnus
1950 2718 2098 2743 CeAmdt
2116 2731 2149 2736 —
2168 2725 2210 2750 30.
2230 2719 2274 2743 set

429 2764 452 2787 C
469 2771 481 2786 e
500 2763 590 2786 Arndt
615 2775 647 2779 —
667 2769 709 2793 33.
730 2761 913 2786 Gotifredum
934 2762 961 2785 B
978 2768 990 2783 e
1009 2760 1085 2784 Sasso
1107 2773 1138 2777 —
1157 2766 1200 2791 34.
1219 2760 1258 2783 La
1275 2761 1352 2785 solita
1372 2769 1447 2785 mano
1466 2761 1510 2785 del
1526 2769 1573 2785 sec.
1594 2761 1686 2786 XVII
1697 2762 1728 2785 ln
1745 2761 1770 2785 A
1790 2762 1901 2786 annoto:
1924 2760 2014 2785 Verba
2032 2762 2200 2794 responsiva
2224 2768 2274 2793 per

369 2812 399 2828 10
427 2804 638 2829 Cancellarium
658 2804 841 2836 Imperatoris
862 2816 893 2820 —
914 2802 957 2834 36.
977 2802 1096 2826 idoneas
1115 2802 1150 2832 B,
1172 2801 1201 2832 C,
1221 2802 1296 2826 Sasso
1314 2810 1327 2826 e
1343 2802 1431 2827 Arndt
1451 2816 1483 2821 -—
1501 2802 1545 2835 38.
1564 2804 1706 2835 sapientia
1724 2803 1750 2827 B
1767 2811 1780 2827 e
1798 2803 1890 2833 Sus-503
1913 2803 2020 2827 facecia
2042 2802 2066 2826 C
2080 2810 2094 2826 e
2112 2802 2204 2827 Arndt

432 2902 445 2915 “
458 2903 499 2926 sla
519 2902 611 2926 sancti
630 2901 719 2926 Marci
741 2901 815 2933 apud
834 2900 970 2925 Venetias
990 2899 1154 2925 Alexander
1167 2907 1239 2932 papa
1260 2907 1322 2924 cum
1380 2900 1485 2925 “iuxta
1503 2908 1565 2925 eum
1586 2902 1647 2933 ipse
1668 2902 1825 2933 imperator
1845 2901 1983 2925 resedit..
1997 2910 2062 2932 ..ης
2083 2900 2118 2925 cf.
2131 2907 2200 2932 pure
2219 2901 2274 2925 An-

431 2943 444 2956 ⁴‘
456 2944 686 2976 archiepiscopis,
707 2944 858 2976 episcopis,
878 2945 906 2967 et
920 2943 987 2967 aliis
999 2942 1182 2967 ecelesiarum
1202 2942 1321 2974 prelatis
1376 2942 1449 2966 nates
1467 2943 1647 2974 Pegavienses,
1668 2943 1716 2967 cit.

434 2986 491 3010 “de
511 2986 610 3010 Ytalia
630 2987 657 3009 et
676 2985 859 3014 Alamannia,
879 2985 1018 3017 synodum
1033 2984 1198 3014 celebravit,
1220 2985 1247 3007 in
1269 2991 1323 3015 qua

2300 803 2339 836 10

2305 1068 2342 1101 15

2299 1336 2342 1367 20

2298 1601 2340 1634 25

2297 1868 2341 1900 30

2298 2133 2388 2178 ³5·

2306 2928 2390 2980 152,¹
