2398 3470
181 197 235 233 ΙΑ·
255 197 288 226 C·
308 198 462 232 774-795]
765 193 1054 230 ROMUALDI
1082 192 1445 229 SALERNITANI
1965 192 2030 227 151
2053 204 2128 226 Mun..
2145 210 2177 223 cc.
2194 209 2275 228 149.150

204 262 219 270 u·
220 262 2038 271 .......................................................................................................................................................................................................
2040 262 2052 268 .-

181 311 227 343 ad
249 311 360 348 sancti
380 310 476 344 Petri
498 311 684 345 ecclesiam
709 312 871 354 pedester
905 310 1117 354 properauit.
1165 310 1363 342 Hadrianus
1386 316 1502 343 autem
1532 321 1626 353 papa
1656 311 1693 342 in
1729 310 1898 354 gradibus
1927 310 2038 343 sancti

179 363 274 396 Petri
290 365 498 406 prestolatus
515 370 567 398 est
582 364 791 404 uenientem,
809 370 842 396 et
856 374 965 407 usque
982 364 1028 396 ad
1045 363 1300 397 confessionem
1317 363 1427 396 sancti
1444 363 1542 396 Petri
1569 374 1649 396 cum
1666 363 1805 407 hymnis
1821 369 1856 396 et
1871 362 2036 396 laudibus

179 423 215 449 et
238 417 378 458 psalmis
401 427 479 450 cum
503 418 641 451 clericis
663 417 763 450 simul
786 427 829 450 ac
852 417 1021 450 Romanis
1042 416 1226 455 iudicibus,
1248 422 1287 449 ut
1307 426 1382 449 mos
1398 421 1460 455 est,
1485 416 1650 449 decenter
1672 416 1768 449 illum
1786 417 1940 450 deduxit.
1987 415 2035 448 At

159 469 238 501 *ille
261 470 519 512 potentissimus
541 481 614 509 rex,
637 471 792 503 offerens
815 470 917 503 beato
940 469 1046 502 Petro
1070 470 1177 502 multa
1207 468 1352 502 donaria
1374 469 1647 513 promittensque
1672 470 1746 502 eius
1769 469 1901 502 uicario
1931 469 2034 502 fidem

115 520 133 554 5
180 528 214 555 et
236 522 388 556 debitam
411 524 656 562 reuerentiam,
680 523 890 556 Patriciatus
912 523 1043 556 honore
1060 533 1081 555 a
1102 522 1272 556 Romanis
1287 527 1340 555 est
1362 521 1575 555 sublimatus.
1621 523 1667 554 Et
1683 533 1760 555 cum
1777 523 1930 565 peractis
1945 523 2035 555 uotis

179 574 224 608 ad
247 576 437 609 exercitum
461 577 583 610 suisset
605 587 774 614 reuersus,
798 575 986 619 fatigatam'
1008 576 1115 619 longa
1137 575 1317 609 obsidione
1341 575 1518 607 ciuitatem
1541 575 1587 608 ad
1610 576 1824 618 deditionem
1856 576 2036 618 compulit,
2111 591 2131 605 c.
2150 586 2187 605 182
2207 586 2220 605 a·

179 638 283 670 quam
307 634 423 662 cetere
448 629 606 663 ciuitates
629 635 748 662 secute
771 629 889 661 Caroli
912 628 1007 671 regis
1029 628 1190 671 potestati
1215 638 1252 660 se
1275 627 1518 661 subdiderunt.
1564 628 1617 660 Ex
1641 628 1703 660 illo
1727 628 1859 671 quippe
1883 627 1940 661 die
1965 628 2036 661 dici

178 682 304 714 meruit
326 692 390 715 rex
423 683 636 716 Francorum
673 692 714 715 ac
736 681 1046 725 Langobardorum
1083 687 1118 714 et
1152 681 1324 714 Patricius
1354 681 1604 713 Romanorum.
1651 680 1699 713 At
1729 691 1791 714 rex
1823 681 1968 714 subacta
1998 687 2034 714 et

178 743 243 776 pro
267 740 422 777 tempore
446 735 513 768 sibi
538 735 700 768 ordinata
722 734 830 772 Italia,
853 733 1079 777 omnibusque
1103 734 1205 767 beato
1221 734 1326 767 Petro
1349 744 1390 766 ac
1407 733 1534 766 domno
1549 744 1654 776 pape,
1670 745 1738 778 que
1756 745 1776 766 a
1792 733 2034 778 Langobardis

115 786 155 819 10
178 793 300 830 erepta
322 789 471 828 fuerant,
494 788 670 827 restitutis,
684 789 721 820 in
738 787 886 820 Galliam
902 787 1086 820 reuertitur
1101 788 1234 821 ducens
1249 787 1423 830 captiuum
1442 787 1661 819 Desiderium
1677 797 1813 831 regem3
1830 795 1904 820 erat
1920 794 2034 821 autem

178 840 238 873 hic
259 841 376 876 multis
399 852 522 875 exosus
536 842 557 874 ¹.
1535 864 1547 870 -›

265 893 468 939 Adalgisius
490 900 603 927 autem
627 894 781 927 eiusdem
804 892 980 927 Desiderii
1004 893 1103 932 filius,
1128 893 1319 936 desperatis
1341 893 1454 936 patrie
1478 866 1591 933 regns,
1615 894 1738 926 relicta
1762 893 1862 926 Italia
1885 894 1922 926 in
1946 894 2035 926 Gre-
2058 893 2157 942 Z‘ssifssf
2163 893 2194 940 ᾗ
2203 893 2268 944 17'7‘3‘j·

177 946 267 979 ciam
290 948 336 980 ad
359 948 624 981 Constantinum
646 947 889 989 imperatorem
912 956 950 978 se
974 946 1120 978 contulit
1133 945 1156 986 ²,
1178 946 1299 988 ibique
1322 946 1527 989 patriciatus
1549 947 1707 979 ordinem
1733 952 1838 990 atque
1862 947 2030 979 honorem

176 1001 369 1035 consenuit.
413 999 544 1044 Sicque
565 1010 668 1043 reges
691 1009 735 1032 ex
757 999 1001 1043 Langobardis
1025 1009 1103 1032 cum
1126 1009 1246 1032 eorum
1269 1000 1413 1033 historia
1436 1000 1656 1033 defecerunt.

56 1062 58 1064 ’
114 1052 152 1084 15
266 1053 393 1086 Paulus
415 1065 500 1087 uero
522 1053 699 1092 diaconus,
723 1051 792 1096 qui>
804 1053 1114 1097 Langobardorum
1137 1053 1276 1096 scripsit
1290 1053 1484 1093 historiam,
1500 1059 1682 1097 postquam
1699 1064 1720 1086 a
1737 1053 1865 1087 Carolo
1879 1064 1962 1097 rege
1979 1054 2032 1087 bis

175 1117 216 1139 ac
240 1107 344 1140 tertio
367 1118 432 1150 per
453 1117 490 1140 se
514 1117 665 1150 suosque
688 1112 840 1149 rogatus,
863 1112 902 1139 ut
923 1116 1004 1138 eum
1027 1106 1191 1150 diligeret
1207 1112 1242 1139 et
1257 1107 1481 1140 Desiderium
1498 1117 1610 1150 nuper
1625 1117 1743 1150 regem
1760 1106 2032 1146 obliuisceretur,

175 1159 425 1193 honorabiliter
446 1161 539 1193 enim
564 1160 660 1194 circa
675 1170 711 1192 se
725 1160 894 1202 precipua
917 1159 1151 1192 familiaritate
1168 1169 1210 1192 ac
1226 1159 1414 1193 dilectione
1430 1159 1525 1192 illum
1542 1159 1671 1193 habere
1689 1160 1871 1204 cupiebat;
1889 1162 2031 1205 eiusque

176 1213 313 1246 monitis
335 1213 431 1246 nullo
454 1214 558 1247 modo
581 1213 833 1256 acquiesceret,
857 1213 968 1256 magis
990 1213 1131 1246 exilium
1155 1213 1261 1257 elegit
1283 1213 1420 1255 perpeti
1445 1224 1548 1256 quam
1573 1224 1652 1247 cum
1676 1224 1718 1247 eo
1750 1224 1836 1253 esse,
1860 1214 1920 1258 qui
1945 1215 2028 1247 ami-

175 1277 254 1299 cum
278 1277 376 1299 suum
401 1272 436 1300 et
459 1267 639 1300 dominum
662 1266 697 1298 in
722 1266 885 1309 captione
919 1266 1070 1299 tenebat.
1117 1265 1267 1299 Dicebat
1290 1266 1382 1299 enim
1413 1277 1450 1300 se
1481 1267 1608 1300 mutari
1638 1278 1707 1300 non
1738 1278 1852 1310 posse.
1898 1268 2030 1301 Fuerat

55 1319 57 1321 ’
101 1319 152 1352 220
175 1320 304 1363 quippe
327 1320 535 1363 pernimium
560 1320 634 1364 regi
656 1320 842 1353 Desiderio
867 1329 978 1352 carus.
1003 1318 1077 1357 Qui
1102 1330 1180 1352 cum
1202 1319 1367 1352 ininsula
1390 1320 1541 1363 quadam
1564 1321 1715 1354 iussione
1740 1321 1832 1365 regis
1848 1322 2031 1361 exulasset,

175 1374 313 1407 tandem
337 1373 494 1407 Arechis'
517 1374 843 1407 Beneuentanorum
868 1374 950 1412 dux,
974 1373 1034 1416 qui
1057 1374 1200 1406 alteram
1223 1374 1327 1406 filiam
1350 1374 1525 1407 Desiderii
1548 1374 1640 1419 regis
1663 1375 1804 1407 nomine
1828 1374 2032 1419 Adelperga
2107 1393 2127 1407 ι.
2142 1388 2184 1412 ιε]
2202 1393 2217 1407 a

173 1425 326 1461 habebat
348 1437 504 1465 uxorem,
521 1426 607 1459 feeit
619 1426 715 1459 illum
732 1426 777 1459 ad
793 1436 830 1458 se
846 1426 965 1458 uenire
981 1426 1116 1470 sibique
1133 1426 1382 1459 honorabiliter
1398 1437 1477 1460 cum
1493 1427 1586 1459 omni
1605 1427 1788 1471 diligentia
1804 1429 2030 1472 quoadusque

172 1479 306 1514 uiueret
328 1480 450 1513 adesse
472 1479 635 1522 precepit
646 1479 669 1512 ⁸.

263 1533 344 1567 Rex
367 1539 482 1566 autem
505 1533 650 1567 Carolus
673 1533 717 1566 de
740 1533 812 1566 filia
835 1533 1008 1566 Desiderii
1030 1533 1135 1577 regis,
1159 1544 1263 1576 quam
1286 1534 1541 1574 uxorehabust,
1557 1541 1749 1578 posteaque
1766 1535 1905 1575 dimisit,
1922 1536 2029 1569 filium

107 1587 148 1619 25
172 1586 293 1620 habuit
308 1586 448 1619 nomine
464 1586 639 1625 Carolum,
655 1592 691 1619 et
707 1587 752 1619 de
767 1586 966 1630 Ildegarda‚
982 1597 1085 1630 quam
1099 1593 1222 1629 postea
1238 1596 1282 1619 ex
1294 1594 1399 1630 gente
1416 1587 1610 1620 Sueuorum
1626 1588 1726 1622 duxit
1739 1599 1894 1628 uxorem,
1910 1589 2032 1623 habuit

172 1639 262 1672 filios
284 1639 456 1683 pipinum,
479 1646 515 1673 et
536 1640 754 1673 Ludouicum
779 1645 815 1672 et
836 1639 923 1673 filias
946 1640 1139 1673 Ratrudem
1164 1646 1199 1672 et
1221 1640 1359 1673 Bertam
1390 1645 1425 1673 et
1456 1640 1589 1674 Gislam
1619 1641 1774 1684 aliasque
1805 1641 1891 1675 filias
1921 1648 1993 1676 tres
2004 1642 2026 1675 ⁴.

172 1691 327 1726 Subacta
349 1703 434 1726 uero
456 1693 558 1726 Italia
571 1693 719 1726 Carolus
733 1703 796 1725 rex
810 1692 1022 1726 Saxonicum
1037 1693 1178 1731 bellum,
1194 1693 1289 1736 quod
1305 1693 1537 1727 intermissum
1552 1695 1747 1734 uidebatur,
1764 1695 1916 1738 repetiit,
1933 1697 2029 1740 quod

171 1754 236 1788 per
249 1745 412 1790 XXXVJ
428 1756 538 1779 annos
549 1752 762 1779 contractum
778 1752 841 1779 est.
879 1746 1021 1779 Poterat
1032 1746 1200 1790 siquidem
1214 1746 1314 1779 citius
1330 1747 1419 1779 finiri
1436 1747 1465 1779 si
1480 1746 1657 1780 Saxonum
1670 1748 1738 1780 hoc
1753 1749 1897 1791 perfidia
1912 1755 2028 1792 parte-

170 1803 276 1839 retur,
299 1800 434 1842 perfida
455 1799 585 1843 quippe
609 1810 696 1844 gens
718 1805 770 1832 est
791 1809 833 1832 ac
857 1800 1031 1844 fidifraga.
1078 1799 1225 1832 Difficile
1249 1800 1347 1833 dictu
1370 1806 1422 1833 est
1444 1800 1604 1844 quotiens
1619 1802 1772 1844 superati
1796 1812 1839 1835 ac
1853 1802 2029 1845 supplices

60 1860 62 1864 ’
105 1851 149 1884 30
171 1861 210 1884 se
232 1853 309 1896 regi
333 1853 516 1893 dederunt,
539 1853 710 1896 imperata
731 1853 888 1886 facturos
910 1852 1061 1896 polliciti
1084 1858 1163 1885 sunt
1185 1858 1220 1886 et
1242 1862 1307 1896 per
1335 1860 1591 1886 sacramentum
1623 1855 1856 1894 firmauerunt,
1888 1855 2027 1889 obsides

171 1905 232 1948 qui
253 1906 514 1949 imperabantur
537 1907 667 1950 absque
693 1906 858 1940 dilatione
882 1907 1068 1939 dederunt.
1113 1906 1335 1950 Aliquotiens
1365 1908 1415 1940 ita
1445 1907 1570 1940 domiti
1603 1914 1638 1940 et
1667 1909 1823 1948 emolliti,
1853 1915 1891 1942 ut
1923 1910 2029 1942 etiam

172 1959 302 1992 cultum
326 1961 513 1993 demonum
537 1960 710 1993 dimittere
734 1966 769 1993 et
793 1960 981 1993 christiane
1005 1959 1165 2003 religioni
1188 1970 1225 1992 se
1248 1959 1399 1993 subdere
1422 1960 1513 1993 uelle
1537 1961 1788 2004 promitterent.
1836 1962 1905 1996 Sed
1936 1963 2027 1996 sicut

259 2069 284 2094 6.
303 2070 392 2096 fuisse
410 2077 539 2096 reversus
560 2073 584 2097 C
601 2085 609 2091 -
629 2073 754 2105 fatigata
781 2072 868 2106 longa
897 2073 1049 2098 obsidione
1071 2073 1094 2097 C
1113 2085 1144 2090 —
1167 2079 1208 2097 n.
1236 2075 1297 2098 erat
1316 2074 1392 2097 enim
1418 2073 1465 2098 hic
1494 2081 1510 2098 a
1538 2074 1639 2098 multis
1667 2081 1769 2099 exosus
1790 2075 1814 2100 C
1831 2089 1864 2093 —
1885 2081 1975 2108 13-13.
1996 2076 2024 2100 in

171 2113 277 2140 Grecia
297 2116 321 2140 C
337 2128 370 2134 —
393 2122 433 2148 13.
453 2116 621 2148 patriciatus
641 2117 743 2142 ordine
755 2118 840 2149 atque
853 2118 962 2142 honore
981 2118 1007 2141 B
1025 2126 1038 2142 e
1059 2117 1139 2142 Sasso
1154 2130 1184 2135 —
1203 2124 1243 2149 14-
1262 2117 1366 2143 istoria
1392 2119 1416 2145 C
1439 2131 1472 2135 —-
1494 2123 1535 2150 15.
1555 2119 1687 2144 istoriam
1709 2120 1733 2144 C
1749 2132 1781 2137 --
1803 2125 1845 2144 21.
1864 2119 2026 2154 Aldeperga

171 2159 198 2184 B
216 2169 230 2184 ε
250 2160 343 2192 Sasso3
363 2159 554 2194 Adelpergam
576 2163 600 2187 C
617 2175 649 2180 —
670 2167 712 2194 25.
733 2162 817 2187 duxit
837 2170 894 2187 uxo
915 2163 939 2188 C
956 2175 988 2179 —
1009 2161 1052 2187 28.
1070 2161 1203 2195 fiditraga
1222 2162 1298 2192 AB;
1317 2163 1440 2195 dutrdga
1459 2163 1490 2188 di
1508 2164 1602 2194 prima
1621 2172 1698 2189 mano
1717 2167 1833 2190 corretto
1853 2165 1880 2189 in
1899 2165 2026 2198 disfraga

169 2203 193 2230 C
214 2218 223 2223 -
243 2204 359 2230 difficile
377 2204 485 2230 dictum
503 2207 547 2231 est
566 2207 591 2232 C
609 2220 642 2225 —
661 2213 703 2239 30.
723 2214 773 2239 per
793 2209 971 2233 sacramento
992 2207 1015 2232 C

108 2281 121 2307 5
257 2274 320 2301 ¹R.
338 2276 475 2301 riassume
505 2278 525 2302 il
555 2278 587 2303 L.
618 2279 650 2303 P.
677 2278 753 2303 nella
788 2279 846 2303 Vita
878 2278 1026 2308 Hadriani,
1053 2278 1067 2309 ἓ
1124 2278 1245 2303 “taliter
1264 2286 1315 2304 rex
1333 2287 1397 2304 eum
1416 2280 1561 2305 allocutus
1581 2282 1623 2304 est
1650 2281 1760 2306 verbis:
1788 2281 1844 2305 Die
1873 2281 1952 2311 mihi,
1978 2282 2023 2306 in-

166 2316 261 2343 ΧΧῙΧ
279 2325 295 2342 a
313 2318 468 2349 XXXVIII,
487 2319 690 2353 aggiungendo
709 2321 830 2353 qualche
855 2321 964 2346 notizia
990 2320 1067 2344 dalla
1123 2320 1136 2333 “
1148 2322 1258 2353 quiens,
1275 2322 1407 2348 Diacone
1426 2312 1522 2353 Paule,
1541 2329 1594 2355 pro
1613 2331 1668 2355 qua
1687 2331 1716 2347 re
1735 2323 1780 2348 bis
1799 2325 1897 2355 terque
1917 2323 2023 2348 inferre

166 2360 237 2385 Vita
255 2360 287 2384 di
306 2359 395 2386 Cario
413 2360 521 2394 Magno
541 2361 572 2387 di
591 2362 720 2388 Einardo
746 2362 772 2396 (ἓ
790 2361 818 2395 6)
837 2370 852 2388 e
871 2363 950 2388 dalla
977 2363 1067 2387 Conti-
1124 2362 1245 2388 “nostre
1264 2364 1424 2389 eminencie
1443 2366 1565 2389 mortem
1585 2365 1704 2390 molitus
1722 2366 1772 2390 es?
1797 2366 1940 2398 etc....„.
1964 2365 2023 2391 Son

167 2402 258 2427 nautio
282 2402 377 2427 Tertia
395 2403 425 2428 dl
443 2403 544 2433 Paolo,
563 2403 577 2436 ἓ
596 2408 628 2437 53
648 2411 664 2429 e
682 2412 723 2436 ag.
1122 2405 1186 2430 noti
1205 2405 1215 2429 i
1234 2405 1310 2430 versi
1329 2405 1358 2430 di
1370 2405 1459 2430 Paolo
1474 2413 1523 2438 per
1544 2404 1557 2418 “
1568 2406 1731 2439 Adelperga
1745 2406 1793 2439 pia
1802 2424 1824 2437 η,
1838 2406 1868 2431 dl
1883 2407 1930 2432 cui
1942 2407 2024 2432 basta
2053 2423 2084 2449 ²5

255 2441 267 2459 ¹
280 2444 405 2475 mmm,
417 2445 588 2472 Coutinuatio
604 2446 706 2475 Tertia,
717 2446 775 2476 cit„
786 2447 799 2477 ξ
809 2446 857 2478 58:
871 2446 1068 2480 “Agisulphus
1122 2447 1185 2471 solo
1205 2447 1350 2472 ricordare
1361 2456 1367 2472 ε

108 2494 140 2512 10
169 2485 183 2499 ⁴¹
195 2485 377 2520 (Adalglsus)
396 2488 499 2516 autem.
512 2487 655 2514 Desiderii
676 2489 819 2520 quondam
834 2490 908 2521 regis
920 2488 1005 2518 filius.
1018 2489 1068 2521 qul
1263 2486 1273 2495 ⁸

169 2527 306 2553 “Verone
327 2530 395 2554 tunc
408 2531 478 2558 erat,
505 2529 623 2554 audiens
649 2533 757 2563 patrem
783 2533 895 2564 captum
923 2531 956 2556 de
975 2533 1068 2556 cetero

169 2569 182 2582 ‘⁴
194 2570 346 2604 desperans
359 2571 459 2596 Caroli
471 2572 605 2604 gentibus
625 2580 707 2605 posse
721 2574 849 2598 resistere
863 2574 893 2598 in
906 2573 992 2598 Italia
1005 2581 1068 2598 cum

167 2611 180 2625 '¹
194 2613 293 2646 paucis
313 2613 506 2639 familiaribus
519 2615 578 2640 suis
592 2613 880 2649 Constantinopolim
904 2615 938 2641 ad
961 2614 1068 2641 Grecos

169 2654 184 2668 ²
194 2655 327 2712 congugit
334 2672 360 2687 „.

109 2708 138 2733 ¹³
166 2739 209 2764 ed.
228 2697 332 2773 cithp.
349 2700 438 2773 556⁸oe
442 2741 454 2754 “
465 2698 536 2766 ‘15⁰¹‘
539 2700 715 2767 Ἑὲῗιῗιεᾱζίιε
731 2699 1068 2776 {Ziquestggimgiznsi‘

171 2781 184 2794 “
194 2783 313 2806 mortem
327 2782 448 2808 molitus
459 2785 503 2808 est
513 2791 565 2817 pro
579 2784 625 2808 sul
635 2784 696 2816 regi
707 2784 851 2810 Desiderii
865 2784 934 2814 fide:
948 2792 1066 2817 cumque

167 2822 181 2836 ‘¹
194 2822 267 2848 talia
287 2824 346 2856 regi
366 2823 466 2849 Karoli
488 2825 583 2850 delata
602 2832 618 2850 a
637 2826 697 2851 suis
715 2825 846 2851 fidelibus
859 2826 991 2858 fuissent,
1016 2828 1065 2853 diu
1207 2826 1253 2853 Cf.
1274 2828 1303 2853 la
1323 2829 1485 2861 prefazione
1499 2829 1544 2854 del
1556 2829 1660 2854 Wai'rz
1672 2829 1853 2854 all'Historia
1864 2830 2023 2863 Langobar-

169 2865 183 2878 “
193 2865 332 2890 toleravit
350 2868 468 2900 propter
487 2867 609 2892 nimium
627 2875 750 2893 amorem
763 2875 820 2901 quo
842 2876 904 2894 eum
918 2869 1068 2903 diligebat.
1121 2871 1224 2899 dorum,
1243 2877 1291 2904 pp.
1308 2877 1339 2903 13
1353 2878 1367 2895 e
1384 2878 1424 2903 14,
1439 2871 1470 2895 ln
1484 2872 1528 2895 cui
1544 2872 1654 2903 riporta
1670 2872 1763 2903 questi
1778 2873 1850 2896 versi
1866 2872 1917 2904 che
1931 2872 2023 2897 Knust
2053 2879 2085 2905 35

106 2914 141 2933 20
171 2905 244 2932 “Set
263 2907 328 2932 dum
348 2908 435 2933 tertio
455 2911 652 2942 perpetrasset,
673 2917 737 2935 eum
756 2911 957 2944 comprehendi
983 2913 1068 2938 lussit
1122 2911 1207 2945 copio
1227 2913 1275 2938 dal
1295 2911 1367 2938 Cod.
1386 2913 1558 2942 Madrlleno.
1578 2914 1614 2938 A.
1636 2912 1676 2944 16,
1697 2914 1716 2938 s.
1738 2914 1780 2938 16.

169 2947 277 2981 “atque
297 2949 328 2974 ln
342 2951 465 2975 medium
480 2952 634 2976 introduci.
667 2952 795 2985 Cumque
808 2953 944 2987 perdutus
958 2953 1068 2984 fuisset,
1211 2954 1223 2970 ⁴
1244 2954 1430 2984 Emumus,
1449 2958 1490 2987 op.
1510 2955 1563 2986 cie„
1585 2956 1598 2986 ,Ε
1621 2955 1660 2985 ι8,
1680 2956 1723 2981 ed.
1742 2958 1790 2981 cit.
1810 2964 1838 2990 p.
1857 2963 1918 2988 453.

1193 2510 1403 2543 “Principum
1425 2513 1576 2537 Beneventi
1593 2514 1702 2537 ductore
1721 2512 1870 2542 fortissimo

1195 2553 1327 2579 “Arechis
1347 2559 1488 2587 regnante,
1503 2555 1585 2587 freto
1605 2556 1724 2587 Superni
1742 2555 1850 2584 auxilio,

1193 2595 1377 2630 “Adelpaerga
1395 2605 1453 2622 cum
1472 2598 1622 2629 tranquilla
1641 2598 1727 2629 stirpe
1747 2601 1812 2622 nata
1826 2598 1908 2631 regia

1193 2655 1909 2665 .................
2053 2646 2088 2672 30

1195 2681 1208 2694 ⁴⁴
1220 2682 1291 2706 Ante
1310 2685 1390 2711 tuum,
1409 2682 1477 2707 iuste
1496 2683 1589 2713 Iudex,
1610 2683 1670 2707 dum
1689 2682 1797 2707 steterit
1814 2683 1907 2708 solficm

1195 2722 1209 2736 ‘⁴
1219 2723 1329 2748 Arsakis
1347 2723 1477 2756 benig-uus
1490 2724 1584 2748 ductor
1602 2732 1659 2748 cum
1668 2725 1819 2755 praeclara
1832 2724 1952 2757 coniuge.

1195 2765 1208 2779 ‘⁴
1220 2766 1299 2790 Dona
1319 2766 1357 2790 eis
1376 2774 1431 2791 cum
1452 2766 1543 2791 electis
1562 2767 1666 2791 laetari
1678 2766 1859 2797 perenniter!
