2398 3470
484 249 592 286 XLII
1134 245 1364 281 LECTORI
1390 244 1495 280 BEN
1497 243 1680 280 EVOLO

487 319 2318 330 ---------------------------------------------------------------------------------------------------------------------------------------------------------------------------------------------------

485 381 518 406 de
537 382 685 406 inserenda
703 382 770 406 huic
789 381 965 406 Collectioni
984 379 1147 414 hujusmodi
1166 379 1287 403 historia
1312 377 1465 402 consilium
1491 377 1662 410 agitaretur:
1694 376 1736 400 ita
1763 376 1839 400 enim
1863 377 1892 400 et
1917 376 2028 409 gloriae
2052 376 2157 411 optimi
2182 377 2325 403 Praesun·
2375 403 2377 405 ,

484 431 571 456 altius
590 431 808 464 promovendae,
827 432 855 455 et
874 430 990 455 veritati
1009 430 1039 454 in
1060 429 1175 454 dubium
1195 430 1319 457 vocatae,
1339 427 1494 452 dilucidius
1513 425 1712 455 obfirmandae‚
1732 425 1819 450 unico
1839 427 1952 459 sumptu
1966 426 2214 452 consuluissemus.
2249 427 2323 453 Haec

484 480 519 504 ad
537 481 693 505 sententiae
712 487 788 505 meae
807 479 978 513 praesidium
998 478 1188 512 proferebam}
1208 477 1276 509 quid
1295 478 1389 501 autem
1408 478 1501 501 actum
1521 476 1559 500 sit
1577 476 1608 499 in
1629 482 1768 508 praesens,
1782 475 1888 508 accipe.
2394 509 2398 516 1

572 529 690 558 Primus,
710 529 759 561 qui
778 537 792 554 e
811 529 965 553 Romualdi
984 527 1137 553 Chronicis
1156 528 1238 561 plura
1256 527 1291 551 ad
1310 526 1437 550 Annales
1450 533 1516 550 suos
1529 524 1722 549 contexendus
1736 524 1916 557 decerpserit,
1930 526 2014 557 atque
2028 525 2058 549 in
2072 525 2175 559 vulgus
2188 525 2323 558 emiserit,
2392 530 2398 575 ἑ

484 577 615 603 laudatus
642 579 780 603 Baronius
806 578 871 603 fult.
906 578 987 602 Hunc
1015 577 1199 609 subsequutus
1223 578 1266 600 est
1290 575 1372 600 Felix
1398 574 1592 603 Contelorius‚
1617 574 1667 605 qui
1691 575 1757 606 post
1783 573 1958 599 vindicatam
1984 574 2106 608 impigre
2129 574 2203 600 hanc
2231 574 2322 600 histo-
2369 578 2398 631 5³

483 627 555 651 riam
580 628 614 652 ab
632 628 711 652 Uimi
736 627 995 658 criminationibus,
1014 627 1044 651 in
1069 627 1144 651 calce
1163 626 1258 659 operis
1282 625 1410 658 superius
1435 623 1592 654 memorati,
1618 623 1734 647 eandem
1754 623 1788 647 ab
1814 630 1892 648 anno
1914 623 2084 649 Dominicae
2107 623 2321 650 Incarnationi!

482 675 655 702 MCLxxm
673 683 759 709 usque
777 677 813 702 ad
831 677 913 701 finem
932 676 1083 710 impressit.
1119 676 1266 700 Postremo
1279 675 1344 707 Joh.
1363 674 1444 707 Bapt.
1461 672 1596 698 Carusius
1610 672 1804 697 Bibliothecae
1815 673 1972 698 historicae
1984 673 2077 707 Regni
2089 672 2215 705 Siclliae,
2227 679 2321 699 recon-

482 725 591 750 tissime
602 726 767 757 adornatae,
779 726 973 759 Appendieem
987 725 1135 759 adjiciens,
1147 723 1301 749 Romualdi
1314 723 1488 748 Salernitani
1502 721 1667 747 Chronicon
1681 721 1782 752 edidit,
1801 729 1860 747 non
1878 723 1911 747 ab
1927 722 2006 748 Am
2028 722 2132 748 Chr-tm·
2147 723 2196 754 814
2213 723 2251 748 ad
2259 728 2321 748 1212

482 775 514 799 ut
532 782 581 807 per
598 782 720 800 errorem
739 775 771 799 in
789 775 886 799 Indice
904 774 1081 807 Scriptorum
1099 774 1172 798 torni
1190 773 1217 798 11
1241 773 1405 803 adnotatur,
1424 771 1471 796 sed
1490 772 1525 796 ab
1550 778 1627 795 anno
1646 769 1769 796 MCLIX
1792 771 1829 796 ad
1847 779 1954 796 annum
1977 771 2167 798 MCLXXVII
2189 771 2322 804 quemad-

484 823 599 848 modum
617 824 648 848 in
667 824 791 858 ejusdem
809 824 905 849 fronte
923 824 1032 848 Auctor
1050 823 1196 848 Lectorem
1215 822 1365 847 admonuit
1382 822 1450 846 haec
1468 821 1608 845 scribens:
1627 819 1710 845 “Nos
1724 828 1759 845 ne
1770 820 1859 846 toties
1871 820 2028 847 Romualdi
2039 821 2215 847 Salerniteni
2227 820 2319 847 Chro-

486 870 500 884 α
510 872 596 897 nicon
615 880 631 896 a
643 872 835 906 Scriptoribus
847 873 991 898 Historiae
1009 872 1120 897 Siculae
1132 872 1249 896 citatum
1269 871 1450 899 desideretur,
1464 876 1498 894 ex
1512 870 1646 894 universa
1658 870 1719 903 ejus
1732 870 1863 900 historia,
1875 878 1929 903 que
1941 871 1976 895 ab
1988 871 2079 896 initio
2088 870 2194 896 Mundi
2205 869 2320 904 incipit,

486 919 500 934 ¹¹
510 923 538 946 et
557 921 591 946 de
609 922 689 946 rebus
707 921 810 947 Siculis
830 923 895 947 ante
914 929 964 947 sua
982 923 1111 954 tempora
1130 921 1215 945 nimis
1227 920 1351 945 breviter
1365 919 1461 952 aliqua
1473 920 1585 944 tanturn
1599 919 1728 952 attingit,
1741 919 1794 944 illa
1807 919 1958 958 dumtaxat
1971 919 2126 954 seligimus,
2137 926 2209 952 quae
2221 919 2253 945 in
2264 918 2321 945 fine

486 969 500 983 ¹‘
510 970 554 995 sui
573 970 711 995 Chronici
730 971 876 1004 copiosius
894 972 1015 1002 enarrat,
1033 972 1189 1002 cunctaque
1208 970 1313 1003 passim
1331 969 1367 994 ad
1386 968 1511 993 Siculam
1529 968 1682 993 historiam
1701 969 1791 1002 magis
1810 969 2012 994 illustrandam
2030 969 2216 1003 pertinentia,
2232 970 2263 994 et
2282 968 2319 995 td

485 1017 498 1031 ⁴¹
509 1019 589 1044 illam
608 1022 716 1052 partem
734 1020 765 1045 in
784 1028 839 1052 qua
858 1027 942 1054 supra
960 1020 1048 1045 allata
1067 1020 1227 1052 synchrona
1246 1020 1428 1043 monumenta
1446 1017 1589 1043 deficiunt.
1625 1016 1739 1052 Quippe
1757 1025 1790 1043 ea
1802 1020 1899 1044 narrat
1910 1018 2088 1044 Romualdus
2100 1019 2136 1044 ab
2153 1025 2230 1044 anno
2251 1025 2319 1053 1159

483 1067 496 1080 ¹¹
508 1068 543 1092 ad
561 1076 665 1093 annum
688 1075 752 1102 1177
771 1068 831 1101 (ubi
851 1069 956 1094 desinit
975 1068 1151 1100 Chronicon)
1170 1075 1239 1100 quae
1257 1075 1387 1101 praesens
1406 1067 1467 1100 ipse
1485 1067 1561 1092 vidit
1579 1069 1608 1092 et
1626 1067 1685 1100 egit
1695 1083 1720 1100 η.
1756 1067 1884 1093 Palatini
1908 1067 1997 1100 Socii,
2016 1076 2052 1094 ne
2070 1068 2148 1094 ultra
2170 1067 2319 1103 quidpiam

485 1117 515 1141 in
534 1117 707 1142 eruditorum
726 1118 804 1143 votis
823 1125 881 1143 esse
899 1118 1000 1151 possit,
1019 1119 1160 1151 integrum
1179 1117 1331 1150 protulere.
1367 1115 1603 1149 Quandoquidem
1623 1123 1691 1141 vero
1710 1117 1741 1141 ln
1760 1117 1966 1151 Apographurn
1988 1119 2127 1154 nostrum,
2144 1118 2203 1152 iam
2220 1124 2239 1144 ι
2254 1117 2319 1152 piu-

484 1166 562 1191 ribus
573 1174 658 1200 supra
678 1169 788 1192 centum
807 1168 890 1192 annis
908 1175 922 1192 e
941 1167 1048 1192 Codice
1066 1167 1206 1192 Vaticano
1226 1167 1406 1200 descriptum,
1426 1166 1566 1191 nonnulla
1583 1166 1730 1200 irrepsisse
1747 1167 1850 1192 menda
1868 1167 2048 1201 deprehendi.
2067 1167 2216 1194 emendare
2233 1174 2319 1203 opere

484 1216 606 1248 pretium
625 1216 704 1247 duxi,
723 1218 805 1248 atque
824 1217 872 1241 ubi
892 1217 1042 1241 necessitas
1061 1216 1218 1249 postularet
1236 1217 1345 1248 aliquas
1364 1216 1483 1249 sparsim
1502 1212 1710 1241 adnotationes
1723 1214 1854 1250 adjicere.
1891 1214 1969 1246 Quin
1987 1217 2076 1243 immo
2094 1217 2239 1252 exemplu·
2249 1208 2318 1246 Am-

482 1265 645 1290 brosianum
664 1273 725 1289 cum
750 1266 919 1298 supradictis
945 1266 1088 1298 impressis
1114 1266 1278 1298 fragmentis
1308 1265 1436 1290 conferre
1460 1272 1519 1290 non
1545 1265 1649 1298 plgust,
1673 1266 1706 1290 ut
1730 1265 1945 1299 castigatiorem
1971 1266 2128 1292 Rornuaidi
2151 1266 2320 1299 editionum,

481 1312 593 1344 Lector,
611 1314 764 1347 acciperes:
783 1314 912 1346 quamvis
930 1316 962 1338 ut
980 1321 1076 1338 verum
1095 1314 1194 1344 fatear,
1213 1314 1298 1347 longe
1317 1314 1418 1338 melior
1436 1314 1615 1348 ampliorque
1632 1315 1783 1339 contextus
1803 1316 1901 1341 noster
1918 1316 1966 1347 sit,
1984 1314 2068 1349 quam
2085 1316 2137 1349 qui
2155 1323 2172 1342 ι
2195 1314 2319 1343 catusio

481 1362 663 1395 producitur3
681 1363 712 1387 in
731 1369 765 1387 eo
784 1363 922 1395 siquidem
941 1363 983 1387 ita
1002 1363 1161 1395 frequentes
1181 1365 1334 1388 occurrunt
1353 1362 1482 1388 detortae
1501 1371 1517 1388 a
1535 1364 1731 1396 grammaticis
1757 1364 1867 1397 legibus
1891 1372 1984 1396 voces,
2009 1366 2117 1392 fractae
2140 1365 2263 1400 periodi.
2286 1372 2320 1392 ac

482 1411 609 1436 involuti
628 1411 753 1436 obscuris
774 1412 984 1436 narrationibus
1004 1419 1097 1436 rerum
1115 1413 1242 1442 eventus,
1261 1413 1293 1436 ut
1311 1412 1362 1436 ille
1381 1412 1477 1445 potius
1497 1420 1531 1437 ex
1552 1414 1652 1437 nostro
1671 1413 1779 1446 corrigi
1797 1415 1946 1439 mereatur.
1982 1414 2180 1440 Nihilominus
2203 1414 2230 1440 si
2249 1413 2320 1448 quid

479 1460 656 1485 conformius
675 1460 710 1485 ad
728 1460 865 1485 historiae
883 1461 1039 1490 veritatem,
1059 1459 1134 1493 (raro
1153 1460 1259 1493 tamen)
1278 1463 1421 1494 repertum
1441 1463 1492 1492 est,
1511 1462 1609 1486 variae
1627 1462 1763 1487 lectionis
1782 1463 1848 1488 loco
1868 1463 1900 1488 in
1913 1463 1990 1489 calce
2001 1463 2176 1498 descriptum
2187 1464 2273 1499 leges,
2285 1469 2322 1488 ne

482 1509 600 1534 omnino
619 1509 702 1534 laude
720 1516 769 1534 sua
788 1510 881 1534 careat
899 1510 974 1534 tanti
999 1510 1055 1534 viri
1075 1510 1235 1543 diligentia.
1270 1510 1389 1535 Interim
1416 1510 1511 1536 studia
1537 1512 1635 1536 nostra
1658 1511 1782 1545 benigne
1800 1512 1995 1546 complectere,
2013 1515 2043 1539 et
2056 1511 2174 1540 'maiora
2197 1514 2230 1541 ia
2257 1512 2318 1539 dies

478 1558 597 1592 operite.
623 1558 703 1583 Vale.
2088 1579 2090 1582 ,
2347 1567 2363 1587 2
