2398 3470
197 232 369 256 Mux.,cc.122-

256 845 275 858 s.
294 844 330 861 15!
339 844 353 858 a

246 1644 271 1658 ϊ.
288 1638 346 1662 1510

374 237 409 257 12³
443 223 511 258 124
1206 219 1520 256 CHRONICON
1978 223 2061 261 [ΛΑ.
2083 226 2117 254 c.
2134 226 2287 261 σοι-6η]

368 2813 398 2830 10

435 291 2284 304 .........................................................................................................................................................................................................

429 359 610 396 postquam
633 364 711 385 cum
735 359 843 385 matre
869 354 992 386 decem
1023 358 1231 397 regnauerat
1262 351 1370 389 annis,
1397 352 1411 367 “
1429 350 1475 383 de
1498 360 1607 393 regno
1639 350 1770 383 eiectus
1793 357 1845 384 est
1868 357 1903 384 et
1933 362 1954 384 a
1979 351 2220 396 Langobardis
2250 351 2287 382 in

439 408 452 423 “
468 406 544 439 loco
560 406 632 438 eius
645 406 833 439 Arioaldus
848 411 901 438 est
917 406 1151 444 substitutus„
1177 403 1282 436 Circa
1297 404 1361 436 hec
1379 410 1534 446 tempora
1552 405 1567 421 ‘⁴
1579 404 1700 437 beatus
1714 404 1958 444 Columbanus,
1973 415 2102 449 genere
2126 405 2286 443 Scothus,

435 462 449 476 “
463 465 643 502 postquam
667 459 704 490 in
728 459 842 492 Gallia
864 460 901 491 in
915 459 995 492 loco
1020 459 1079 501 qui
1101 458 1294 490 Luxouium
1319 457 1451 490 dicitur
1473 458 1716 490 monasterium
1744 463 1995 498 construxerat,
2018 459 2053 491 in
2072 458 2204 491 Italiam
2227 467 2287 490 ue-

436 515 449 530 “
462 513 570 550 niens,
587 512 832 544 monasterium
848 513 943 555 quod
958 511 1106 544 Bobium
1124 511 1250 544 dicitur
1262 511 1297 542 in
1311 510 1462 553 Alpibus
1476 510 1600 544 Cottiis
1616 511 1845 551 edificauit„¹.
1869 511 2066 544 Clotharius
2080 521 2166 545 uero
2178 511 2287 544 Fran-

428 576 546 597 corum
570 575 631 597 rex
654 575 746 597 anno
770 566 869 609 regni
892 566 945 598 sui
967 575 1098 597 xnvnn
1134 563 1370 608 Dagobertum
1404 564 1509 597 filium
1545 575 1642 597 suum
1673 564 1774 608 regni
1805 565 1893 597 fecit
1928 571 2135 598 consortem.
2181 564 2286 597 Anno
2333 564 2350 596 5

429 624 542 650 autem
575 628 648 651 xV1.
684 623 845 660 suscepte
881 619 1093 657 monarchie,
1128 617 1265 660 paterni
1299 623 1414 650 autem
1449 618 1546 661 regni
1570 627 1690 657 XL1111,
1721 618 1917 651 Clotharius
1946 629 2009 651 rex
2038 618 2197 657 moritur,
2226 617 2286 661 qui

426 671 480 702 aui
504 671 556 703 sui
581 670 692 703 simile
715 681 842 704 nomen
877 671 992 703 iunior
1024 671 1216 714 appellatus
1239 676 1306 703 est:
1332 671 1399 703 fuit
1423 676 1537 703 autem
1560 671 1613 703 uir
1636 671 1780 714 patiens,
1805 670 1927 704 litteris
1950 671 2118 710 eruditus,
2142 670 2287 710 timoris,

429 724 494 756 Dei
516 724 651 766 plenus,
675 725 886 767 pauperibus
908 724 1020 757 uictus
1051 724 1246 757 necessaria
1270 724 1434 763 tribuens,
1466 724 1694 757 ecclesiarum
1723 724 1801 766 Dei,
1833 730 1935 767 atque
1958 724 2179 758 sacerdotum
2203 733 2286 757 con-

427 778 558 815 sulens3
584 777 640 809 cui
664 778 882 821 Dagobertus
905 777 993 811 filius
1017 777 1192 816 successit,
1217 787 1258 809 ex
1283 777 1379 810 cuius
1395 778 1548 810 aduentu
1564 778 1693 810 fiducia
1709 777 1811 811 bonis
1836 778 2054 821 maximeque
2077 776 2288 820 pauperibus

432 836 517 869 orta,
541 830 723 863 seditiosos
746 841 828 863 uero
852 836 957 873 atque
981 831 1103 872 rapine
1135 830 1285 863 intentos
1315 831 1466 864 formido
1496 831 1613 875 grauis
1641 831 1828 870 inuaserat,
1860 841 1901 864 ac
1931 831 2080 874 quedam
2110 829 2285 864 mentium'
2312 827 2374 873 19⁵

427 883 674 916 consternatio.
720 883 787 916 Hic
813 883 915 916 beato
938 883 1091 916 Arnulfo
1114 883 1323 916 Metensium
1349 883 1499 917 ciuitatis
1522 885 1687 927 episcopo
1719 884 1765 917 ad
1789 884 2013 917 erudiendam
2040 884 2190 923 litteram
2216 888 2286 916 tra-

428 937 519 970 ditus
541 937 668 976 fuerat,
693 936 838 969 consilio
863 936 960 968 cuius
983 942 1104 979 postea
1128 936 1218 970 bene
1241 947 1284 970 ac
1306 938 1464 980 preclare
1480 938 1581 980 plura
1602 938 1766 970 iaciebat.
1812 937 2032 981 Dagobertus
2047 937 2286 981 quippesscun-

426 997 517 1023 ctam
541 990 717 1023 Austriam
751 1001 828 1022 cum
860 989 1072 1033 Bur-gandia,
1098 996 1327 1034 cunctamque
1351 990 1549 1023 Neustriam
1579 1001 1656 1024 cum
1682 991 1905 1024 Guasconum
1928 997 2022 1023 terra
2045 990 2200 1024 dominio
2222 999 2287 1023 suo

427 1044 579 1087 subegit;
603 1050 682 1087 post
705 1043 896 1076 discessum
912 1054 997 1076 uero
1013 1043 1105 1077 beati
1122 1043 1256 1076 Arnulfi
1273 1044 1366 1078 idem
1382 1045 1603 1088 Dagobertus
1619 1055 1680 1077 rex
1696 1045 1840 1078 consilio
1857 1045 1973 1087 Pipini
1989 1044 2047 1087 qui
2064 1049 2140 1078 erat
2154 1043 2286 1077 Maior-

428 1098 551 1131 domus
573 1097 735 1130 utebatur
746 1097 772 1130 ².
1266 1114 1268 1116 ·
2311 1093 2350 1129 15

515 1150 619 1183 Anno
633 1151 806 1184 dominice
819 1151 1069 1184 incarnationis
1081 1151 1232 1185 DCX11³
1245 1152 1427 1185 Heraclius
1439 1152 1636 1185 Heracliani
1649 1153 1746 1191 filius,
1761 1152 1876 1185 occiso
1890 1153 1919 1185 F
1920 1163 1996 1191 oca,
2013 1152 2045 1184 ei
2057 1152 2093 1184 in
2102 1151 2285 1195 imperium
2341 1143 2343 1145 ¹

423 1205 655 1240 substituitur:
688 1204 746 1236 hic
779 1205 960 1237 Heraclius
991 1205 1115 1238 multas
1146 1205 1344 1248 prouincias
1374 1217 1396 1238 a
1426 1206 1541 1239 Persis
1568 1217 1733 1248 pexuasas
1764 1206 1954 1248 reipublice
1978 1204 2140 1246 restituit,
2166 1214 2286 1238 mona-
2322 1216 2325 1219 ·

424 1258 598 1291 machiam
629 1267 781 1301 pugnam
814 1268 893 1290 cum
925 1259 1069 1291 ductore
1101 1259 1275 1291 exercitus
1306 1258 1499 1299 Persarum,
1530 1260 1708 1302 proposita
1739 1259 1835 1303 lege,
1865 1259 1940 1302 ipse
1971 1258 2154 1291 Heraclius
2179 1257 2285 1302 elegit

424 1321 572 1354 eumque
595 1321 797 1353 percussum
814 1321 905 1354 equo
923 1312 1053 1344 deiecit
1069 1318 1239 1344 mortuum
1253 1311 1277 1351 ⁴,
1294 1312 1449 1345 Chosroe
1472 1322 1611 1356 quoque
1627 1322 1746 1356 regem
1762 1312 1944 1345 Persarum
1960 1312 2078 1355 gladio
2094 1321 2157 1344 suo
2179 1311 2285 1344 inter-

423 1365 528 1398 fecit:
553 1364 657 1397 filium
681 1374 766 1397 uero
791 1364 864 1397 eius
887 1364 1098 1407 baptizatum
1123 1365 1168 1397 de
1192 1375 1292 1398 sacro
1315 1365 1415 1398 fonte
1439 1366 1568 1398 leuauit
1591 1376 1739 1408 eumque
1755 1375 1877 1409 regem
1901 1365 1938 1397 in
1962 1375 2071 1409 regno
2095 1364 2283 1403 constituit,
2307 1364 2350 1397 20

423 1425 702 1463 peruagatusque
726 1418 922 1450 uniuersam
945 1414 1138 1457 Persidem,
1163 1424 1340 1462 argentum
1358 1419 1461 1451 turris
1487 1419 1523 1451 in
1539 1430 1608 1462 qua
1624 1418 1779 1452 Chosroe
1795 1418 1914 1452 sedem
1929 1419 2167 1458 constituerat,
2181 1427 2285 1451 exer-

425 1473 509 1506 citui
532 1483 596 1505 suo
619 1472 749 1505 tribuit.
795 1471 929 1505 Aurum
952 1482 1037 1504 uero
1061 1473 1312 1505 restauratione
1329 1473 1500 1515 deputans
1517 1472 1755 1512 ecclesiarum,
1770 1483 1856 1515 quas
1878 1472 2034 1506 chosroe
2057 1472 2284 1512 destruxerat,

424 1527 498 1569 ipse
521 1525 702 1558 Heraclius
726 1535 803 1558 cum
827 1525 1032 1559 multimoda
1053 1526 1163 1569 preda
1186 1537 1228 1559 ac
1253 1532 1388 1569 septem
1415 1526 1605 1569 elephantis
1627 1527 1743 1559 multis
1770 1526 1896 1569 opibus
1926 1525 2088 1565 oneratis,
2111 1531 2285 1569 assumpta

423 1579 527 1611 etiam
557 1578 747 1612 Saluatoris
786 1589 903 1618 cruce,
934 1579 1211 1623 Hierosolymam
1243 1580 1412 1612 remeauit
1452 1579 1631 1623 ipsamque
1666 1589 1805 1612 crucem
1844 1579 1881 1611 in
1913 1575 1994 1612 loco
2025 1588 2088 1611 suo
2118 1578 2283 1622 reposuit,

423 1633 581 1675 captiuos
603 1632 639 1664 in
655 1633 797 1675 propria
819 1632 969 1666 restituit
993 1633 1040 1666 ac'
1066 1633 1193 1666 deinde
1217 1632 1554 1676 Constantinopolim
1577 1632 1694 1666 rediit.
1740 1632 1823 1666 Fuit
1850 1638 1965 1666 autem
1989 1631 2172 1665 Heraclius
2186 1631 2284 1666 uultu
2306 1631 2348 1666 25

423 1687 580 1724 decorus,
604 1685 679 1717 uisu
702 1685 834 1724 hilaris,
866 1691 997 1719 statura
1020 1687 1219 1725 mediocris,
1245 1686 1365 1730 egregi
1388 1697 1476 1730 eque
1508 1686 1730 1726 fortitudinis,
1761 1687 1819 1730 qui
1847 1696 1931 1729 sepe
1961 1686 2080 1718 leones
2109 1686 2147 1718 in
2177 1696 2284 1720 arena
2366 1682 2368 1685 ’

421 1740 539 1782 plures
554 1739 794 1772 interfecerit:
811 1750 959 1783 cumque
976 1740 1086 1773 literis
1109 1741 1248 1774 abunde
1265 1747 1356 1774 esset
1371 1740 1567 1780 instructus,
1584 1741 1629 1773 ad
1645 1741 1804 1774 ultimum
1821 1739 2012 1783 astrologus
2027 1739 2183 1773 efficitur.
2213 1739 2283 1774 Hic

422 1792 553 1825 sociata
577 1791 642 1825 sibi
664 1792 739 1824 iure
764 1792 930 1825 connubii
953 1793 1081 1826 sororis
1105 1803 1165 1826 sue
1189 1793 1259 1826 filia
1281 1794 1318 1826 in
1342 1793 1538 1838 Euthychis
1562 1793 1725 1837 delapsus
1756 1799 1807 1826 est
1829 1799 1971 1826 sectam.
1992 1829 2003 1840 ,
2017 1791 2099 1831 Quo
2125 1797 2283 1836 tempore

422 1846 626 1879 Anastasius
655 1848 669 1864 “
683 1845 792 1880 Persa
815 1847 1007 1880 monachus
1029 1847 1147 1880 nobile
1171 1858 1235 1890 pro
1266 1848 1406 1881 Christo
1430 1847 1634 1891 martyrium
1665 1847 1804 1890 patitur.
1852 1846 1925 1885 Qui
1957 1852 2056 1880 natus
2078 1847 2115 1879 in
2137 1846 2281 1880 Perside

427 1901 441 1917 ‘⁴
456 1899 610 1943 magicas
633 1911 654 1932 a
677 1905 776 1942 patre
799 1910 889 1943 puer
912 1907 1004 1934 artes
1028 1901 1200 1934 discebat:
1225 1900 1288 1934 sed
1311 1901 1371 1934 ubi
1396 1912 1416 1934 a
1440 1901 1586 1944 captiuis
1610 1901 1806 1934 christianis
1829 1900 1959 1933 Christi
1983 1910 2111 1934 nomen
2134 1909 2284 1943 accepe-
2307 1900 2350 1934 30

427 1955 517 1992 “rat,
541 1953 577 1984 in
601 1964 677 1985 eum
703 1963 784 1986 mox
808 1954 924 1986 animo
948 1961 1020 1987 toto
1045 1964 1243 1994 conuersus,
1268 1955 1390 1988 relicta
1413 1955 1569 1993 Perside,
1593 1954 1867 1998 Hierosolymam
1899 1954 2018 1996 petiit;
2045 1953 2106 1986 ubi
2135 1959 2284 1997 accepta

425 2007 440 2023 “
455 2005 667 2048 baptismatis
690 2007 805 2050 gratia
827 2008 1073 2040 monasterium
1099 2008 1240 2040 intrauit
1263 2008 1383 2051 ibique
1406 2019 1459 2040 vn
1483 2008 1584 2041 annis
1606 2008 1810 2052 regulariter
1836 2007 1930 2040 uixit.
1975 2007 2137 2040 Tandem
2161 2012 2283 2049 captus

429 2058 477 2088 “a
499 2057 626 2097 Persis,
650 2064 684 2090 et
706 2058 815 2090 multa
838 2058 897 2090 diu
932 2058 1081 2090 uerbera
1104 2059 1193 2091 inter
1226 2069 1387 2092 carceres
1417 2066 1451 2092 et
1481 2059 1623 2092 uincula
1654 2069 1849 2102 perpessus,
1880 2058 2023 2091 mittitur
2041 2058 2098 2091 ad
2126 2057 2283 2091 Chosroe

428 2111 571 2154 “regem
595 2109 789 2148 Persarum,
813 2122 835 2143 a
857 2121 927 2154 quo
951 2112 1055 2144 tertio
1079 2123 1143 2154 per
1166 2112 1350 2145 interualla
1372 2113 1542 2155 temporis
1565 2112 1768 2145 uerberatus
1801 2112 1846 2144 ad
1869 2117 2060 2144 extremum
2083 2122 2152 2144 una
2179 2121 2282 2144 manu

427 2165 520 2206 “per
541 2169 614 2196 tres
638 2164 740 2196 horas
764 2164 835 2197 diei
858 2175 1055 2207 suspensus,
1079 2166 1128 2198 sic
1165 2165 1357 2199 decollatus
1392 2176 1472 2199 cum
1505 2165 1582 2199 aliis
1613 2175 1686 2198 Lxx
1717 2165 1919 2209 martyrium
1952 2164 2152 2207 compleuit.
2197 2164 2284 2198 Mox
2306 2162 2348 2198 35

427 2219 441 2234 ‘⁴
455 2217 573 2250 tunica
597 2217 671 2250 eius
694 2218 835 2251 indutus
859 2218 1001 2261 quidam
1018 2218 1245 2252 demoniacus
1261 2226 1400 2252 curatus
1416 2225 1478 2252 est.
1526 2220 1664 2252 Interea
1680 2218 1928 2262 superueniens
1946 2229 2023 2250 cum
2042 2217 2196 2251 exercitu
2211 2217 2284 2251 He-

512 2379 536 2396 2.
557 2372 706 2397 institutus
729 2372 764 2401 C;
783 2373 841 2398 AB
858 2374 991 2405 conformi
1014 2375 1139 2404 PAULUSy
1160 2375 1207 2406 IV,
1227 2382 1260 2408 43
1280 2388 1291 2394 -
1309 2376 1414 2408 gothus
1438 2375 1473 2406 (ἔς
1493 2375 1652 2407 Scotorum,
1678 2376 1804 2405 PAULUS,
1824 2375 1842 2399 l.
1862 2382 1885 2399 c.
1905 2388 1938 2392 -
1962 2382 1987 2406 4.
2007 2373 2105 2399 Cociis
2124 2374 2152 2398 B
2169 2380 2183 2397 e
2204 2372 2280 2398 Sam

422 2419 447 2445 5.
465 2415 583 2440 XXXIV
601 2414 624 2438 C
641 2428 673 2433 —-
693 2415 719 2439 6.
738 2423 787 2439 rex
806 2423 900 2440 manca
915 2417 941 2440 B
959 2425 971 2440 e
993 2418 1070 2442 Sasso
1083 2431 1115 2434 —
1136 2424 1160 2450 7.
1174 2417 1267 2442 literis
1282 2419 1309 2442 B
1320 2426 1333 2442 e
1346 2418 1423 2442 Sasso
1437 2432 1467 2436 —
1487 2425 1526 2442 10.
1541 2418 1667 2443 diciosos
1684 2418 1750 2443 0-
1766 2425 1807 2442 11.
1820 2417 1972 2449 Arnulpho
1990 2416 2034 2440 C-
2047 2416 2218 2441 Metencium
2235 2413 2278 2440 C·

421 2457 592 2482 audiendam
606 2456 668 2490 (non
681 2458 878 2489 erudiendam)
899 2472 907 2476 -
928 2459 1040 2483 literam
1062 2460 1088 2483 B
1104 2468 1118 2483 e
1136 2460 1213 2484 Sasso
1227 2474 1259 2478 ——
1276 2467 1314 2492 ¹3-
1330 2467 1381 2484 suo
1401 2460 1534 2485 dominio
1552 2460 1578 2484 B
1596 2468 1609 2484 e
1628 2460 1704 2485 Sasso
1723 2474 1756 2478 —-—
1778 2467 1818 2492 14.
1838 2459 1991 2484 dissessum
2013 2458 2036 2483 C
2052 2471 2061 2476 -
2080 2465 2129 2482 rex
2148 2463 2241 2482 manca
2255 2457 2281 2481 B

422 2513 454 2517 —
478 2498 516 2524 16.
537 2499 606 2523 anni
625 2499 745 2524 Domini
767 2501 794 2524 B
811 2508 825 2524 e
844 2500 920 2525 Sasso
940 2514 949 2518 —
969 2501 1098 2525 Eraclius
1122 2502 1145 2525 C
1161 2515 1172 2520 -
1192 2502 1286 2526 Phoca
1302 2502 1326 2526 C
1343 2516 1352 2520 -
1372 2502 1501 2527 Eraclius
1523 2504 1546 2527 C
1563 2517 1596 2521 —
1619 2501 1706 2535 17-18.
1727 2501 1954 2527 monamachiam
1975 2515 2006 2519 —
2030 2499 2070 2525 18.
2092 2500 2208 2525 doctore
2230 2498 2254 2523 C
2270 2512 2279 2516 -

422 2541 551 2566 Eraelius
570 2542 631 2574 ipse
651 2542 760 2574 peregit
777 2542 801 2566 C
817 2556 850 2561 -
870 2549 911 2567 22.
932 2544 1135 2568 restaurationi
1154 2544 1177 2567 C
1194 2559 1226 2562 —
1247 2551 1289 2577 23.
1308 2544 1472 2577 ulephantis
1494 2544 1518 2569 C
1533 2558 1544 2563 -
1563 2545 1713 2577 absumpta
1726 2544 1816 2569 Sassoz
1829 2544 1890 2568 AB
1902 2543 1925 2567 C
1941 2544 2085 2575 assumpta
2104 2555 2137 2564 -
2151 2541 2278 2574 24.1eru·

421 2583 554 2607 solimam
569 2583 592 2607 C
602 2597 634 2601 —-
649 2588 690 2614 ²5-
705 2584 833 2608 Eraclius
849 2585 875 2608 B
889 2584 912 2608 C
923 2597 955 2602 —
976 2584 1017 2609 26.
1032 2586 1140 2617 hylaris
1158 2586 1181 2610 C
1192 2600 1224 2604 —
1240 2592 1282 2619 27.
1292 2586 1440 2611 interfecit
1455 2588 1481 2611 Β
1492 2594 1504 2610 e
1517 2586 1594 2611 Sasso
1614 2600 1622 2605 -
1637 2587 1743 2611 litteris
1756 2587 1888 2611 habunde
1910 2585 1934 2610 C
1949 2599 1982 2603 —
2004 2584 2046 2610 28.
2058 2584 2195 2609 Ieutichls
2211 2582 2278 2608 G—

423 2631 465 2658 ²9·
484 2626 643 2650 martirium
666 2626 700 2655 C;
714 2627 737 2650 Α
751 2627 776 2650 Β
787 2626 920 2657 conformi
930 2627 1020 2655 Bana,
1033 2628 1075 2652 De
1087 2635 1132 2652 sex
1144 2631 1220 2653 aetat.
1235 2629 1386 2654 mur-dicit.
1401 2643 1433 2648 —
1447 2636 1490 2661 30.
1504 2631 1545 2654 set
1562 2629 1585 2653 C
1595 2642 1606 2648 -
1626 2637 1728 2654 nomen
1750 2629 1859 2654 Christi
1874 2629 1902 2653 B
1918 2635 1932 2652 e
1945 2628 2021 2652 Sauo
2034 2619 2123 2662 *3²*-
2137 2626 2242 2659 septem
2257 2625 2282 2650 C

423 2680 456 2685 —
471 2675 511 2699 33.
527 2667 673 2693 Chosdroe
689 2668 712 2692 C
730 2682 763 2687 —
776 2676 817 2701 34.
833 2670 923 2694 tercio
940 2669 974 2698 C;
989 2677 1088 2695 manca
1102 2671 1132 2695 in
1148 2672 1175 2695 B
1186 2679 1199 2694 e
1212 2671 1289 2696 Sasso
1303 2685 1335 2690 —
1350 2677 1393 2704 35.
1407 2672 1590 2704 septuaginta
1610 2673 1637 2697 B
1654 2679 1668 2695 e
1686 2671 1765 2697 Sasso
1785 2685 1817 2690 -
1836 2671 1879 2703 36.
1898 2672 2026 2696 tunicam
2043 2670 2068 2695 A

516 2766 522 2782 ¹
544 2767 666 2798 Pam-us,
686 2769 733 2798 IV,
753 2775 837 2794 xuu.
856 2776 875 2792 R
889 2771 969 2801 parte
989 2770 1072 2804 copia
1086 2771 1294 2796 letteralmente
1313 2780 1327 2796 e
1381 2774 1460 2797 tomo
1480 2771 1565 2804 XCV,
1587 2774 1640 2797 col.
1663 2778 1713 2805 733
1733 2781 1747 2797 e
1769 2771 1828 2805 736.
2311 2771 2341 2799 15

426 2811 504 2841 parte
524 2811 637 2835 omette.
1469 2814 1480 2832 ³
1499 2815 1522 2839 11
1534 2815 1643 2840 calcolo
1657 2815 1794 2840 differisce
1808 2815 1843 2839 da
1854 2814 1944 2845 Bana,
1957 2813 2079 2838 Historia
2089 2811 2281 2841 Rea-leuantem,
2360 2815 2362 2818 ’

513 2849 524 2866 ²
544 2851 590 2876 Cf.
604 2852 689 2882 IDEM,
703 2853 737 2882 V,
756 2860 858 2882 xxxu;
880 2854 927 2884 VI,
946 2861 1000 2879 xvr
1018 2863 1032 2879 e
1051 2855 1170 2880 Libellus
1185 2856 1217 2880 de
1234 2857 1328 2881 ordine
1381 2856 1415 2886 ΙΙ,
1437 2856 1477 2886 18,
1497 2865 1523 2889 p.
1547 2864 1610 2882 112:
1633 2858 1710 2882 “....
1730 2856 1938 2890 imperantibus
1952 2856 2077 2880 dominis
2097 2851 2204 2879 nostris
2222 2851 2280 2877 Au-

423 2893 602 2924 suscoporum
612 2896 723 2925 quistbi
731 2896 764 2919 ab
777 2896 833 2927 ipso
839 2897 1032 2928 predicationis
1044 2898 1150 2922 exordio
1163 2898 1194 2922 in
1203 2898 1330 2923 Mettensi
1383 2898 1397 2911 “
1407 2899 1495 2931 gusti,
1507 2899 1638 2924 Heraclio
1650 2907 1727 2924 anno
1739 2899 1875 2923 vicesimo
1885 2899 1987 2930 quarto
1996 2917 2001 2922 .
2011 2914 2018 2922 .
2028 2916 2033 2921 .
2043 2916 2049 2922 .
2058 2897 2140 2925 idest.
2149 2901 2226 2920 anno
2233 2895 2281 2919 do·

425 2935 529 2959 civitate
546 2940 743 2965 successerunt
761 2938 790 2962 S.
809 2937 918 2970 Arnolfi
934 2939 1050 2970 episcopi
1072 2939 1131 2963 Vita
1149 2942 1175 2963 et
1191 2939 1327 2964 Mn'rawla
1384 2940 1397 2954 “
1409 2942 1513 2966 minice
1534 2942 1746 2966 incarnationis
1766 2940 1972 2966 sexcentesimo
1990 2939 2139 2972 trigesimo
2152 2938 2279 2970 quartoW
2382 2953 2385 2970 ἦ

426 2977 589 3010 (secundum
601 2977 856 3010 Surium)aPAULo
867 2980 1009 3005 Dncoxro
1020 2982 1127 3013 scripta,
1138 2982 1167 3006 in
1175 2982 1325 3010 Patmlat„
1469 2982 1478 2998 ⁴
1499 2984 1621 3008 Htstorta
1639 2983 1768 3014 Mz‘scella,
1788 2984 1837 3007 lib.
1857 2982 1950 3007 XVIII
1971 2981 2143 3006 “Heraclius
2155 2999 2178 3013 η.
2306 2984 2342 3004 20
2379 2993 2385 3013 J
