2398 3470
109 235 160 272 [A.
179 236 212 266 c.
234 203 426 269 1012210221
694 226 981 263 ROMUALDI
997 223 1372 280 ‚SALERNITANI
1895 219 1965 259 175
1997 232 2108 252 Mu.-.
2124 232 2203 255 ...1⁶⁷

109 349 196 381 fines
217 358 282 391 per
303 352 467 381 statutum
490 346 712 390 priuilegium
743 345 858 377 eidem
889 344 1056 378 stabiliuit
1080 343 1211 376 ciuitati
1226 341 1248 375 ¹.
1294 342 1334 374 In
1364 342 1456 374 hanc
1489 342 1666 374 ciuitatem
1699 340 1780 373 olim
1811 346 1966 382 tempore

109 401 258 434 Adriani
280 400 509 444 imperatoris,
532 400 591 443 qui
614 398 770 432 Traiano
793 403 1017 436 successerat,
1034 397 1100 430 fuit
1124 396 1167 430 ab
1184 395 1377 439 apostolica
1392 396 1476 427 sede
1493 395 1615 427 missus
1631 393 1854 427 Eleutherius
1866 392 1878 410 ²
1893 393 1968 435 epi-

113 464 240 497 scopus
263 454 322 497 qui
346 459 425 496 post
448 453 535 486 duos
566 462 675 485 annos
702 452 794 484 iussu
824 450 949 493 ipsius'
974 450 1121 483 Adriani
1151 449 1267 483 Rome
1298 449 1424 481 ductus
1454 459 1497 481 ac
1527 458 1648 491 passus
1679 453 1741 481 est.
1788 447 1964 490 Tempore
2014 461 2108 475 mom

14 540 17 545 ,,
111 517 251 551 quoque
273 506 473 540 Dioclitiani
496 512 533 539 et
554 504 797 538 Maximiniani
820 505 1068 547 imperatorum
1092 503 1205 543 extitit
1226 502 1264 535 in
1285 502 1353 534 hac
1377 502 1499 535 Ecana
1522 502 1664 534 ciuitate
1695 501 1836 534 Marcus
1849 500 1861 519 ³
1892 501 1966 543 epi-

16 576 25 599 j
44 561 63 594 5
109 571 237 604 scopus
258 560 318 604 qui
340 560 506 604 martyrio
529 559 635 592 uitam
659 558 781 590 finiuit.
828 557 874 590 Et
896 564 974 600 post
997 557 1250 600 aliquantorum
1274 566 1441 588 annorum
1472 555 1645 588 curricula
1675 554 1745 587 fuit
1775 555 1809 586 in
1841 552 1964 587 eadem

23 613 26 615 ’
109 612 196 646 urbe
220 611 465 647 Secundinus⁴
489 612 675 654 episcopus
697 610 757 653 qui
781 610 965 642 confessor
987 615 1021 642 et
1043 615 1184 642 sanctus
1207 608 1330 641 multas
1357 614 1553 640 sanctorum
1585 607 1752 640 ecclesias
1775 606 1969 639 renouauit.

113 666 129 683 “
142 666 222 709 Ipse
246 666 349 699 etiam
371 665 633 709 prenominatus
655 664 835 706 catipauus
858 662 893 694 in
918 663 1042 695 finibus
1059 662 1189 708 Samnii
1213 667 1248 695 et
1262 660 1391 703 Apulie
1407 660 1585 692 edificauit
1601 670 1642 692 ac
1659 659 1837 692 constituit
1853 659 1971 702 plures

111 718 214 752 urbes
237 724 272 752 et
295 718 441 762 oppida3
466 717 612 761 ipsaque
636 717 734 761 regio
750 727 860 760 usque
877 716 983 749 hodie
999 716 1184 759 Catipania
1200 726 1244 748 ex
1259 724 1322 747 suo
1337 714 1478 747 nomine
1494 713 1623 746 dicitur
1634 713 1656 746 ⁵.
1703 713 1839 752 Quarto
1855 718 1970 745 autem

23 806 25 808 .
112 781 203 805 anno
218 777 297 815 post
312 771 468 814 predicte
485 770 636 804 ciuitatis
651 770 759 802 Troie
776 769 1111 809 rehedificationem‚
1128 769 1166 801 in
1181 778 1275 801 anno
1289 767 1457 801 uidelicet
1472 766 1724 799 incarnationis
1747 765 1887 798 Domini
1904 765 1970 798 ΜΟ.

28 847 31 850 »
50 827 90 858 10
111 824 278 858 uicesimo
294 824 452 858 secundo
468 823 660 856 indictione
677 823 711 856 V
727 821 900 855 Henricus
916 821 1190 855 Alamannorum
1206 822 1394 864 imperator
1410 820 1545 864 ingenti
1567 830 1645 852 cum
1669 819 1836 857 exercitu,
1868 818 1972 851 simul
1995 834 2050 848 1022.

114 885 150 912 et
173 888 252 911 cum
274 877 468 910 Benedicto
490 887 584 920 papa
605 876 703 909 uenit
727 886 832 919 super
854 876 965 918 ipsam
982 876 1159 908 ciuitatem
1175 874 1380 918 obseditque
1397 885 1474 906 eam
1489 883 1554 916 per
1577 879 1727 916 quatuor
1748 883 1884 905 menses
1899 883 1972 904 ma-

113 931 228 964 chinis
250 925 345 963 illam
369 931 506 964 fortiter
529 939 744 974 expugnans.
791 929 985 972 Imperator
1008 929 1124 972 itaque
1148 928 1272 961 uidens
1294 927 1388 971 quod
1411 938 1486 959 eam
1509 927 1584 959 sine
1615 937 1712 959 mora
1744 936 1871 969 capere
1901 936 1972 958 non

113 990 231 1028 posset
253 1002 295 1008 —
320 983 458 1017 dixerat
481 983 575 1016 enim
596 983 704 1015 iratus
727 983 822 1026 quod
846 982 876 1014 si
900 993 976 1015 eam
998 983 1034 1014 ui
1058 981 1208 1024 cepisset
1223 981 1336 1014 statim
1352 981 1547 1013 destrueret
1562 998 1604 1003 —
1620 979 1736 1012 timuit
1751 979 1819 1011 sibi
1835 979 1972 1022 suisque

112 1037 259 1071 estiuum
282 1035 410 1080 Apulie
435 1037 599 1075 calorem,
623 1041 659 1068 et
681 1035 731 1068 sic
756 1035 951 1078 composita
973 1046 1061 1078 pace
1085 1046 1165 1068 cum
1190 1035 1334 1072 ciuibus,
1359 1033 1608 1076 obsidibusque
1632 1033 1677 1066 ab
1693 1034 1743 1066 eis
1757 1033 1911 1075 receptis
1925 1033 1972 1064 ad

112 1091 256 1134 propria
272 1096 323 1123 est
338 1099 510 1123 reuersus.
549 1089 759 1121 Pandulfum
776 1094 891 1121 autem
907 1088 1112 1131 Capuanum
1129 1088 1323 1131 principem
1338 1098 1456 1120 secum
1472 1087 1509 1119 in
1529 1085 1772 1120 Alamanniam
1790 1086 1939 1118 deduxit
1951 1085 1973 1117 ⁶.

1989 551 2157 576 Reliedificalio

2016 579 2082 598 Troie
2093 579 2193 602 1018-1019

1997 776 2112 796 obsidium
2130 776 2196 795 Troie

31 1112 34 1126 2
50 1092 88 1124 15

203 1209 230 1235 3.
249 1202 390 1227 HadrIani
412 1202 492 1227 Sasso
504 1214 515 1219 -
527 1199 587 1234 ppi’
610 1199 638 1226 C.
658 1200 689 1225 di
701 1200 795 1232 prima
809 1209 892 1232 mano,
907 1203 1024 1225 corretto
1037 1200 1129 1232 ipsius
1148 1205 1194 1225 con
1213 1208 1320 1226 rasura.
1336 1213 1368 1218 -
1382 1207 1408 1233 4.
1421 1200 1589 1224 Diocletani
1605 1200 1632 1224 B
1644 1198 1823 1223 Diocletiani
1840 1199 1863 1222 C
1874 1198 1904 1222 in
1924 1198 1974 1222 hec

113 1248 235 1272 civitate
252 1246 349 1272 Ecana
366 1246 393 1270 B
406 1255 420 1271 e
433 1246 522 1275 Sus-so,
541 1245 637 1270 Ecana
655 1245 724 1270 urbe
739 1246 769 1271 C.
783 1244 917 1270 Marchus
931 1246 956 1271 C
968 1258 1001 1264 -
1015 1251 1039 1276 5.
1053 1246 1158 1277 quique
1172 1245 1310 1278 martyrio
1323 1245 1358 1270 A.
1371 1257 1382 1264 ·-
1395 1245 1545 1277 aliquanta
1566 1251 1719 1268 annorcem
1742 1256 1773 1261 -
1794 1248 1818 1275 7.
1834 1244 1863 1266 in
1878 1242 1969 1266 fimnii

117 1293 148 1318 C.
169 1304 201 1320 -÷
220 1290 246 1316 8.
265 1290 430 1316 hedfficauit
451 1291 480 1315 C.
500 1303 510 1308 -
529 1289 618 1325 hodie
637 1287 794 1322 Catipania
820 1289 928 1314 dicitur
947 1290 990 1320 Ag
1009 1288 1170 1322 Campania
1195 1297 1231 1314 ex
1255 1297 1307 1314 suo
1332 1289 1449 1314 nomine
1469 1289 1574 1314 dicitur
1594 1289 1621 1312 B
1640 1301 1671 1306 -—
1691 1295 1717 1321 9.
1737 1287 1867 1312 ciuitatis
1892 1287 1971 1311 rehe-

115 1336 312 1361 distentionem
330 1335 372 1366 Ag
390 1334 632 1360 reedificationem
647 1335 698 1359 Be
711 1334 801 1360 Sasso.
821 1347 853 1352 -
871 1341 910 1367 13.
925 1335 1001 1366 quod
1015 1341 1077 1359 eam
1098 1342 1156 1359 non
1177 1335 1239 1359 sine
1258 1341 1337 1359 mora
1356 1341 1455 1367 capere
1475 1335 1571 1367 posset
1592 1333 1621 1359 C.
1642 1342 1656 1357 e
1674 1333 1773 1358 Arndt.
1788 1345 1799 1350 -
1813 1332 1912 1357 timuit
1931 1332 1974 1356 ibi

82 1389 95 1414 5
111 1382 140 1406 C.
161 1393 194 1399 -—
215 1387 257 1413 15·
275 1380 450 1405 Pandulsum
469 1379 636 1412 Capuanum
657 1380 691 1404 B.

56 1619 88 1637 ιο

111 1443 221 1468 secundi
246 1443 326 1468 XXI
338 1441 342 1475 Ι
358 1442 501 1467 indictione
527 1442 554 1467 V.
573 1448 642 1466 anno
669 1449 718 1474 qno
742 1441 892 1467 Gulielmus
919 1442 1016 1467 tertius

114 1487 332 1511 Nora-annornm
350 1485 413 1510 Dux
427 1483 433 1517 1
449 1484 563 1510 Salerni
579 1484 646 1509 obiit
660 1482 665 1516 Ι
681 1487 766 1509 morte
782 1484 917 1509 communi.

202 1525 211 1543 ¹
231 1525 277 1552 Cf.
297 1526 484 1556 Tmuenm,
497 1526 624 1559 Syllabas
633 1534 782 1559 grecarum
794 1527 1016 1559 membranarum,

115 1578 142 1595 n.
161 1568 255 1595 xvm
273 1577 288 1594 e
306 1568 368 1594 XX.
386 1568 441 1594 Del
459 1568 622 1601 Privilegio
641 1569 688 1594 del
707 1576 771 1602 gen.
797 1575 865 1601 10²4
890 1568 1015 1599 l’Arndt,

113 1620 130 1637 a
148 1611 309 1644 proposito,
326 1610 364 1635 ha
382 1611 527 1644 rIportato
555 1610 775 1642 dall’UonuLm,
804 1610 859 1636 Sic.
879 1611 976 1640 Sacra,
994 1610 1016 1639 Ι,

117 1660 184 1687 1334
204 1653 226 1677 il
245 1653 335 1678 brano
356 1659 412 1686 seg.
431 1653 482 1678 che
500 1653 524 1677 si
550 1653 588 1679 ha
606 1660 677 1686 pure
704 1654 734 1677 in
755 1652 929 1678 Trinchera:
955 1653 1018 1678 Illis

114 1697 159 1729 qai
175 1699 237 1721 sunt
255 1696 288 1720 de
301 1698 438 1727 potestate
461 1699 488 1721 et
516 1696 652 1720 dominatu
678 1696 799 1720 comitum
827 1695 1017 1720 Arianensium

114 1739 255 1763 voluntate
267 1737 455 1769 predictorum
474 1738 595 1763 comitum
615 1746 632 1762 a
651 1738 767 1763 Francis
786 1746 814 1763 se
839 1738 1018 1762 dividentibus

115 1785 142 1806 et
159 1781 199 1806 ad
210 1783 321 1812 partem
339 1780 480 1805 victoriosi
498 1783 525 1805 et
542 1780 707 1805 sanctissimi
725 1780 896 1812 imperatoris
910 1788 1018 1805 curren-

123 3007 204 3033 'ruiti
224 3008 236 3032 1
253 3007 375 3032 cronisti
395 3007 511 3032 italiani
531 3014 545 3031 e
564 3007 696 3032 stranieri
718 3013 770 3031 son
796 3005 947 3031 d'accordo
967 3006 1024 3031 sul-

1069 1441 1168 1466 l’anno
1182 1441 1362 1466 dell’assedio
1376 1441 1405 1466 di
1419 1441 1517 1472 Troia,
1528 1440 1710 1465 differiscono
1722 1441 1820 1465 invece
1831 1440 1970 1464 sull’esito

1070 1483 1268 1516 dell’impresa.
1289 1482 1421 1509 Cronisti
1440 1492 1454 1508 e
1473 1484 1572 1508 storici
1594 1484 1718 1508 italiani.

1159 1526 1258 1551 Lupus
1277 1526 1553 1555 ΡκοτοεΡΜ-υκιυε,
1573 1526 1604 1550 in
1626 1525 1666 1550 M.
1684 1524 1719 1550 G.
1739 1525 1782 1554 H„
1801 1524 1849 1550 SS.
1869 1524 1903 1556 V,
1923 1529 1972 1556 572

1073 1569 1086 1582 “
1099 1574 1175 1593 1022.
1194 1569 1281 1593 Venit
1300 1568 1423 1593 Enerich
1442 1568 1598 1600 imperator
1623 1568 1653 1592 in
1677 1567 1870 1592 Beneventum
1897 1574 1971 1591 men-

1071 1613 1084 1627 ⁴¹
1095 1618 1124 1635 se
1143 1611 1249 1642 martii,
1269 1612 1297 1636 et
1316 1610 1428 1636 obsedit
1448 1610 1595 1635 civitatem
1615 1609 1768 1634 Troiorum
1789 1608 1831 1641 [in
1851 1607 1970 1642 Capita-

1073 1653 1152 1686 nata]
1163 1671 1187 1685 η.

1160 1696 1277 1721 Annales
1298 1695 1485 1720 Beneventani
1493 1694 1543 1727 (Μ.
1557 1693 1592 1720 G.
1604 1695 1648 1725 H„
1661 1694 1708 1720 SS.
1721 1694 1770 1724 111,
1784 1693 1857 1726 178)=
1880 1694 1894 1707 “
1907 1700 1972 1718 1022
2006 1704 2016 1710 -

1073 1738 1258 1763 “indictione
1267 1739 1300 1763 V.
1308 1737 1455 1763 Predictus
1469 1738 1621 1762 Heinricus
1630 1745 1679 1762 rex
1687 1737 1766 1762 venit
1780 1737 1974 1762 Beneventum

1073 1783 1086 1797 α
1097 1788 1160 1806 cum
1180 1787 1254 1814 papa
1272 1781 1426 1806 Benedicto
1445 1780 1485 1805 III
1504 1780 1552 1805 die
1572 1781 1698 1805 intrante
1720 1787 1812 1804 :nense
1832 1780 1931 1804 Martii
1946 1782 1974 1804 et

1081 3006 1094 3019 ‘⁴
1105 3007 1146 3031 est
1166 3006 1213 3031 dle
1224 3023 1247 3037 ,,,

2001 1491 2033 1516 45

56 1829 86 1856 ις
114 1823 206 1848 tibus..
215 1838 223 1847 .
232 1841 238 1847 .
257 1821 424 1847 currentibus
434 1823 479 1847 hec
492 1822 592 1847 civitas
599 1826 654 1854 per
666 1824 761 1848 maltos
775 1827 802 1848 et
811 1823 1019 1847 innumerabiles
1075 1822 1089 1836 α
1098 1823 1244 1848 descendit
1252 1830 1338 1855 usque
1348 1822 1467 1848 Troiam
1475 1824 1504 1847 et
1512 1824 1589 1855 cepit
1598 1822 1621 1847 P
1631 1822 1806 1854 landulfum]
1815 1822 1975 1854 principem

115 1872 196 1890 annos
215 1865 353 1889 destructa
371 1872 389 1889 a
406 1864 480 1889 nobis
499 1864 602 1889 baiulis
620 1864 719 1889 dommi
730 1864 903 1896 imperatoris
915 1867 1018 1888 restau-
1074 1865 1087 1879 ⁸
1096 1865 1119 1891 C
1131 1865 1299 1899 [apuanum]
1311 1883 1335 1897 η.
1348 1865 1503 1890 Trascrivo
1514 1865 1637 1889 secondo
1646 1865 1667 1889 il
1678 1865 1822 1891 chronicon
1832 1864 1859 1889 S.
1871 1864 1975 1895 sophie,

114 1910 179 1932 rata
198 1915 231 1932 ac
257 1907 322 1931 bene
340 1906 441 1931 munita
471 1910 519 1935 est.
560 1907 639 1941 Quae
664 1907 764 1932 civitas
799 1908 881 1932 Troia
907 1910 1021 1932 vocatur
1074 1909 1123 1933 clt.
1142 1907 1214 1933 Cod.
1234 1908 1378 1932 Vaticano
1397 1913 1476 1940 4939·
1495 1914 1519 1931 θ’
1542 1914 1572 1939 ¹3
1592 1907 1627 1931 A·
2005 1914 2036 1941 55

116 1953 143 1975 et
158 1956 216 1974 cnut
235 1957 334 1982 magno
352 1949 439 1974 stadio
459 1952 486 1974 et
503 1949 648 1974 velocitate
667 1958 725 1974 eam
757 1950 881 1974 habitare
892 1949 1019 1982 fecimus.
1161 1948 1279 1975 Annales
1300 1949 1442 1974 Casinense
1457 1948 1507 1980 (M.
1521 1947 1556 1973 G.
1568 1948 1611 1977 H„
1625 1948 1672 1973 SS.
1686 1948 1760 1978 xix,
1774 1944 1855 1981 306):
1869 1947 1883 1961 ‘⁴
1892 1948 1976 1972 Hein—
2040 1962 2044 1969 ι

36 2018 37 2021 Ἴ
122 1992 194 2017 Tunc
212 1999 278 2017 vero
295 1992 392 2024 rogati
403 1999 420 2016 a
439 1992 591 2016 concivibus
613 1992 737 2017 civitatis
755 2001 850 2021 samus,
863 1993 971 2026 utfines
993 1996 1021 2017 et
1077 1992 1090 2006 ‘¹
1101 1995 1177 2018 ricus
1197 1994 1354 2026 imperator
1372 1993 1454 2017 venit
1470 1992 1585 2017 Italiam
1605 1994 1633 2017 et
1653 1999 1735 2025 super
1750 1992 1868 2017 Trolam
1882 2009 1905 2025 η.

5 2047 11 2066 .3
31 2043 34 2049 ²
54 2042 89 2062 ιο
116 2034 243 2059 terminos
262 2037 356 2059 tantae
374 2033 486 2059 civitati
504 2037 642 2059 terrarum
667 2034 852 2060 stabiliremus
870 2038 898 2058 et
916 2035 1019 2068 praefi·
1162 2035 1226 2060 Lao
1246 2034 1405 2060 Osrnmszs
1423 2036 1452 2060 et
1464 2035 1583 2060 Penus
1596 2035 1763 2066 DxAcouus,
1780 2035 1911 2060 Chronica
1924 2043 1975 2059 mo-

6 2079 10 2086 '
113 2084 287 2109 gnrarenms.
326 2076 446 2110 Quornm
454 2076 631 2107 petitionibus
642 2077 810 2107 fidelissimis
822 2080 928 2101 nostras
942 2085 1021 2101 aures
1075 2078 1192 2104 nasceris·
1211 2077 1362 2104 casinensis
1381 2076 1432 2111 (M.
1451 2076 1487 2102 G.
1506 2078 1550 2106 H„
1569 2077 1616 2102 SS.
1635 2076 1698 2107 Vn,
1725 2085 1750 2102 c.
1770 2084 1814 2109 40,
1842 2085 1868 2109 p.
1894 2076 1975 2109 654).-

11 2151 17 2158 ,.
117 2118 285 2150 applicantes
303 2119 357 2143 ete.
398 2118 440 2143 lta
458 2126 504 2143 nos
522 2118 610 2143 baiuli
626 2119 717 2144 domni
734 2119 907 2150 imperatoris
925 2119 1020 2143 divisi·
1075 2127 1098 2145 c.
1117 2127 1160 2153 41,
1180 2127 1207 2154 p.
1226 2118 1305 2153 6592
1325 2118 1339 2133 ⁸
1354 2126 1474 2144 1022....
1493 2118 1580 2144 Letus
1599 2119 1769 2151 Belgrimus,
1787 2120 1905 2151 accepto
1925 2118 1976 2142 sub
2004 2117 2039 2142 60

8 2172 10 2174 v
30 2161 33 2164 ⁴
62 2187 65 2190 ,
118 2169 174 2186 mus
200 2161 268 2192 fines
295 2160 417 2186 cim'tatis
450 2161 547 2186 Troiae
567 2161 594 2186 in
618 2162 778 2193 praesentia
806 2162 1020 2192 supradictorum
1076 2162 1231 2187 “custodia
1242 2162 1372 2196 principe
1385 2161 1553 2194 (Pandulfo)
1566 2162 1600 2186 ad
1614 2161 1816 2195 imperatorem
1830 2161 1976 2194 profectus

117 2204 280 2229 dominorum
294 2203 450 2235 principum
475 2212 499 2228 er
527 2204 632 2229 Basilii
650 2204 840 2235 prothus-parii
865 2204 964 2229 Italiae
988 2205 1021 2228 de
1076 2205 1089 2219 ⁸
1100 2207 1150 2234 est,
1170 2204 1218 2230 ubi
1237 2205 1296 2229 iam
1314 2211 1396 2238 super
1415 2203 1533 2228 Troiam
1551 2210 1700 2236 grecorum
1720 2204 1878 2232 civitatem,
1892 2210 1976 2235 quam

6 2237 11 2285 ἶ
31 2248 35 2250 “
56 2257 89 2283 25
119 2246 224 2271 Baiano
242 2249 272 2271 at
288 2245 361 2270 inter
378 2246 422 2270 Itos
440 2246 514 2279 fines
538 2250 567 2271 et
590 2246 702 2271 diversa
727 2247 892 2271 habitatores
922 2246 1021 2271 Troiae
1076 2247 1090 2261 ¹
1099 2247 1273 2281 nuperidem
1283 2247 1376 2279 graeci
1393 2246 1484 2271 facere
1497 2247 1638 2280 ceperant,
1653 2247 1745 2270 castra
1759 2246 1894 2278 posuerat
1905 2261 1976 2277 „....

7 2286 13 2306 >⁸
118 2287 292 2313 dominentur.
1079 2289 1090 2303 ‘⁴
1101 2288 1171 2314 Post
1188 2296 1295 2322 paucos
1315 2288 1384 2318 dies,
1403 2290 1508 2322 sponte
1527 2288 1666 2313 Troianis
1686 2288 1862 2313 deditionem
1876 2287 1921 2312 sui
1936 2287 1977 2312 fa-

204 2327 217 2346 ¹
236 2328 283 2355 cf.
301 2327 369 2354 Acta
392 2328 563 2359 Sanctorum.
586 2328 617 2354 18
642 2330 723 2363 Apr„
741 2330 776 2361 11,
799 2338 824 2363 p.
854 2336 905 2363 530
930 2337 944 2354 e
964 2336 1020 2362 seg.
1076 2329 1250 2362 “clentibus,
1270 2331 1299 2356 et
1317 2329 1352 2354 ad
1367 2329 1491 2362 Augusti
1511 2330 1635 2361 vestigia
1650 2329 1794 2354 universis
1808 2329 1978 2361 suppliciter
2005 2326 2038 2356 65

206 2369 219 2388 ⁸
240 2372 322 2397 Idem.
341 2369 376 2396 28
393 2371 465 2405 Apr.
485 2371 534 2404 ΙΙΙ,
553 2379 582 2405 p.
602 2378 651 2404 551
673 2380 687 2397 e
707 2379 764 2405 seg.
1077 2370 1090 2384 '¹
1103 2371 1364 2406 procumbentibus,
1388 2371 1534 2404 imperiali
1553 2370 1705 2396 clementia
1724 2372 1838 2395 veniam
1858 2370 1976 2395 tribuit.

37 2431 42 2437 <
207 2412 221 2430 ⁴
240 2413 323 2439 Idem.
344 2420 375 2439 11
395 2413 463 2439 Feb.
483 2413 518 2444 Π,
537 2421 564 2447 p.
583 2419 634 2447 531
655 2422 670 2440 e
689 2422 746 2448 seg.
1075 2416 1088 2430 ‘¹
1100 2415 1136 2440 Et
1148 2415 1285 2448 quonlam
1297 2416 1415 2448 propter
1427 2415 1551 2439 estivam
1564 2415 1675 2446 tempus
1689 2421 1757 2446 gens
1771 2413 1919 2438 continu1s
1935 2421 1978 2437 as-

11 2484 14 2487 ,
41 2469 92 2497 3⁰
206 2453 218 2472 ⁵
238 2456 382 2482 chronicon
413 2454 640 2488 Amalplaitanam,
672 2458 711 2482 ad
739 2465 843 2489 annam,
874 2458 926 2482 εἰς
958 2458 1021 2483 Lito
1077 2458 1091 2471 ‘¹
1102 2458 1181 2482 sueta
1201 2457 1359 2490 frigoribus
1379 2456 1426 2481 die
1440 2457 1471 2481 in
1484 2456 1614 2489 partibus
1627 2456 1694 2480 Istis
1705 2455 1840 2480 remorari
1854 2462 1912 2479 non
1926 2462 1977 2488 po-

37 2492 55 2501 ‘'
97 2519 101 2523 .
120 2499 279 2526 Οετιικειε
297 2498 333 2528 Π,
348 2502 380 2530 ςῐ
396 2497 450 2532 (M,
468 2499 498 2524 G.
513 2500 561 2529 H..
572 2499 624 2529 SS,
638 2499 700 2529 VII,
712 2498 792 2531 6602
806 2500 851 2524 Ea
864 2503 1022 2532 tempestate
1077 2499 1092 2514 ⁴¹
1101 2501 1184 2530 terat,
1205 2500 1327 2524 redItum
1346 2499 1378 2523 in
1399 2499 1460 2523 dies
1480 2498 1611 2531 singulos
1631 2498 1793 2523 maturabat
1801 2514 1888 2530 ......

119 2542 289 2574 supradictas
309 2541 412 2567 Boiano
431 2544 580 2573 catapanus
599 2550 656 2567 cum
674 2542 729 2566 iam
748 2542 845 2567 dadum
870 2542 980 2568 Troiam
993 2543 1022 2567 in
1167 2541 1312 2568 chronicon
1325 2541 1478 2572 Troianum,
1497 2541 1545 2565 cit.
1565 2539 1743 2565 dall’Arndt.
1762 2547 1789 2573 p.
1808 2546 1858 2572 40²
1880 2547 1907 2564 n.
1928 2546 1978 2564 20:
2008 2546 2041 2571 70

120 2585 207 2616 capite
226 2582 325 2615 Apulie
337 2584 531 2613 construxisset,
545 2584 746 2608 Dracon-ariam
759 2592 857 2616 qaoque
870 2587 898 2608 et
909 2585 1021 2609 Floren-
1079 2583 1092 2597 “
1107 2590 1183 2610 1022.
1192 2583 1415 2610 ...Helm-icus..
1425 2583 1637 2615 ..Bubaganum
1647 2581 1819 2608 Graecorum
1827 2582 1947 2607 ducem..
1958 2598 1979 2607 ..
2003 2601 2005 2603 v

14 2655 15 2658 ,
120 2628 203 2654 tinum
221 2635 254 2652 ac
274 2625 421 2652 Civitatem
442 2629 468 2651 et
485 2626 592 2658 reliqua
611 2626 755 2658 municipia
782 2635 830 2658 que
857 2628 941 2659 vulgo
970 2627 1022 2652 Ca·
1078 2626 1092 2641 “
1104 2626 1175 2652 adeo
1193 2626 1271 2652 bello
1291 2626 1449 2651 insectatus
1467 2627 1518 2654 est,
1538 2627 1569 2650 ut
1582 2632 1645 2650 eum
1658 2625 1765 2649 Troiae
1777 2624 1894 2649 eiecerit
1905 2640 1930 2655 η.
1957 2616 1978 2648 E

15 2687 17 2691 .
38 2676 91 2704 1-35
113 2670 237 2702 pitinata
265 2669 390 2694 dicuntur
415 2669 576 2703 edificavitz
602 2673 630 2694 et
657 2678 686 2694 ex
714 2669 909 2700 circumpositis
938 2670 1022 2695 terris
1076 2669 1182 2694 inutile
1200 2669 1345 2695 avvertire
1364 2669 1414 2693 ch⁶x
1433 2669 1547 2694 trattasi
1568 2668 1598 2692 di
1617 2668 1700 2692 tardo
1714 2667 1906 2692 rifacimento.

120 2713 285 2738 habitatores
303 2719 452 2737 convocans
477 2711 600 2742 deinceps
618 2711 740 2736 habitari
765 2711 909 2736 constituit.
947 2710 1022 2737 Sane
1165 2710 1192 2735 A
1210 2712 1302 2744 questi
1324 2711 1398 2735 sonti
1420 2712 1443 2735 sl
1464 2708 1522 2743 pub
1543 2709 1630 2735 anche
1649 2710 1815 2734 avvicinare
1833 2709 1929 2741 quella
1948 2709 1977 2733 di

120 2755 253 2780 sciendum
265 2754 387 2787 quoniam
400 2756 528 2785 compta
541 2753 714 2786 vulgaritate
730 2753 889 2785 Capitinata
900 2757 1020 2786 vocatur,
1077 2752 1174 2783 Arna,
1195 2753 1293 2778 Istoire
1311 2753 1345 2777 de
1364 2753 1387 2777 li
1404 2753 1547 2781 Normant,
1566 2752 1610 2776 ed.
1630 2751 1761 2782 Damae,
1786 2752 1846 2782 cit„
1865 2750 1979 2780 Rauen,
2009 2759 2037 2785 75

32 2797 37 2810 '⁴'
121 2805 178 2822 cum
192 2800 247 2828 pro
265 2800 337 2822 certo
356 2797 390 2821 ab
402 2796 486 2830 officio
498 2796 627 2829 catapani
637 2795 684 2828 qni
695 2795 835 2829 eamfecit
849 2795 1022 2828 Catapanata
1080 2794 1160 2829 1892,
1179 2796 1228 2821 cit.
1254 2803 1278 2821 c.
1297 2801 1330 2828 27
1351 2802 1378 2828 p.
1399 2800 1446 2828 35:
1474 2795 1488 2809 “
1499 2794 1535 2819 Et
1563 2793 1695 2824 TroIens,
1723 2801 1774 2827 par
1800 2792 1920 2818 debuit&
1945 2794 1980 2818 de

33 2848 36 2850 ’
123 2840 219 2864 debeat
237 2839 384 2870 appellari.
1078 2835 1169 2862 ‘'ceur
1187 2837 1235 2870 qui
1258 2835 1433 2870 l’asegerent,
1452 2843 1487 2860 ne
1500 2843 1552 2868 par
1572 2835 1648 2860 force
1667 2835 1701 2859 de
1721 2842 1787 2860 ceuz
1807 2835 1855 2866 qui
1876 2835 1980 2859 dedens

20 2896 27 2909 ς
41 2887 43 2890 ·
59 2890 97 2917 4⁰
210 2879 222 2898 ⁰
242 2879 351 2910 Quento
370 2882 471 2915 punto,
490 2888 547 2906 uno
567 2880 613 2906 del
632 2879 683 2914 phi
707 2880 810 2913 precisi
833 2887 849 2906 e
867 2880 956 2906 ulcurl
976 2881 1021 2906 del
1081 2878 1236 2908 “estoient.
1256 2877 1314 2904 mes
1333 2886 1406 2913 pour
1426 2879 1454 2903 la
1473 2878 1534 2903 sort
1552 2878 1610 2902 lieu
1624 2885 1662 2902 ou
1680 2878 1735 2902 elle
1748 2878 1845 2907 estoit,
1860 2884 1915 2902 non
1928 2880 1980 2910 pot

20 2918 22 2922 ’
41 2922 45 2944 ἶ
124 2925 223 2948 nostro
241 2923 287 2955 A„
307 2930 363 2948 non
384 2923 453 2947 ebbe
478 2922 644 2947 dall’Arndt
662 2921 746 2947 alcun
773 2915 944 2953 commento,
974 2929 1023 2955 per
1079 2921 1093 2935 ⁸
1103 2924 1177 2948 estre
1191 2923 1281 2956 prise:
1295 2930 1332 2947 ou
1343 2923 1430 2947 Trole
1442 2922 1471 2946 su
1486 2923 1566 2954 apert
1580 2921 1717 2952 l'antique
1731 2920 1869 2952 fabrique,
1882 2923 1910 2945 et
1922 2928 1978 2945 non

125 2973 181 2990 non
202 2973 369 2996 menomare,
390 2966 473 2996 forse,
493 2972 548 2990 una
568 2966 678 2998 prete„
697 2965 791 2996 gloria
810 2965 839 2989 dl
860 2965 967 2998 Arrigo
986 2965 1023 2990 ΙΙ.
1080 2963 1155 2998 “pas
1175 2965 1203 2990 la
1224 2972 1261 2990 ou
1280 2965 1335 2990 elle
1353 2966 1396 2990 est
1417 2964 1604 2994 maintenant‚
1624 2970 1694 2995 quar
1712 2970 1747 2987 en
1768 2963 1832 2995 plus
1852 2964 1905 2987 vill
1922 2963 1979 2988 lien
2009 2967 2043 2991 80
