2398 3470
157 207 236 275 M.
300 252 364 275 ...7.
394 239 441 274 68
980 238 1273 275 ROMUALm
1300 220 1664 275 SALERNITANI
1844 243 2252 280 [AA.C.257;u.c.10101

234 387 255 402 c.
270 381 318 405 ωτι
395 369 554 413 sbyteris,
578 374 614 402 et
636 373 771 410 septem
795 368 1016 408 Diaconibus‚
1041 373 1076 401 et
1091 368 1214 401 decem
1238 373 1272 400 et
1289 373 1422 410 septem
1439 367 1587 407 clericis,
1604 373 1639 400 et
1660 368 1698 400 in
1710 366 1851 400 eodem'
1868 367 1946 401 loco
1962 368 2007 401 ad
2022 368 2254 402 Catacumbas

396 422 549 465 sepultus
573 427 626 455 est
635 423 656 454 ¹.

491 475 611 508 Xistus
634 474 774 507 natione
799 475 934 508 Grecus
957 485 1001 508 ex
1023 474 1231 517 philosopho
1255 479 1333 516 post
1357 474 1448 506 hunc
1471 473 1664 517 intrepidus
1688 473 1835 506 accessit
1858 474 1904 507 ad
1925 474 2176 517 pontificatum,
2204 486 2256 508 se-

392 530 511 572 ditque
535 538 626 560 anno
650 538 720 560 uno
744 527 919 560 mensibus
943 528 1076 560 decem.
1123 527 1192 560 Hic
1216 537 1285 559 non
1310 533 1466 560 metuens
1495 526 1692 570 principum
1716 527 1835 564 minas,
1860 536 1925 559 nec
1949 527 2148 570 Imperialia
2178 539 2257 571 pre-

394 588 506 625 cepta,
533 581 619 614 dixit
642 581 687 614 ad
710 581 842 614 clerum
866 591 983 614 suum:
1000 579 1141 623 fratres
1168 585 1201 612 et
1231 580 1471 612 commilitones
1495 581 1638 613 audistis
1653 583 1823 624 precepta
1845 591 1924 612 seua
1947 581 2114 624 uulgari!
2136 582 2256 624 uidete,
2304 580 2323 614 5
2371 601 2375 609 ι

392 646 487 667 nemo
510 639 638 667 metuat
660 639 822 666 terrores.
868 634 970 667 Tunc
988 634 1235 667 commendans
1251 633 1434 666 thesauros
1456 634 1606 666 ecclesie
1631 634 1734 666 beato
1758 633 1959 672 Laurentio,
1982 634 2057 676 ipse
2079 639 2206 674 tentus,
2223 640 2259 667 et

393 695 573 723 catenatus
595 694 676 721 ante
700 688 869 732 templum
894 687 1016 721 Martis
1040 687 1176 726 ductus,
1201 693 1236 719 et
1259 687 1293 719 in
1310 697 1353 720 eo
1373 687 1449 720 loco
1474 688 1668 721 decollatus
1691 694 1742 720 est
1766 698 1844 720 cum
1869 688 2085 721 Felicissimo
2103 695 2138 721 et
2161 688 2258 733 Aga-

393 743 468 785 pito
482 742 494 760 ¹
517 748 552 774 et
575 741 729 784 sepultus
752 741 786 773 in
810 741 998 774 cemeterio
1024 740 1151 773 Calixti
1167 739 1190 772 ⁸.

156 820 178 836 „
193 814 221 835 ς,
236 787 324 838 259.ξ’ξζ
488 794 554 827 Cui
576 794 752 828 Dionisius
775 805 819 827 ex
842 795 1014 827 monacho
1037 793 1218 832 successit,
1242 794 1400 836 seditque
1426 794 1524 827 annis
1547 793 1681 827 duobus
1694 793 1703 810 ⁴
1728 794 1902 827 mensibus
1926 793 2044 827 tribus.
2091 794 2160 827 Hic
2176 805 2260 827 con-

395 849 502 882 stituit
524 848 559 881 in
581 848 667 881 urbe
691 848 804 880 Rome
828 847 1055 891 presbyteros
1070 846 1106 878 in
1121 846 1228 880 titulis
1243 846 1387 891 singulis
1409 848 1565 890 singulos
1588 855 1732 890 propter
1754 848 1982 890 penitentiam
2007 848 2259 890 suscipiendos,
2287 849 2328 882 10

395 909 430 935 et
452 907 596 945 propter
620 901 802 943 baptisma,
826 907 861 933 et
883 901 1070 943 parochias
1086 900 1212 933 diuisit.
1259 901 1398 933 Interea
1418 899 1638 934 “Alexander
1660 901 1942 944 Jerosolimorum
1966 902 2151 944 episcopus
2166 902 2261 944 apud

401 955 613 988 “Cesaream
637 953 811 986 Palestine
844 953 1046 986 interficitur
1060 953 1104 991 „⁵.
1152 951 1306 991 Quidam
1338 960 1454 986 autem
1485 953 1606 986 uolunt
1628 954 1776 986 Decium
1807 964 1878 986 non
1901 954 2013 987 solum
2039 954 2178 997 imperii
2207 955 2260 988 sui

394 1016 560 1051 tempore,
584 1017 705 1039 uerum
729 1006 792 1039 sub
809 1006 1017 1049 quibusdam
1033 1006 1111 1045 aliis
1127 1012 1207 1039 ante
1223 1017 1260 1039 se
1277 1007 1516 1050 regnantibus,
1540 1013 1683 1049 propter
1706 1007 1960 1046 crudelitatem,
1986 1018 2088 1050 quam
2105 1008 2142 1039 in
2160 1007 2261 1040 Chri-

395 1062 524 1095 stianos
548 1060 758 1104 exagitabat,
782 1060 900 1098 Cesar,
925 1060 969 1092 ad
992 1060 1030 1093 id
1053 1059 1270 1103 sequendum
1294 1060 1403 1092 fuisse
1417 1059 1439 1092 ⁶.

483 1115 568 1147 Post
589 1114 766 1147 interitum
789 1113 901 1151 Decii,
925 1123 1006 1146 mox
1030 1113 1151 1146 Gallus
1175 1119 1209 1145 et
1225 1112 1436 1146 Volusianus
1458 1113 1548 1145 filius
1571 1113 1646 1157 ejus
1669 1114 1896 1156 imperatores
1920 1114 2030 1147 creati
2054 1120 2142 1147 sunt.
2188 1113 2261 1147 Sub
2288 1114 2326 1147 15

396 1169 450 1201 his
473 1167 663 1201 Emilianus
686 1167 722 1198 in
746 1165 883 1199 Moesia
905 1176 962 1199 res
984 1176 1093 1199 nouas
1116 1167 1256 1199 molitus
1279 1172 1340 1199 est.
1387 1166 1446 1199 Ad
1469 1177 1573 1209 quem
1598 1166 1864 1209 opprimendum
1887 1177 1966 1200 cum
1990 1168 2093 1200 ambo
2107 1167 2261 1210 profecti

224 1239 245 1254 c.
261 1238 311 1257 „a
394 1227 518 1260 essent,
534 1221 626 1253 inter
641 1219 837 1253 Danubium
851 1218 862 1236 ⁷
879 1230 1015 1252 amnem
1030 1220 1210 1252 interfecti
1226 1226 1315 1258 sunt,
1332 1230 1402 1252 non
1420 1220 1596 1263 completo
1612 1219 1773 1253 bi'ennio.
1812 1220 1858 1253 Hi
1873 1221 1959 1253 nihil
1974 1221 2113 1254 omnino
2129 1221 2263 1254 clarum

393 1276 569 1309 fecerunt:
586 1273 662 1306 sola
678 1273 881 1316 pestilencia
896 1279 930 1305 et
946 1272 1075 1306 morbis
1091 1278 1197 1315 atque
1215 1272 1463 1316 egritudinibus
1479 1279 1580 1306 notus
1596 1284 1717 1306 eorum
1734 1273 1950 1316 principatus
1966 1274 2043 1306 fuit.
2074 1274 2264 1307 Emilianus

395 1328 634 1361 obscurissime
658 1332 767 1365 natus,
785 1326 962 1359 obscurius
978 1326 1179 1369 imperauit3
1196 1326 1362 1369 siquidem
1380 1327 1526 1359 Maurus
1532 1326 1660 1371 suerat
1675 1337 1717 1359 ac
1735 1328 1837 1359 tern'o
1853 1337 1970 1360 mense
1986 1327 2160 1360 extinctus
2175 1334 2227 1360 est
2238 1326 2262 1361 ⁸.
2307 1320 2309 1323 ⁴

247 476 327 496 Xistus

156 509 169 522 ι
174 518 179 524 .
195 503 222 524 C.
238 504 327 527 ²57·2sS

1266 1411 1384 1445 Beda:
2282 1417 2328 1448 20
2357 1451 2360 1456 ,

486 1486 501 1502 “
518 1485 639 1518 Gallus
663 1495 742 1517 cum
766 1483 957 1516 Volusiano
981 1483 1052 1516 filio
1083 1483 1246 1527 regnauit
1267 1482 1368 1516 annis
1391 1483 1536 1522 duobus,
1560 1483 1738 1517 mensibus
1767 1489 1940 1527 quattuor.
1988 1485 2100 1529 Hujus
2127 1485 2264 1528 imperii

400 1541 414 1557 ‘⁴
428 1545 563 1581 tempus
586 1538 772 1581 Dionysius
789 1536 1002 1570 Alexandrie
1019 1537 1207 1579 episcopus
1224 1536 1273 1569 ita
1295 1537 1466 1569 meminit:
1491 1537 1541 1569 At
1556 1547 1601 1570 ne
1618 1537 1740 1570 Gallus
1762 1537 1903 1580 quidem
1927 1538 2030 1571 Decii
2053 1539 2181 1572 malum
2205 1545 2264 1572 aut

398 1595 413 1611 ⁴⁴
427 1592 546 1625 uidere
569 1592 691 1634 potuit,
717 1596 775 1623 aut
798 1601 942 1623 cauere:
967 1590 1030 1623 s‘ed
1052 1589 1092 1622 in
1117 1590 1268 1623 eundem
1292 1589 1496 1623 offensionis
1523 1590 1676 1633 lapidem
1700 1591 1860 1635 impegit:
1886 1592 1985 1635 cujus
2009 1602 2087 1625 cum
2117 1602 2262 1636 regnum

400 1649 415 1664 “
428 1647 463 1678 in
486 1645 585 1678 im'tio
609 1645 757 1682 floreret,
782 1650 818 1676 et
841 1649 969 1677 cuncta
991 1653 1036 1677 ex
1050 1643 1221 1676 sententia
1239 1643 1270 1675 ei
1287 1644 1482 1683 crederent,
1506 1650 1646 1677 sanctos
1668 1644 1773 1683 uiros,
1797 1645 1858 1688 qui
1880 1655 1944 1687 pro
1967 1655 2056 1688 pace
2073 1646 2149 1690 ejus
2164 1646 2264 1689 regni

402 1702 416 1717 ‘⁴
429 1700 505 1732 Deo
517 1708 650 1731 summo
667 1696 921 1740 supplicabant,
937 1703 1140 1739 persecutus
1157 1703 1218 1737 est,
1236 1707 1314 1730 cum
1328 1691 1457 1740 'quibus
1472 1703 1506 1730 et
1522 1697 1787 1740 prosperitatem
1804 1708 1899 1730 suam
1917 1699 2063 1743 fugauit,
2080 1705 2115 1732 et
2129 1708 2263 1742 pacem.
2287 1699 2328 1732 25
2352 1714 2353 1717 ¹

402 1756 417 1771 ⁴⁴
430 1753 600 1797 Origenes
622 1751 879 1795 septuagesimo
903 1750 1004 1783 etatis
1028 1760 1088 1783 sue
1111 1761 1203 1784 anno
1226 1751 1381 1784 nondum
1405 1751 1451 1784 ad
1472 1752 1648 1794 integrum
1672 1751 1816 1794 impleto
1842 1752 2028 1785 defunctus
2052 1758 2089 1786 et
2110 1752 2146 1785 in
2176 1752 2263 1786 urbe
2346 1747 2349 1750 ’
2384 1745 2386 1750 ’

402 1809 417 1824 “
429 1806 517 1850 Tyri
542 1805 696 1848 sepultus
720 1810 771 1837 est
785 1803 829 1844 „⁹.

195 1857 322 1900 „¹‚·c‚·,.²‚,0
486 1858 590 1891 Anno
614 1857 658 1891 ab
681 1857 922 1891 incarnatione
946 1857 1087 1890 Domini
1110 1857 1272 1891 CCLVII
1298 1864 1333 1891 et
1356 1868 1447 1891 anno
1472 1857 1515 1890 ab
1538 1857 1624 1890 urbe
1650 1858 1791 1892 condita
1812 1859 1900 1899 MX,
1924 1859 1994 1892 duo
2025 1860 2262 1903 imperatores,

396 1913 565 1946 uicesimo
588 1912 735 1954 septimo
757 1916 837 1954 post
862 1909 1053 1954 Augustum
1079 1911 1171 1949 loco,
1195 1911 1303 1943 creati
1326 1917 1416 1944 sunt.
1455 1911 1665 1944 Valerianus
1690 1911 1726 1943 in
1751 1912 1881 1945 Grecia
1895 1911 1918 1929 ¹⁰
1943 1912 1987 1946 ab
2009 1912 2167 1947 exercitu
2190 1911 2263 1946 Au·
2335 1937 2336 1940 η

398 1971 517 2010 gustus
540 1964 747 2008 appellatus.
793 1964 910 1997 Rome
934 1970 1049 1996 autem
1075 1974 1096 1996 a
1118 1963 1251 1997 Senatu
1284 1964 1463 1997 Gallienus
1486 1964 1596 1997 Cesar
1627 1970 1775 2004 creatus,
1798 1966 1991 2008 mansitque
2017 1965 2198 1999 Gallienus
2226 1966 2263 1998 in
2286 1959 2344 2011 3οᾗ
2377 1975 2381 2008 ᾖ

397 2029 506 2063 regno
529 2018 720 2051 infeliciter
743 2017 841 2050 annis
864 2016 1063 2061 quindecim
1078 2016 1112 2056 ¹¹,
1135 2017 1330 2059 respirante
1355 2016 1630 2051 Christianorum
1654 2018 1897 2061 persecutione
1925 2030 1944 2052 a
1969 2019 2081 2052 Decio
2105 2019 2212 2052 facta.

958 2138 973 2154 “
989 2137 1149 2170 OCTAVA
1172 2147 1398 2170 PERSECUTIO
1422 2147 1463 2171 m
1486 2138 1666 2171 Eccmzsm
1679 2162 1710 2179 „.

239 2227 260 2243 c.
274 2220 324 2245 ⁹5⁶
491 2209 698 2241 Valerianus
729 2208 902 2252 siquidem
926 2218 1007 2240 mox
1029 2213 1068 2240 ut
1097 2208 1242 2251 arripuit
1266 2208 1466 2251 imperium'
1490 2214 1635 2242 octauus
1658 2219 1678 2241 a
1712 2209 1852 2242 Nerone
1878 2209 1971 2253 adigi
2002 2220 2066 2252 per
2096 2216 2267 2244 tormenta

398 2262 610 2296 Christianos
633 2261 678 2294 ad
693 2261 902 2300 idolatriam,
926 2261 1208 2305 abnegantesque
1231 2272 1320 2301 eam,
1343 2261 1492 2295 interfici
1514 2262 1623 2307 jussit,
1647 2262 1726 2296 fuso
1748 2273 1814 2306 per
1836 2273 1973 2296 omnem
1997 2263 2196 2297 Romanam
2211 2274 2266 2297 so-

487 2355 514 2381 8.
531 2354 672 2380 cimiterio
688 2355 713 2380 C
723 2367 757 2372 —
775 2361 802 2386 9.
813 2361 907 2379 annos
925 2353 1005 2384 duos,
1026 2360 1136 2378 menses
1155 2355 1210 2380 tres
1232 2353 1256 2378 C
1274 2368 1307 2372 —
1328 2361 1370 2381 xo.
1384 2354 1464 2380 urbes
1482 2355 1576 2381 Roma
1594 2354 1652 2388 (sic)
1669 2355 1714 2381 C·
1728 2356 1900 2389 penitentie·
1915 2356 1940 2382 C
1957 2368 1989 2374 --
2012 2363 2052 2381 ιι.
2065 2356 2229 2389 parrochia
2243 2357 2268 2383 C
2320 2363 2330 2369 ⁶
2367 2350 2373 2384 J

402 2412 433 2416 —
456 2402 496 2428 ις.
507 2396 682 2422 Bolusianus
704 2397 728 2422 C
743 2409 777 2414 —
801 2395 842 2422 1⁶.
855 2395 1004 2421 immoesia
1015 2395 1039 2419 Α
1054 2409 1087 2414 --
1103 2402 1145 2428 17.
1163 2395 1254 2421 nichil
1275 2397 1300 2422 C
1312 2410 1344 2414 —
1361 2397 1401 2423 18.
1421 2397 1587 2429 pestilencia
1606 2398 1635 2422 et
1654 2397 1754 2423 morbo
1770 2399 1793 2423 C
1811 2410 1842 2415 -
1861 2405 1902 2430 19.
1920 2399 2010 2424 tercio
2023 2398 2084 2424 BC
2101 2411 2134 2416 —
2154 2404 2198 2424 ιι.
2211 2398 2266 2423 Βο-

398 2440 510 2464 lusiano
531 2439 557 2464 C
574 2451 606 2456 -—
627 2444 671 2470 ²³-
692 2440 734 2463 set
754 2438 815 2462 BC
832 2449 866 2457 ο-
886 2444 928 2469 ²4·
947 2437 1036 2463 {nicio
1057 2438 1082 2463 C
1098 2450 1110 2456 —
1128 2437 1361 2472 exententla(51‘c)
1382 2439 1407 2465 C
1424 2452 1457 2457 —
1477 2438 1519 2464 26.
1538 2446 1597 2464 non
1616 2439 1652 2464 de
1662 2439 1721 2472 (sic)
1740 2441 1827 2464 invece
1845 2440 1877 2464 at
1888 2440 2018 2466 nondum
2033 2441 2102 2467 C—
2121 2439 2166 2466 2'8.
2177 2440 2265 2466 Anno

398 2480 518 2507 Domini
533 2481 557 2507 C
568 2494 600 2499 —-
614 2487 658 2513 30.
677 2480 813 2506 Gallenun
827 2480 861 2509 C,
879 2480 910 2504 in
928 2480 995 2504 tutti
1011 2487 1025 2504 ε
1044 2480 1095 2504 duc
1114 2480 1127 2504 ι’
1143 2479 1200 2505 cast
1216 2482 1310 2504 ιιι-ωηο
1329 2480 1356 2505 la
1374 2480 1470 2506 lenione
1488 2481 1520 2505 ds·
1536 2481 1563 2505 B
1580 2481 1712 2512 consor-mc
1729 2483 1767 2506 ad
1787 2481 1878 2507 Orosio
1892 2495 1925 2501 --
1938 2487 1982 2514 33.
1996 2480 2173 2515 valerianus]
2192 2483 2223 2507 in
2243 2483 2268 2508 C

357 2531 370 2556 5
401 2523 509 2549 ininsula
521 2525 616 2548 ornata
635 2536 647 2542 -
665 2522 760 2556 adegit
778 2523 805 2547 B
817 2535 851 2542 -
865 2528 908 2554 34.
922 2529 986 2547 eum
1007 2522 1032 2548 C

489 2604 499 2622 ¹
519 2607 560 2631 La
579 2606 704 2631 lezione:
723 2605 971 2630 &macondus
990 2607 1050 2634 etc„
1069 2606 1092 2630 sl
1112 2605 1259 2631 allontana
1275 2605 1310 2631 da
1456 2606 1468 2623 ⁶
1487 2608 1695 2639 Eunoni-nus,
1716 2611 1757 2642 op.
1776 2610 1834 2638 cit„
1853 2608 1886 2633 62
1907 2608 1943 2640 (p.
1964 2606 2017 2641 42).
2330 2619 2331 2622 ¹

401 2649 429 2673 L.
449 2649 480 2674 P.
498 2649 551 2673 che
572 2655 629 2673 non
647 2649 676 2673 lo
696 2649 817 2680 rlporta.
1455 2648 1467 2665 ⁶
1485 2649 1656 2675 Loca-'valde
1668 2651 1818 2679 mendam,
1830 2652 1936 2675 anneta
1951 2650 2141 2683 giustamente
2153 2648 2173 2674 ll
2185 2648 2270 2676 suni.
2358 2651 2359 2654 ’

493 2689 505 2707 ¹
525 2691 615 2716 Tutto
634 2694 735 2723 questo
753 2690 842 2715 bruno
856 2690 882 2715 sl
896 2689 1042 2715 allontana
1061 2689 1107 2715 dal
1126 2689 1156 2715 L.
1175 2690 1220 2720 Ρ..
1232 2690 1253 2721 Ι,
1268 2695 1312 2722 25.
1455 2689 1467 2707 ⁷
1486 2692 1666 2723 Eunomus,
1690 2693 1737 2722 lx,
1760 2698 1772 2724 5
1800 2691 1838 2725 (p.
1858 2692 1903 2725 64)
1922 2692 1975 2717 che
2001 2699 2020 2717 a
2038 2691 2123 2724 eopia
2147 2691 2269 2717 letter-al·
2326 2685 2330 2707 3

493 2732 504 2749 ³
527 2733 573 2759 cf.
594 2734 640 2758 D:
656 2734 755 2764 Rossr,
773 2735 813 2765 op.
833 2733 891 2762 cit„
908 2733 944 2764 n,
964 2740 1011 2764 pp.
1030 2732 1123 2766 87-97.
1367 2735 1468 2765 mente,
1487 2734 1564 2759 dice:
1583 2734 1760 2760 Interamnae.
1812 2759 1816 2763 ,

342 2782 375 2801 ιο
492 2775 504 2791 ⁴
523 2775 571 2801 Gu
591 2776 657 2800 anni
675 2776 721 2801 del
736 2775 902 2807 pontificato
916 2774 943 2799 di
959 2775 1091 2800 Dionisio
1111 2781 1181 2800 sono
1194 2775 1312 2807 quievi·
1455 2774 1467 2792 ⁸
1486 2776 1666 2807 Exn-Romus,
1679 2777 1801 2808 lomcit„
1814 2776 1844 2801 6:
1858 2777 2014 2809 “siquidem
2025 2777 2142 2802 Maurus
2154 2775 2268 2809 fixerat,

403 2818 586 2843 dentemente
614 2818 716 2844 errati.
752 2818 840 2843 Tutte
869 2817 895 2842 le
919 2816 1000 2847 fonti,
1025 2825 1041 2842 a
1067 2818 1241 2842 comlnciare
1267 2817 1312 2842 dal
1367 2815 1579 2850 cimex-pelato,
1599 2826 1645 2843 ma
1664 2826 1722 2844 non
1742 2825 1828 2852 posso
1841 2817 2271 2852 dedurresel'lnterpolulone
2325 2808 2331 2813 Δ.

403 2859 432 2884 L.
452 2860 496 2889 P..
515 2861 537 2890 1,
558 2859 601 2890 26,
619 2859 808 2885 s'accordano
821 2858 1116 2892 nell’attribulrgllene
1135 2859 1183 2885 dai
1202 2860 1242 2885 sei
1256 2860 1313 2892 agli
1368 2861 1543 2893 appartenga
1563 2867 1579 2884 a
1597 2867 1625 2886 R.
2071 2865 2072 2868 ’

402 2902 466 2926 otto
491 2901 577 2932 snn13
595 2901 632 2927 cf.
650 2902 822 2932 Ducam-m,
842 2901 863 2931 1,
884 2906 933 2932 157
953 2908 968 2925 e
994 2908 1042 2933 pp.
1067 2900 1141 2932 651.
1160 2901 1234 2927 dove
1259 2909 1313 2927 son
1456 2898 1467 2915 ⁹
1486 2901 1578 2933 Bam,
1596 2903 1638 2933 op.
1655 2901 1713 2931 cit..
1732 2908 1779 2933 pp.
1799 2905 1831 2933 37
1852 2908 1867 2925 e
1886 2905 1928 2933 45,
1948 2900 1984 2925 da
2003 2901 2213 2932 fixa-somnus,
2229 2902 2272 2932 op.
2319 2909 2322 2911 >

403 2943 562 2974 pubblicutl
582 2944 590 2967 i
607 2945 669 2968 vari
682 2943 829 2976 cataloghi
843 2943 889 2968 dul
902 2943 1057 2969 leerlano
1077 2951 1093 2968 a
1111 2944 1206 2975 quello
1220 2941 1314 2969 d'Elia
1368 2943 1425 2971 cie„
1446 2947 1478 2974 54
1496 2949 1512 2967 e
1530 2942 1574 2975 69.

344 2994 374 3020 ις
405 2984 432 3010 dl
446 2986 526 3010 lela
538 2985 615 3010 edito
628 2986 673 3011 dal
687 2986 817 3016 Lrssms,
834 2985 930 3011 Chron-
949 2986 996 3011 des
1012 2986 1158 3011 dalsche„
1175 2985 1314 3017 Bia-We,
1447 2984 1469 3002 ¹⁰
1489 2986 1627 3016 Onosws,
1648 2986 1710 3018 VII,
1731 2992 1773 3017 2²,
1795 2993 1807 3011 1
1828 2986 1867 3020 (p.
1888 2986 1966 3019 26o):
1986 2986 2016 3011 {n
2034 2985 2138 3011 Rama.

404 3034 449 3061 pp.
464 3026 509 3060 36,
524 3032 567 3059 37.
586 3028 628 3052 La
641 3028 808 3069 narrazlone
823 3028 873 3060 qul
886 3027 1057 3053 s'alloutana
1075 3027 1122 3053 dal
1134 3026 1165 3053 L.
1178 3027 1222 3056 P..
1234 3026 1256 3059 1,
1270 3027 1315 3054 26.
1448 3025 1468 3043 ¹¹
1487 3034 1508 3052 R
1526 3030 1631 3053 omette
1651 3029 1699 3060 qui
1716 3028 1815 3054 alcune
1834 3028 2028 3060 proposlzlonl
2048 3026 2196 3053 ‹voto-10.
