2398 3470
115 231 166 267 [A-
186 231 220 260 C·
240 232 314 266 6⁰⁴]
698 225 988 261 ROMUALDI
1017 221 1382 260 SALERNITANI
1897 218 1967 256 123
1999 233 2210 255 mammam

117 298 1967 310 .........................................................................................................................................................................................................

201 359 306 391 Anno
329 359 503 392 dominice
525 359 775 391 incarnationis
797 358 944 401 DCIIIJ.
992 358 1020 390 F
1022 367 1113 395 ocati,
1136 363 1174 389 ut
1196 356 1398 398 premissum
1425 361 1485 393 est,
1510 366 1729 388 romanorum
1755 365 1899 401 regnum
1916 355 1969 387 in-
2044 372 2065 386 a.
2081 367 2107 386 c.
2123 367 2162 390 604

114 410 244 445 uadens
278 423 340 455 per
371 418 452 445 octo
483 423 650 445 annorum
685 411 856 444 curticula
891 412 1003 444 tenuit
1017 410 1038 443 ¹.
1083 410 1168 442 Erat
1202 415 1317 442 autem
1349 409 1409 441 hic
1444 409 1692 442 formidolosus
1715 415 1750 441 et
1786 409 1971 452 sanguina·
2106 453 2109 456 Α

113 465 198 503 rius,
221 465 317 498 cuius
346 465 501 498 secundo
531 467 622 498 anno
653 464 798 507 imperii,
830 463 1020 496 indictione
1052 472 1138 495 vm.
1164 461 1352 505 Gregorius
1381 464 1472 503 pap'a
1503 462 1667 504 migrauit
1698 462 1743 495 ad
1774 462 1963 500 Christum;
2005 452 2209 504 G'ssgg'f'kffss‘ffmpa

113 518 337 561 sepultusque
366 524 419 552 est
447 519 484 550 in
516 519 665 551 ecclesia
694 517 786 564 beati
815 517 908 550 Petri
932 522 1012 550 ante
1037 515 1304 549 Secretarium².
1356 516 1370 532 ‘⁴
1384 515 1437 547 Eo
1473 515 1643 557 siquidem
1675 526 1765 548 anno
1802 514 1968 548 Theude-

74 570 93 603 5
121 570 137 587 ⁶⁶
150 576 279 613 pertus,
303 577 339 604 et
361 571 603 604 Theudericus
627 581 730 614 reges
753 571 966 603 Francorum
983 570 1148 602 aduersus
1164 568 1401 602 chlotharium
1417 573 1575 611 patruum
1593 579 1691 601 suum
1707 569 1971 607 dimicauerunt,

118 621 183 654 “in
207 632 275 666 quo
300 621 491 655 certamine
514 632 558 654 ex
581 628 726 665 utraque
749 626 845 664 parte
868 620 976 652 multa
997 620 1093 652 milia
1116 619 1292 652 hominum
1315 619 1548 658 ceciderunt„
1566 618 1589 651 ³.
2002 665 2015 684 ς
2029 664 2053 684 b*
2075 665 2078 668 .
2152 666 2166 689 p
2180 667 2197 689 p

2013 671 2027 684 α
2044 671 2134 684 ΙΙΙΙΙΙΙΙΙ
2168 671 2182 684 a
2198 671 2213 685 Ι

207 675 372 708 “Interea
394 674 612 714 Sabinianus,
640 675 780 707 natione
803 673 941 706 Tuscus
972 674 1016 706 de
1039 679 1138 716 patre
1167 673 1278 711 Bono,
1308 673 1474 704 successit
1498 672 1670 715 Gregorio
1694 673 1729 705 in
1753 674 1974 715 pontificatus
1996 678 2040 711 “,‚
2057 692 2083 712 ς,
2100 693 2189 715 60φὸοὸ

120 728 326 761 “honorem.
349 728 508 772 seditque
532 739 622 761 anno
649 738 731 764 uno,
762 726 936 759 mensibus
966 738 999 758 v.
1046 727 1113 758 Hic
1138 731 1253 758 autem
1282 730 1439 767 tempore
1474 724 1602 757 famis⁴
1633 726 1733 758 iussit
1755 727 1884 769 aperiri
1915 737 1973 759 or-

120 781 136 799 ⁶
151 790 213 813 rea
235 781 396 820 ecclesie,
422 787 457 815 et
479 781 672 814 uenundari
694 781 869 812 frumenta
884 790 948 821 per
963 790 1069 811 unum
1093 779 1242 811 solidum
1266 778 1371 811 tritici
1394 778 1528 811 modios
1551 788 1637 810 xxx,
1685 779 1753 811 Hic
1771 779 1807 811 in
1824 781 1974 812 ecclesia

35 834 93 869 10
121 835 137 852 ‘⁶
151 834 244 867 beati
267 835 361 867 Petri
386 834 566 867 luminaria
589 834 726 867 addidit
737 832 761 872 ⁵,
785 839 819 865 et
842 833 996 875 sepultus
1019 837 1071 865 est
1094 832 1128 864 in
1153 832 1305 864 ecclesia
1328 832 1481 865 eiusdem
1497 831 1590 864 beati
1617 831 1929 875 Petrijjapostoli„

30 886 43 898 ³
203 888 406 932 Bonifacius
430 887 570 920 natione
600 887 782 919 Romanus
805 896 848 918 ex
869 891 968 928 parte
1000 884 1191 918 Catadioce
1214 885 1293 917 huic
1317 885 1482 917 successit
1505 886 1542 917 in
1572 886 1789 927 pontificatu,
1812 887 1971 930 seditque

114 940 291 973 mensibus
314 951 450 974 nouem.
497 941 564 973 Hic
588 940 734 972 obtinuit
756 951 778 972 a
800 939 896 972 Foca
919 938 1048 971 Cesare
1070 939 1294 982 priuilegium
1328 944 1366 971 ut
1387 949 1531 971 romane
1556 939 1706 971 ecclesie
1730 939 1975 973 Constantino-

114 993 270 1036 politana
294 994 520 1032 subiceretur,
546 1000 580 1026 et
603 999 640 1025 ut
663 991 813 1025 ro'mana
830 991 979 1025 ecclesia
1002 997 1108 1034 caput
1124 998 1214 1024 esset
1229 992 1382 1025 omnium
1406 991 1642 1024 ecclesiarum.
1689 992 1810 1025 Hicin
1833 994 1968 1037 synodo
2045 1009 2066 1024 c.
2082 1009 2143 1028 150a

39 1087 42 1089 ‚
115 1046 294 1080 constituit
321 1053 359 1080 ut
381 1046 495 1079 nullus
516 1046 552 1079 in
577 1046 798 1089 episcopatus
821 1045 980 1088 eligatur,
1005 1045 1070 1077 nisi
1085 1045 1181 1087 prius
1197 1045 1338 1076 tertium
1362 1044 1456 1077 diem
1481 1044 1594 1077 obitus
1610 1045 1767 1087 episcopi
1791 1045 1976 1088 predeces-

35 1092 91 1132 1³15
116 1099 219 1137 soris;
244 1106 279 1133 et
301 1106 340 1132 ut
362 1100 439 1143 ipsa
462 1099 587 1132 electio
610 1110 632 1131 a
656 1099 750 1132 clero
775 1099 1001 1131 communiter
1025 1104 1059 1131 et
1082 1098 1213 1141 populo
1237 1097 1308 1137 fiat,
1333 1103 1368 1131 et
1390 1098 1441 1130 sic
1457 1098 1688 1140 subsequatur
1704 1109 1864 1131 assensus
1880 1101 1976 1142 prin-

36 1153 39 1160 “
116 1152 206 1195 cipis
228 1153 382 1186 eiusdem
406 1153 559 1186 ciuitatis
571 1152 594 1185 ⁶.
643 1151 723 1190 Quo
746 1152 821 1184 uita
844 1152 1038 1184 decedente
1071 1151 1156 1184 alter
1179 1151 1386 1183 Bonifacius
1409 1152 1548 1183 natione
1571 1150 1779 1191 Marsorum,
1804 1162 1847 1184 ex
1878 1159 1976 1195 patre

116 1206 282 1246 Iohanne,
304 1197 338 1239 ei
362 1206 526 1239 successit
550 1206 588 1238 in
607 1206 823 1249 pontificatu,
847 1205 1006 1248 seditque
1037 1215 1130 1237 anno
1161 1204 1225 1246 [V1]
1248 1203 1423 1237 mensibus
1452 1214 1531 1236 vm.
1579 1204 1647 1237 Hic
1678 1215 1699 1236 a
1722 1205 1818 1238 Foca
1849 1206 1977 1239 Cesare

114 1259 263 1293 obtinuit
297 1259 372 1292 dari
406 1259 473 1293 sibi
497 1260 675 1302 templum,
699 1259 794 1303 quod
817 1259 861 1292 ab
886 1259 1035 1302 antiquis
1057 1258 1248 1291 uocabatur
1278 1258 1483 1298 Pantheum,
1515 1259 1610 1301 quod
1640 1258 1716 1300 ipse
1740 1259 1866 1292 ablatis
1897 1261 1974 1293 ido-

39 1333 44 1336 >=
115 1312 215 1346 lati-ie
236 1312 398 1346 sordibus
421 1312 641 1346 consecrauit
662 1312 699 1344 in
721 1313 890 1345 honorem
913 1318 1031 1345 sancte
1055 1312 1123 1344 Dei
1145 1311 1326 1356 genitricis
1349 1310 1461 1344 Marie
1493 1319 1528 1344 et
1559 1311 1712 1343 omnium
1743 1318 1940 1345 sanctorum
1955 1313 1977 1347 ⁷.

34 1365 94 1396 20
116 1363 161 1396 Et
182 1364 240 1397 hic
262 1363 418 1407 sepultus
440 1370 492 1397 est
515 1363 560 1396 ad
583 1363 722 1397 beatum
744 1363 885 1396 Petrum
909 1363 1113 1406 apostolum.

41 1415 42 1418 ’
206 1413 287 1454 Quo
310 1421 466 1458 tempore
488 1414 595 1448 Perse
620 1415 786 1448 aduersus
808 1415 1061 1457 rempublicam
1083 1397 1286 1457 grauissima
1311 1413 1402 1447 bella
1424 1420 1590 1458 gerentes
1609 1414 1735 1448 multas
1757 1426 1976 1449 romanorum

116 1468 315 1511 prouincias
338 1475 373 1501 et
396 1468 505 1511 ipsam
529 1469 808 1512 Hierosolymam
832 1469 1007 1507 auferunt,
1030 1473 1066 1500 et
1089 1469 1307 1501 destruentes
1331 1467 1509 1507 ecclesias,
1537 1474 1656 1501 sancta
1672 1478 1811 1512 quoque
1827 1471 1979 1512 propha-

118 1526 241 1554 nantes
262 1519 354 1552 inter
379 1527 582 1553 ornamenta
605 1520 761 1553 locurum
786 1519 867 1561 [uel]
898 1525 1106 1558 sanctorum,
1138 1519 1218 1562 [que
1251 1518 1494 1562 diripuerunt]‚
1527 1519 1633 1552 etiam
1665 1520 1840 1553 dominice
1865 1522 1979 1554 crucis

116 1570 249 1615 lignum
272 1570 329 1612 [de
352 1571 613 1614 Hierosolyma]
639 1571 818 1604 abducunt
830 1570 853 1603 ⁸.
907 1571 1072 1603 “Interea
1096 1571 1191 1604 Foca
1215 1571 1404 1613 imperator
1427 1570 1471 1603 ab
1488 1571 1647 1603 uniuerso
1663 1577 1785 1604 senatu
1801 1572 1982 1612 deseritur,

46 1623 94 1658 v25
118 1625 178 1669 qui
192 1634 358 1668 peruersa
373 1624 547 1657 insaniens
562 1630 690 1663 mente,
706 1635 791 1667 opes
807 1624 944 1666 imperii
959 1624 995 1656 in
1011 1635 1106 1657 mare
1117 1623 1323 1667 proiciebat3
1340 1629 1462 1657 contra
1477 1624 1570 1657 hunc
1587 1624 1772 1658 Heraclius
1786 1626 1976 1667 prefectus,

38 1678 46 1682 “
123 1677 138 1693 ‘⁴
151 1674 211 1720 qui
234 1681 317 1708 tunc
341 1674 498 1708 Africam
522 1674 667 1718 regebat
690 1685 769 1707 cum
793 1675 951 1708 exercitu
973 1675 1120 1707 ueniens
1135 1685 1213 1707 eum
1237 1685 1347 1718 regno
1363 1675 1504 1718 uitaque
1520 1675 1671 1717 priuauit
1687 1674 1728 1717 „⁹.
1768 1676 1821 1708 Eo
1838 1687 1976 1721 quoque

117 1734 271 1772 tempore
293 1727 470 1773 Agilulfus
493 1728 803 1772 Langobardorum
829 1739 894 1761 rex
910 1728 971 1772 qui
994 1734 1029 1761 et
1044 1727 1115 1772 Ajo
1139 1735 1191 1762 est
1214 1728 1418 1771 appellatus,
1434 1734 1618 1772 postquam
1644 1739 1727 1762 xxv.
1760 1729 1977 1774 regna'uerat
2054 1748 2074 1762 c.
2091 1742 2150 1766 15ob

118 1792 228 1816 annos
250 1782 344 1815 diem
369 1782 492 1815 clausit
515 1789 716 1822 extremum,
741 1783 798 1815 cui
822 1781 1004 1815 Adoaldus
1027 1782 1116 1814 filius
1139 1782 1211 1815 eius
1234 1793 1302 1814 una
1329 1791 1408 1814 cum
1432 1786 1541 1814 matre
1566 1782 1603 1814 in
1626 1793 1772 1826 regnum
1797 1785 1976 1817 successit.

122 1835 223 1870 “Sub
246 1835 300 1868 his
322 1839 437 1869 autetn
461 1837 609 1870 ecclesie
632 1842 823 1869 restaurate
845 1841 925 1868 sunt
949 1842 983 1868 et
1006 1836 1114 1868 multe
1138 1836 1347 1868 donationes
1370 1845 1433 1877 per
1461 1835 1540 1868 loca
1566 1835 1782 1869 uenerabilia
1811 1837 1931 1881 largite
1944 1862 1976 1878 „.

45 1880 96 1937 30
120 1888 193 1924 Sed
217 1889 298 1922 dum
321 1888 502 1922 Adoaldus
525 1889 682 1933 [accepta
704 1890 848 1933 potione
872 1901 893 1922 a
917 1889 1069 1933 quodam
1093 1889 1312 1932 imperatoris
1334 1888 1482 1933 Legato]
1498 1889 1645 1922 aduersa
1661 1896 1776 1923 mente
1796 1890 1977 1931 insaniret,

2010 877 2095 924 Banasa
2133 878 2194 897 5111

2129 906 2167 929 607

2098 878 2131 897 tiu

2066 905 2113 924 .C.

211 2025 234 2043 1.
258 2018 346 2044 Anno
371 2019 406 2044 ab
430 2019 631 2044 incarnatione
655 2018 805 2043 dominic
821 2031 830 2036 -
850 2017 959 2042 Phocas
978 2017 1046 2042 BC.
1065 2017 1104 2041 La
1129 2024 1141 2041 s
1160 2017 1247 2049 finale
1265 2018 1295 2042 in
1318 2017 1341 2042 C
1362 2017 1376 2041 ἑ
1399 2017 1502 2043 d'aura
1526 2025 1617 2048 manau
1643 2018 1738 2042 Phoca
1759 2018 1786 2042 B
1809 2025 1822 2041 e
1846 2018 1923 2043 Sasso
1942 2032 1975 2037 ——-

119 2066 145 2092 3.
165 2061 268 2085 octaua
290 2061 314 2085 C
341 2074 374 2079 —
394 2069 419 2093 4.
436 2062 563 2095 tempore
582 2062 669 2085 ἔπνει-ι
688 2060 719 2084 dn·
741 2067 819 2085 anno
840 2061 866 2084 B
884 2068 899 2084 e
916 2059 1012 2088 Sasso:
1037 2059 1100 2084 AC
1114 2067 1225 2092 seguono
1243 2059 1368 2090 Faunus,
1393 2059 1440 2091 IV,
1461 2066 1525 2094 ²9·
1544 2060 1763 2093 Theodopertus
1789 2062 1818 2085 et
1843 2059 1975 2086 Theodo-

120 2102 195 2127 rIcus
213 2103 240 2127 B
256 2111 271 2127 e
289 2103 379 2134 Sanun
397 2103 590 2137 Teudepertus
613 2103 636 2128 C
653 2116 686 2122 -
706 2109 730 2135 7.
749 2102 889 2128 Sabianus
912 2102 962 2126 C·
982 2101 1128 2127 Romanus
1147 2109 1183 2127 ex
1203 2103 1229 2127 B
1247 2110 1260 2126 ε
1279 2102 1355 2127 Sasso
1374 2117 1407 2121 —
1427 2101 1455 2127 8-
1446 2110 1483 2136 ·.9
1497 2110 1577 2128 orrea
1593 2103 1617 2126 C
1632 2117 1666 2121 -
1682 2110 1723 2127 10.
1737 2103 1862 2136 apostoli
1883 2111 1976 2128 manca

45 2168 47 2170 .
122 2145 149 2168 Β
165 2152 180 2169 e
204 2145 281 2170 Satn
299 2158 331 2164 —
353 2152 392 2171 11.
411 2145 570 2171 Catadiaco
589 2146 615 2170 B
632 2153 646 2170 e
664 2145 741 2170 Sasso
759 2159 792 2164 --
815 2152 855 2170 12.
868 2146 999 2178 optinuit
1016 2144 1039 2168 C
1053 2151 1123 2169 come
1141 2145 1225 2170 nelL.
1238 2145 1270 2170 P.
1287 2144 1309 2174 1,
1328 2144 1411 2177 316·
1418 2145 1527 2170 Phoca
1542 2147 1594 2170 Be
1606 2145 1683 2169 Sasso
1701 2159 1734 2163 —
1752 2153 1791 2178 13.
1805 2146 1897 2178 capud
1917 2153 1977 2171 esse

5 2179 14 2221 ἐξ
75 2193 89 2220 5
124 2186 148 2211 C
163 2187 293 2219 dipn'ma
310 2196 396 2220 mano,
414 2189 661 2221 aggiuseatopoiin
675 2190 747 2213 esset
765 2202 798 2206 —
817 2194 860 2220 3²-
879 2187 906 2221 p'
926 2187 986 2212 AB
999 2187 1023 2211 C
1037 2187 1099 2212 letto
1116 2187 1151 2211 da
1171 2187 1247 2212 Sam
1266 2189 1339 2220 post,
1357 2190 1446 2212 contro
1465 2187 1488 2212 il
1503 2195 1576 2212 senso
1594 2187 1638 2212 del
1655 2188 1684 2213 L.
1705 2188 1734 2213 P.
1754 2188 1800 2212 che
1819 2188 1852 2213 R.
1870 2195 1948 2220 segue
1967 2202 1978 2208 -

5 2227 12 2236 ¹
48 2223 54 2236 ²
121 2230 240 2255 tercium
258 2231 285 2255 Β
297 2230 321 2254 C
343 2245 375 2248 —
397 2237 437 2264 17.
455 2230 565 2256 Ioanne
585 2231 611 2256 B
628 2239 641 2254 e
660 2229 737 2255 Semo
755 2243 767 2249 —
785 2231 807 2255 I.
826 2237 884 2255 uno
902 2230 927 2254 A
938 2231 965 2254 Β
978 2229 1006 2254 C.
1023 2229 1154 2262 Corraeggo
1171 2230 1277 2255 secondo
1295 2230 1318 2254 il
1334 2229 1364 2255 L.
1383 2230 1412 2254 P.
1425 2230 1473 2254 che
1492 2230 1524 2254 R.
1543 2237 1621 2263 seg-ue
1637 2243 1649 2250 -
1661 2230 1755 2255 Phoca
1776 2231 1802 2255 Β
1819 2238 1833 2255 e
1851 2230 1928 2256 Sasso
1944 2246 1976 2249 —

125 2269 164 2296 18.
183 2272 314 2304 optinuit
335 2272 359 2297 C
375 2286 385 2291 -
404 2273 553 2298 Pantheon
571 2273 602 2303 C;
615 2272 640 2297 A
651 2274 678 2298 Β
695 2271 828 2303 conformi
844 2272 961 2297 Pnums
980 2271 1027 2301 IV,
1047 2271 1081 2304 36
1094 2285 1126 2290 —-
1148 2277 1190 2296 20.
1204 2273 1333 2296 sanctum
1347 2273 1374 2296 B
1385 2280 1399 2297 e
1414 2272 1503 2301 Sasso;
1516 2273 1630 2297 beatum
1643 2273 1668 2296 Α
1678 2273 1701 2297 C
1718 2287 1751 2292 --
1771 2280 1813 2297 21.
1827 2273 1923 2298 Perses
1941 2274 1976 2305 σς

120 2313 146 2352 4
153 2311 181 2338 B
191 2313 324 2346 conformi
333 2313 457 2340 Pactus.
470 2314 519 2346 lv,
532 2322 566 2349 37
581 2328 613 2334 —
634 2322 676 2340 22.
688 2314 887 2339 lerosolimam
909 2314 933 2339 C
943 2327 954 2333 -
966 2321 1092 2346 quaeque
1104 2321 1156 2339 non
1169 2321 1280 2346 quoque
1292 2313 1369 2339 Sasso
1381 2327 1414 2333 —
1428 2321 1469 2347 23.
1482 2316 1566 2346 atque
1581 2322 1634 2339 non
1647 2315 1692 2339 uel
1706 2314 1782 2340 Sarra
1797 2328 1829 2333 -—-
1843 2322 1885 2347 24.
1900 2315 1973 2340 Iero—

121 2356 224 2381 solima
246 2356 270 2381 C
286 2356 430 2383 adducunt
450 2358 476 2383 B
493 2365 507 2382 e
525 2357 610 2383 Sauo.
629 2357 725 2383 Phoca
743 2357 769 2381 B
786 2365 800 2381 e
818 2357 895 2382 Sauo
920 2371 952 2376 --
977 2363 1017 2390 25·
1038 2356 1167 2382 Eraclius
1189 2356 1214 2381 C
1229 2370 1262 2375 —
1284 2356 1325 2382 26.
1339 2356 1508 2382 Audoaldus
1528 2359 1555 2382 B
1577 2365 1590 2381 e
1610 2357 1685 2382 Sasso
1705 2372 1737 2377 —
1751 2364 1794 2390 30.
1813 2359 1855 2383 set
1879 2358 1902 2382 C

17 2466 21 2478 2
52 2446 94 2470 ”10
209 2444 218 2463 ¹
236 2446 360 2480 PAvLus,
375 2455 435 2482 cap.
449 2448 595 2474 XXXVII:
617 2447 631 2461 ‘⁴
643 2448 734 2474 Focas
747 2449 845 2482 igitur,
861 2451 892 2473 ut
903 2450 1019 2481 premis·
1074 2447 1158 2474 [πιέν.
1180 2448 1286 2478 Christ„
1305 2449 1340 2478 11,
1359 2457 1387 2483 p.
1409 2454 1466 2481 127,
1487 2448 1650 2482 l‘epitaffio:
1668 2449 1681 2462 “
1691 2448 1790 2478 Saeva,
1812 2456 1910 2478 vorax,
1932 2450 1974 2474 nil

17 2493 20 2494 ’
50 2488 52 2491 ’
120 2487 134 2503 ⁴
146 2496 206 2514 sum
227 2491 276 2519 est,
295 2491 425 2516 extincto
438 2491 580 2516 Mauricio
595 2490 712 2523 elusque
725 2491 803 2522 filiis,
824 2490 1020 2516 Romanorum
1076 2489 1090 2502 “
1101 2498 1183 2523 posse
1200 2492 1274 2522 tuas,
1288 2498 1372 2519 mors,
1386 2492 1480 2524 aspice
1494 2492 1579 2521 vires,
1592 2490 1676 2515 Vivit
1689 2491 1720 2515 in
1735 2493 1879 2516 aeternum
1892 2499 1974 2523 quem
2004 2492 2036 2519 ²5

122 2530 264 2565 “regnum
283 2533 430 2562 invadens,
456 2541 505 2567 per
530 2535 596 2558 octo
617 2541 755 2558 annorum
780 2533 922 2558 curricula
942 2534 1020 2565 prin·
1076 2531 1252 2566 “peremisse
1271 2535 1354 2565 putas
1365 2550 1389 2565 „-

123 2573 258 2607 “cipntus
277 2576 319 2599 est
329 2592 353 2606 ,,.
1163 2573 1174 2590 ⁶
1193 2574 1222 2600 L.
1241 2575 1272 2601 P.
1292 2575 1312 2605 Ι,
1332 2575 1398 2608 316:
1421 2576 1434 2589 “
1446 2577 1520 2601 sedit
1539 2583 1627 2600 mens.
1640 2582 1708 2607 vm,
1722 2576 1782 2600 dies
1801 2582 1901 2608 xx11„.
1922 2577 1975 2601 Nel

56 2641 59 2644 ,
208 2614 221 2632 ²
238 2615 268 2642 L.
287 2616 317 2642 P.
336 2617 357 2647 Ι,
377 2623 437 2651 312.
459 2615 541 2646 “Qui
568 2619 698 2643 mortuus
718 2619 759 2643 est
781 2620 809 2642 et
836 2617 963 2650 sepultus
990 2618 1019 2642 in
1075 2619 1150 2642 resto
1169 2624 1188 2642 R
1209 2618 1295 2642 fonde
1313 2618 1336 2643 il
1355 2617 1385 2642 L.
1404 2618 1434 2642 P.
1453 2625 1468 2642 e
1486 2618 1612 2649 PAULUS,
1632 2618 1679 2647 IV,
1693 2617 1736 2650 36.
1750 2618 1772 2642 E
1786 2616 1845 2643 cosl
1866 2620 1975 2644 attacca

19 2659 20 2662 ’
77 2664 93 2692 5
123 2656 265 2684 “basilica
293 2659 370 2684 beati
397 2658 473 2684 Petri
496 2659 625 2691 apostoli
653 2661 720 2685 ante
749 2661 992 2685 secretarium...
1005 2679 1018 2693 ῃ
1074 2667 1143 2692 pure
1163 2661 1183 2685 il
1203 2661 1322 2693 periodo
1342 2663 1475 2692 seguente
1493 2668 1542 2694 per
1557 2661 1709 2685 Bonisacio
1729 2660 1777 2685 1v.
1815 2660 1974 2695 L'epitaffio

56 2696 59 2698 “
120 2699 150 2732 [1-
170 2707 201 2726 12
220 2708 316 2726 marzo
334 2699 406 2735 604}
424 2702 472 2726 Du:
496 2701 592 2733 Rossr,
613 2702 696 2727 Ins-cr.
721 2702 828 2731 chrm..
849 2702 883 2734 11,
905 2710 932 2736 p.
953 2708 986 2735 52
1006 2711 1021 2728 e
1075 2702 1104 2726 di
1123 2702 1276 2727 Bonlfazio
1296 2706 1325 2735 3⁰
1344 2701 1359 2727 ὲ
1380 2704 1410 2727 in
1429 2703 1476 2727 Ds
1495 2702 1939 2736 R0SS1‚op.cit.,11,126,141.
2003 2718 2038 2744 30

122 2741 164 2776 78,
182 2750 238 2768 ecc.
1164 2743 1175 2760 '⁷
1195 2744 1241 2771 Cf.
1254 2745 1284 2770 L.
1294 2745 1334 2777 P.,
1348 2746 1368 2775 Ι
1382 2751 1432 2779 317
1444 2745 1593 2776 ePAuws,
1603 2746 1649 2775 IV,
1664 2751 1779 2775 xxxvn
1793 2746 1843 2770 che
1856 2752 1874 2781 ¹³.
1889 2746 1975 2771 fonde

208 2783 220 2801 ⁸
238 2785 364 2815 ΡΑυιυε,
382 2785 484 2816 XXIX,
504 2786 607 2811 ultimo
627 2788 755 2820 periodo.
1076 2788 1201 2813 insieme.
1240 2788 1287 2814 Cf.
1316 2788 1463 2821 l‘epitaffio
1491 2789 1521 2812 in
1547 2788 1594 2812 DE
1613 2787 1897 2820 Ross1,0p.cte.,11‚
1927 2788 1975 2814 128

24 2852 27 2864 Α,
57 2853 63 2857 ,
210 2825 223 2843 ⁴
241 2827 272 2853 L.
290 2828 320 2853 P.
339 2828 361 2859 Ι,
379 2834 440 2861 315.
454 2835 474 2852 n
487 2830 605 2854 omette:
620 2829 696 2855 “....
717 2831 746 2853 ln
761 2829 879 2854 civitate
892 2828 1020 2855 Romana
1075 2837 1089 2854 e
1110 2829 1169 2855 208.

14 2867 27 2906 ,j
50 2874 96 2905 'tao
124 2867 138 2882 “
145 2869 250 2902 gravis.
263 2869 343 2895 Tunc
358 2870 434 2895 sacta
448 2877 516 2903 pace
525 2879 589 2896 cum
599 2873 683 2903 gente
693 2871 944 2904 Langobardorum
957 2874 985 2897 et
995 2891 1020 2904 η.
1163 2870 1175 2888 ⁸
1194 2872 1280 2901 IDEM,
1301 2872 1354 2897 loc.
1374 2873 1424 2898 cit.

16 2909 18 2911 ’
57 2919 60 2921 ·
208 2910 220 2928 ⁵
237 2919 256 2937 n
275 2914 393 2938 omette:
415 2912 487 2938 “....
502 2912 568 2942 Quo
582 2913 728 2943 defuncto,
743 2914 828 2938 sunus
841 2914 902 2939 eius
915 2914 1020 2940 eiectus
1163 2913 1175 2930 ⁹
1194 2915 1280 2944 IDEM,
1294 2915 1348 2940 loc.
1362 2915 1419 2944 cit„
1431 2914 1550 2939 tuatim
1558 2914 1675 2947 periodo,
1687 2914 1864 2940 omettendo:
1881 2916 1894 2928 ‘⁴
1906 2923 1974 2940 rem·
2002 2925 2034 2953 35

123 2953 189 2980 “est
207 2962 256 2987 per
274 2957 386 2989 portam
405 2956 499 2981 sancti
518 2956 664 2986 IohannIs,
684 2957 795 2982 ductus.
808 2959 851 2982 est
870 2957 942 2982 foris
961 2965 1022 2983 mu·
1078 2957 1155 2990 “que
1173 2958 1318 2990 publicam
1337 2957 1495 2983 Romanam
1519 2957 1645 2982 eiusdem
1670 2956 1744 2982 filius
1767 2957 1913 2982 Heraclius
1935 2965 1975 2983 su-

67 2999 85 3010 *
126 2996 139 3011 ‘⁴
151 3005 196 3023 ros
210 2999 339 3024 civitatis
352 2999 387 3024 ad
408 3000 524 3032 pontem
544 2999 685 3025 Molvium
696 3017 721 3032 ,,.
759 2999 805 3025 Cf.
820 3001 849 3025 in
863 3000 909 3024 DE
926 2999 1020 3030 Rossr,
1079 3000 1092 3014 “
1104 3001 1194 3034 scepIt
1212 3000 1363 3033 regendam
1371 3017 1395 3032 „.
