2398 3470
0 1989 15 2087 ξ

0 2090 13 2411 g

0 2413 18 2766 l

0 3027 11 3232 ὲ

0 3233 8 3293 ξ

136 267 189 302 [Α.
207 267 241 296 C.
262 269 354 303 11⁶1]

716 264 1005 301 ROMUALDI
1034 264 1396 301 SALERNITANI

135 384 321 417 maximum
344 390 398 418 est
421 391 589 426 exortum,
614 391 649 419 et
670 385 770 419 multi
793 387 838 419 de
861 375 1065 419 Sarrac'enis
1092 387 1218 420 mortui
1235 393 1314 420 sunt
1329 393 1364 420 et
1379 387 1545 429 expoliati
1561 386 1581 420 ⁴.
1627 386 1851 421 Adueniente
1867 394 1983 421 autem

133 443 240 470 nocte
263 436 408 478 sabbati,
430 438 664 481 W[ilhelmus]
687 449 806 473 comes
828 440 873 473 de
896 439 1100 482 Principatu
1124 445 1159 472 et
1182 440 1389 472 Tancredus
1404 450 1523 473 comes
1538 441 1581 473 de
1597 440 1733 485 Lycia'
1749 452 1827 474 cum
1844 442 1983 485 quibus-

135 491 215 524 dam
239 491 316 524 aliis
337 491 383 524 ad
405 491 584 525 Matheum
607 493 799 533 Bonellam,
821 493 879 536 qui
903 493 1005 525 huius
1028 493 1275 526 coniurationis
1298 499 1402 536 caput
1424 494 1586 527 extiterat
1608 501 1642 527 et
1667 501 1750 528 tunc
1782 501 1857 528 erat
1886 496 1981 538 apud

134 542 359 578 Mestrectam
371 543 395 584 ⁸,
418 545 590 578 uelociter
611 545 763 586 inerunt,
786 551 822 579 et
842 547 956 588 ipsum
984 556 1063 578 cum
1079 556 1142 578 sua
1157 546 1280 579 militia
1296 546 1503 579 Panormum
1519 547 1726 580 festinanter
1741 548 1979 587 adducerunt3

91 597 110 629 5
134 597 302 631 timebant
324 597 428 636 enim,
451 599 545 642 quod
568 599 692 637 euenit,
715 608 760 631 ne
783 599 812 631 si
835 599 895 631 diu
917 609 1049 631 moram
1072 599 1241 638 facerent,
1265 609 1337 639 rex,
1354 600 1414 643 qui
1432 600 1555 633 iniuste
1573 607 1693 643 captus
1709 601 1835 640 fuerat,
1852 602 1982 635 auxilio

132 650 255 694 populi
277 651 322 684 de
338 661 456 684 eorum
480 651 639 685 manibus
654 652 842 686 tolleretur.
889 652 955 684 Die
970 661 1055 684 uero
1071 651 1206 685 sabbati
1222 652 1437 685 Romoaldus
1452 652 1691 686 Salernitanus
1702 654 1714 671 ⁴
1730 661 1765 687 et
1780 655 1981 688 Robbertus

132 703 366 737 Messanensis
389 705 644 748 archiepiscopi
655 705 679 745 ⁵,
701 711 738 738 et
759 705 960 738 Riccardus
982 704 1211 746 Siracusanus
1234 706 1366 739 electus
1379 709 1401 743 ⁰,
1424 711 1460 739 et
1483 706 1650 739 Tustinus
1665 708 1891 741 Mazariensis
1907 709 1978 752 epi-

133 767 260 800 scopus
273 760 296 796 ⁷,
320 758 478 791 uidentes
499 768 618 803 regem
639 759 765 791 iniuste
789 764 929 800 captum
952 763 988 791 et
1010 758 1174 801 palatium
1198 758 1421 801 expoliatum,
1450 760 1625 792 deteriora
1654 761 1707 792 his
1737 761 1773 793 in
1803 767 1978 803 posterum

131 817 365 853 expectantes,
383 818 551 854 ceperunt
565 812 752 845 admonere
767 811 943 854 populum,
959 816 996 843 ut
1012 811 1058 843 ad
1073 812 1166 854 regis
1180 811 1421 844 liberationem
1436 812 1666 852 intenderent,
1683 814 1779 856 quod
1795 821 1830 847 et
1846 815 1977 848 factum

17 905 18 908 Ἴ
70 863 110 896 10
132 869 202 902 est3
226 875 305 896 nam
327 863 483 907 populus'
506 875 625 897 eorum
649 865 895 897 ammonitione
910 874 1006 896 arma
1021 865 1190 907 arripiens
1205 864 1369 897 insultum
1382 865 1468 898 fecit
1482 866 1519 897 in
1534 867 1709 909 palatium,
1726 867 1978 901 comminantes

130 917 326 960 prisonibus
349 924 386 951 et
409 917 464 950 his
486 918 545 961 qui
569 923 667 951 erant
688 918 725 950 in
747 917 887 960 palatio,
911 918 1006 960 quod
1029 917 1092 950 nisi
1116 927 1235 961 regem
1260 917 1459 956 liberarent,
1483 929 1604 953 omnes
1627 920 1663 951 in
1694 930 1754 953 ore
1784 920 1895 964 gladii
1925 922 1978 954 in-

132 970 387 1004 terficerentur.
433 971 488 1004 Illi
510 981 594 1004 uero
617 971 741 1003 timore
765 969 912 1009 attoniti,
937 969 1018 1014 quia
1040 969 1172 1002 nullum
1195 976 1356 1013 poterant
1378 971 1508 1004 habere
1536 983 1747 1012 succursum,
1780 979 1814 1006 et
1845 975 1978 1018 populo

131 1023 292 1057 resistere
315 1034 386 1056 non
409 1024 583 1063 uidebant,
607 1024 653 1056 ad
675 1024 784 1067 pedes
806 1023 900 1067 regis
922 1023 1098 1056 humiliter
1121 1029 1350 1056 cucurrerunt
1373 1025 1447 1057 eius
1470 1026 1617 1068 gratiam
1642 1032 1677 1058 et
1703 1026 1978 1060 misericordiam

130 1077 356 1120 postulantes.

403 1076 486 1116 Qua
506 1078 700 1120 impetrata,
723 1077 822 1109 simul
845 1086 924 1109 cum
953 1086 1037 1121 rege
1067 1078 1112 1109 ad
1143 1077 1334 1110 fenestram
1364 1078 1467 1110 turris
1497 1078 1622 1121 Pisane
1652 1086 1832 1112 uenerunt.

1878 1081 1981 1114 Tunc

69 1129 107 1162 15
130 1141 194 1163 rex
217 1131 379 1168 uniuerso
402 1130 532 1174 populo
556 1130 600 1163 de
624 1141 685 1163 sua
708 1130 914 1163 liberatione
937 1130 1069 1174 gratias
1091 1131 1172 1173 egit,
1195 1131 1365 1164 mandans
1387 1131 1437 1164 eis
1459 1138 1496 1164 ut
1519 1131 1646 1176 singuli
1661 1139 1919 1166 reuerterentur
1934 1135 1979 1168 ad

68 1997 101 2015 10

69 2211 98 2238 ιε

65 2422 100 2441 20

65 2634 96 2661 τε

63 2845 98 2872 30

130 1184 272 1226 propria
295 1189 331 1217 et
352 1184 389 1216 in
410 1193 500 1226 pace
514 1183 743 1227 quiescerent.

790 1183 1109 1226 Archiepiscopopi
1123 1193 1208 1216 uero
1225 1189 1258 1216 et
1274 1184 1432 1227 episcopi
1449 1195 1529 1218 cum
1544 1185 1622 1217 aliis
1637 1186 1798 1219 fidelibus
1812 1187 1979 1229 palatium

130 1237 374 1280 ascenderunt,
399 1244 434 1271 et
456 1247 576 1282 regem
600 1237 643 1270 de
666 1237 868 1275 infortunio,
891 1237 985 1279 quod
1008 1237 1200 1275 acciderat,
1223 1247 1288 1280 pro
1304 1247 1405 1279 posse
1421 1243 1500 1270 sunt
1525 1239 1700 1272 consolati.

1748 1239 1840 1272 Huic
1864 1247 1978 1273 autem

133 1290 246 1323 dolori
269 1291 366 1335 regio
389 1291 491 1324 dolor
512 1290 602 1323 alius
624 1301 695 1324 non
717 1290 902 1323 mediocris
924 1291 1140 1333 superuenit;
1165 1290 1246 1323 dum
1270 1291 1359 1324 enim
1376 1302 1441 1334 pro
1465 1291 1648 1325 liberando
1670 1303 1753 1336 rege
1776 1293 1921 1326 insultus
1942 1294 1978 1326 in

131 1344 262 1386 palatio
286 1344 396 1384 fieret,
420 1344 594 1388 Rogerius
616 1344 688 1376 dux
709 1343 850 1387 Apulie,
873 1343 962 1376 filius
984 1343 1069 1380 eius.
1092 1343 1219 1387 sagitta
1242 1344 1331 1377 iusta
1353 1345 1492 1377 oculum
1516 1352 1568 1378 est
1591 1355 1785 1387 percussus,
1817 1347 1876 1390 qui
1907 1358 1976 1380 non

67 1399 110 1430 20
131 1403 212 1441 post
233 1398 360 1431 multos
382 1398 458 1431 dies
480 1398 581 1430 huius
602 1397 756 1431 uulneris
779 1397 965 1431 occasione
988 1398 1119 1431 interiit
1132 1397 1155 1431 ⁸.
1202 1397 1366 1430 Matheus
1388 1408 1473 1431 uero
1497 1398 1654 1439 Bonella,
1671 1400 1816 1432 audiens
1831 1401 1923 1444 regis
1940 1401 1977 1433 li-

129 1451 358 1491 berationem,
380 1452 564 1494 plurimum
588 1451 711 1490 doluit,
734 1451 797 1484 sed
820 1451 1060 1492 dissimulauit,
1085 1457 1120 1484 et
1141 1462 1207 1494 per
1228 1451 1375 1484 nuncios
1405 1461 1486 1485 suos
1518 1452 1592 1496 regi
1621 1453 1811 1492 mandauit,
1841 1455 1904 1487 sed
1935 1455 1979 1487 de

222 1570 245 1588 1.
264 1564 407 1588 sarraceni
426 1563 562 1595 diprima
580 1571 666 1592 mano,
685 1565 794 1588 cor-rouo
813 1564 884 1587 assai
906 1563 983 1587 tardi
1008 1564 1031 1587 C
1055 1576 1086 1580 ——
1113 1569 1136 1587 2.
1162 1563 1260 1587 Liccia
1285 1564 1327 1593 Ag
1352 1562 1445 1587 Licila
1474 1564 1497 1587 C
1518 1571 1532 1587 e
1556 1565 1663 1594 Arndt}
1689 1564 1776 1596 Lycia
1800 1566 1814 1588 δ
1838 1565 1866 1589 la
1882 1564 1978 1595 forma

129 1612 237 1630 comune
255 1606 300 1629 dei
316 1606 467 1630 documenti
484 1618 515 1623 —
535 1612 560 1637 3.
580 1605 726 1630 Bunellam
750 1604 774 1630 C
787 1612 802 1628 a
819 1605 908 1629 Arndt
926 1618 958 1624 —-
978 1613 1002 1636 4.
1022 1605 1130 1629 milicia
1153 1606 1176 1630 C
1192 1614 1204 1629 e
1228 1605 1319 1630 Arndt
1344 1619 1352 1623 -

1378 1613 1471 1630 manca
1499 1605 1523 1629 C
1544 1619 1554 1624 -
1579 1606 1751 1631 adducerent
1776 1608 1810 1633 A.
1835 1607 1892 1636 A1‚
1917 1608 1977 1636 Α),

130 1649 187 1679 As,
207 1648 234 1672 B
249 1655 263 1671 e
283 1648 361 1673 Sauo
380 1661 413 1665 ——-
433 1654 457 1680 7.
477 1648 603 1673 Iustinus
622 1648 648 1672 B
665 1655 679 1671 e
697 1647 774 1673 Sauo
794 1660 826 1666 -
845 1655 871 1680 9.
890 1649 948 1679 regi
968 1647 999 1671 di
1018 1648 1109 1679 prima
1132 1655 1222 1676 mano,
1245 1647 1313 1671 auri
1334 1648 1465 1681 agglunse
1489 1655 1502 1672 s
1525 1655 1572 1672 con
1594 1648 1736 1673 r‘nchr'ostro
1759 1650 1872 1674 shiadito
1898 1651 1922 1675 C
1944 1664 1976 1668 —

133 1697 174 1716 ιο.
194 1690 337 1723 palacium
359 1691 383 1715 C
398 1697 412 1714 e
429 1690 521 1715 Arndt
539 1703 572 1708 —
594 1697 635 1715 11.
654 1689 765 1722 palatio
785 1690 808 1716 C
824 1697 838 1714 e
855 1690 946 1714 Arndt
965 1704 996 1707 —
1020 1696 1107 1714 11-12.
1127 1689 1319 1714 interficerent
1340 1690 1363 1714 C
1379 1697 1392 1713 ε
1414 1690 1502 1715 Arndt
1520 1704 1552 1708 -
1582 1697 1620 1715 12.
1647 1690 1775 1716 adtoniti
1804 1691 1827 1715 C
1848 1699 1862 1715 ε
1886 1692 1978 1717 Arndt

131 1745 166 1751 —
188 1739 228 1766 ¹7·
247 1733 413 1757 infortunio
432 1732 458 1756 B
474 1739 489 1757 e
506 1731 583 1757 Sauo

128 1821 142 1835 ²
154 1822 292 1850 fecerunt,
310 1822 494 1846 ostendentes
507 1828 571 1846 eum
584 1821 726 1850 omnibus,
746 1821 875 1855 plebique
888 1822 1022 1850 dicentes,

129 1864 142 1878 “
153 1872 188 1889 ne
207 1871 345 1896 quemque
362 1864 452 1889 alium
472 1865 605 1897 deinceps
624 1871 716 1897 regem
737 1865 787 1889 aut
806 1864 955 1888 dominum
974 1871 1021 1898 ap-

129 1906 142 1919 ’(
152 1906 295 1940 peliarent
306 1925 311 1931 .
322 1923 330 1931 .
340 1923 348 1931 .
358 1923 365 1931 .
377 1922 402 1939 ,.

216 1946 222 1962 ¹
245 1948 311 1974 Uoo
329 1949 499 1978 Fucmno,
514 1956 541 1981 p.
555 1947 589 1982 56
601 1956 616 1973 e
629 1956 694 1980 sego.
733 1949 843 1973 L'anno
857 1948 1024 1982 precedente

127 1992 136 2016 i
162 1991 294 2017 Saraceni
314 1990 390 2016 della
409 1990 479 2016 citt&
498 1998 585 2016 erano
605 1992 672 2016 stati
693 1991 832 2016 trasferiti
853 1991 899 2016 nel
918 1991 1023 2016 Trans-

126 2034 267 2067 papIreto.
304 2033 351 2059 Cf.
376 2033 491 2062 Amin,
513 2033 603 2058 Stm'a
628 2034 673 2057 dei
698 2033 874 2062 Mmlmam',
892 2033 943 2065 111,
962 2032 1024 2066 486,

127 2077 177 2102 che
201 2076 290 2109 opina
312 2083 403 2101 essere
426 2078 503 2101 stato
527 2076 624 2101 ucclso
652 2077 681 2100 in
708 2077 807 2108 questa
831 2076 976 2101 sedizione
1002 2076 1022 2100 il

127 2120 212 2152 poeta
236 2119 322 2144 arabo
336 2118 606 2151 Jehia-ibn-Tisaxi.

214 2159 226 2177 ¹
244 2161 384 2186 Tancredi
404 2163 488 2186 conte
501 2161 529 2185 di
545 2160 631 2186 Lecce
644 2168 658 2186 e
671 2162 719 2194 poi
734 2169 763 2185 re
777 2161 805 2185 di
819 2159 930 2189 Sicilia,
943 2160 1023 2192 figlio

129 2203 259 2229 naturale
278 2203 307 2228 dl
328 2203 474 2236 Ruggiero
487 2202 521 2231 11,
542 2210 648 2235 nacque
660 2203 775 2235 quando
789 2203 845 2235 egli
866 2203 901 2228 da
915 2203 986 2227 duca
999 2203 1024 2227 si

127 2249 247 2272 trovava
267 2254 283 2271 a
302 2245 391 2271 Lecce
410 2245 487 2271 forse
506 2245 550 2270 tra
571 2245 592 2270 il
615 2251 681 2277 1127
700 2254 714 2270 e
733 2246 755 2270 il
784 2245 859 2270 1128.
897 2245 1023 2270 Fratello

125 2289 154 2314 dl
174 2289 216 2314 lui
237 2296 304 2322 pare
321 2295 360 2313 un
379 2286 555 2320 Guglielmo‚
581 2288 611 2312 di
636 2288 686 2312 che
711 2289 792 2320 paria
811 2288 833 2312 il
855 2288 1024 2319 FALcAmno,

126 2339 174 2366 pp.
189 2337 221 2365 ²3
236 2339 250 2356 e
265 2337 306 2363 51,
320 2331 343 2356 il
355 2331 439 2363 quale
453 2331 482 2355 lo
496 2330 558 2356 dice
572 2336 664 2356 morto
677 2338 760 2356 verso
774 2331 796 2355 il
811 2330 1023 2356 ventiduesimo

82 2388 85 2390 v
127 2380 203 2399 anno
222 2373 251 2398 di
272 2379 322 2398 sua
341 2370 396 2398 eta.
432 2371 504 2397 Pare
523 2372 573 2397 che
591 2373 618 2397 la
637 2373 732 2397 madre
755 2374 797 2397 sin
817 2374 893 2398 stata
918 2372 1025 2402 Emma,

125 2415 205 2448 figlia
225 2415 253 2440 di
274 2414 402 2440 Alcardo
427 2416 510 2439 conte
535 2414 565 2439 di
592 2415 679 2439 Lecce
705 2415 858 2440 succeduto
883 2414 911 2439 al
937 2415 1023 2447 padre

126 2457 269 2486 Goffredm
287 2457 340 2482 che
359 2457 508 2490 sapplamo
527 2458 575 2490 poi
591 2457 744 2482 abbadessa
758 2458 802 2482 del
818 2459 979 2482 monastero
993 2457 1022 2482 di

124 2499 152 2526 S.
173 2499 321 2525 Glovanni
342 2499 373 2524 in
392 2498 480 2524 Lecce
498 2507 513 2524 e
532 2499 582 2524 che
602 2500 648 2524 nel
662 2501 776 2533 maggio
793 2506 860 2532 1190
872 2499 1023 2531 Tancredi,

127 2542 278 2568 lacendole
297 2549 352 2567 una
377 2541 545 2571 donazione,
568 2542 679 2567 chiama
706 2544 862 2573 matertera
891 2542 928 2567 cf.
953 2541 1024 2567 Gro-

124 2589 223 2609 vamn
243 2581 423 2611 Gummi.
442 2581 463 2607 1
474 2583 545 2607 conti
562 2582 716 2607 Nomas-ni
733 2583 765 2607 dl
780 2582 857 2608 Lacca
875 2582 920 2607 nel
942 2582 1023 2607 secolo

125 2625 192 2655 XII.
210 2625 328 2659 Napoll,
350 2631 425 2658 1900,
444 2624 554 2649 Arch.
573 2625 626 2650 St.
646 2632 708 2658 per
729 2625 760 2650 le
779 2624 888 2650 Prov.
909 2625 1022 2658 Napo-

125 2667 259 2698 letane,
278 2667 367 2698 XXV.
386 2675 412 2701 p.
433 2673 484 2701 ²⁰3
503 2674 518 2692 e
537 2674 593 2701 seg.

214 2708 226 2725 ³
244 2710 401 2735 Provincia
420 2709 448 2734 di
469 2709 603 2735 Messlna.

212 2751 222 2768 ⁸
242 2752 375 2778 L’autore
394 2755 483 2778 steno
503 2753 581 2778 delia
600 2752 732 2778 Cronaca
751 2753 801 2778 che
822 2760 907 2779 narra
924 2754 935 2778 i
956 2754 1020 2779 fatti

124 2795 172 2820 nei
191 2795 268 2827 quali
288 2795 358 2820 ebbe
384 2795 463 2828 pute
484 2795 618 2820 notevoie
638 2803 652 2819 e
672 2795 752 2820 salvo
773 2795 795 2820 il
816 2802 844 2820 re
864 2795 1022 2821 dail’innur-

124 2837 238 2862 rezione
256 2837 301 2862 del
321 2838 432 2870 partito
452 2838 662 2862 arlstocratlco.

211 2877 223 2895 ⁵
243 2879 427 2909 STARRABBA,
445 2878 463 2903 1
478 2879 591 2911 diplomi
607 2879 678 2904 della
700 2880 853 2906 Camarata
864 2880 895 2904 di
905 2879 1022 2905 Massiua

123 2923 182 2951 cit„
202 2928 228 2955 p.
249 2928 283 2947 20
301 2929 315 2946 e
334 2929 375 2955 ng.

210 2964 222 2982 ⁸
240 2962 384 2989 Rlceardo
402 2963 522 2994 Palmer,
541 2964 579 2989 fin
600 2964 646 2990 nel
668 2965 742 2990 febb.
766 2963 842 2998 1169.
868 2965 928 2990 ind.
947 2965 982 2996 11,
1007 2963 1022 2990 e

122 3013 228 3031 ancora
247 3006 315 3032 dato
334 3013 413 3032 come
432 3006 521 3032 eletto
547 3007 575 3032 dl
601 3006 749 3036 Siracusa;
777 3006 904 3037 qumrx.
930 3007 950 3032 I
965 3008 1018 3032 doc.

60 3052 93 3081 35
121 3048 191 3074 md.
214 3049 265 3075 cit.
280 3056 307 3082 p.
324 3055 382 3074 111.
419 3048 465 3075 Cf.
480 3056 549 3083 pure
562 3048 654 3075 Pam
668 3049 825 3076 ansznsis
838 3050 927 3082 Epist.
945 3058 960 3074 n
976 3049 1019 3085 4⁶»

1077 1822 1107 1845 in
1129 1821 1242 1852 Mroun,
1260 1820 1416 1851 Patrologra
1435 1820 1541 1850 launa,
1562 1820 1674 1850 CCVII,
1695 1822 1749 1848 col.
1773 1829 1830 1855 133.

1163 1861 1175 1878 ⁷
1197 1862 1331 1887 Tus-tanus
1349 1863 1403 1887 Dei
1415 1863 1509 1895 gratia
1527 1862 1646 1887 Masarie
1664 1865 1815 1895 episcopus:
1842 1863 1972 1895 GARUFI,

1078 1905 1163 1930 Catal.
1183 1904 1288 1929 luam.
1308 1904 1353 1928 del
1372 1904 1434 1929 Ταῦ.
1454 1905 1485 1929 ἀί
1501 1904 1530 1930 S.
1549 1905 1642 1929 Μανία
1666 1905 1760 1930 Νιιουα
1785 1906 1816 1930 dr
1838 1906 1973 1931 Mos-reale

1077 1948 1134 1977 cit.‚
1154 1955 1200 1980 pp.
1224 1946 1255 1971 16
1274 1954 1289 1971 e
1309 1946 1367 1980 163.

1165 1987 1176 2004 ⁸
1189 1988 1255 2014 er
1269 1989 1437 2018 Faenum,
1449 1996 1495 2022 pp.
1510 1988 1597 2018 61-62,
1612 1990 1722 2023 riporta
1737 1991 1764 2015 la
1779 1992 1910 2015 versione
1924 1991 1974 2015 che

1078 2033 1099 2057 il
1119 2032 1190 2057 duca
1210 2031 1363 2065 Ruggiero,
1383 2039 1515 2057 novenne
1534 2031 1631 2066 (IDEM,
1652 2040 1677 2064 p.
1705 2031 1758 2065 52),
1786 2033 1890 2058 stando
1916 2034 1974 2058 alla

1077 2074 1198 2106 sinestra,
1221 2073 1351 2107 “sagitta
1376 2081 1524 2108 percussus
1548 2077 1591 2099 est
1600 2084 1630 2107 ης
1659 2075 1733 2099 forse
1758 2083 1807 2108 per
1832 2082 1917 2100 mano
1944 2076 1973 2100 di

1078 2117 1168 2142 Dario
1191 2117 1204 2130 ‘⁴
1215 2117 1371 2142 hostiarius
1382 2126 1412 2148 „;
1433 2124 1478 2142 ma
1498 2117 1624 2147 insinua,
1643 2124 1697 2142 con
1718 2125 1774 2142 una
1788 2120 1877 2150 punta
1892 2118 1920 2142 di
1936 2118 1973 2143 fe-

1078 2166 1140 2184 roce
1153 2159 1279 2184 malizla:
1303 2158 1379 2183 “alli
1401 2167 1477 2191 vero,
1495 2159 1545 2191 qui
1565 2161 1670 2184 secreta
1690 2159 1791 2192 palatii
1812 2160 1975 2185 fatebantur

1080 2203 1093 2215 “
1104 2209 1132 2226 se
1145 2202 1258 2236 plenius
1271 2208 1431 2234 agnoscere,
1446 2202 1588 2234 negabant
1601 2202 1662 2226 eius
1676 2202 1797 2226 efficacie
1812 2202 1900 2227 fuisse
1914 2203 1975 2227 vul—

1080 2245 1093 2257 “
1107 2251 1158 2269 nus
1174 2246 1317 2276 acceptum
1332 2245 1363 2269 ut
1377 2245 1494 2269 mortem
1509 2244 1615 2269 inferre
1629 2244 1774 2274 sufficeret,
1789 2245 1901 2277 Ipsique
1915 2246 1973 2277 regi

1079 2286 1093 2300 ¹⁴
1103 2287 1244 2320 putabant
1256 2287 1318 2311 elus
1330 2286 1511 2312 atrocitatem
1526 2286 1658 2311 criminis
1674 2287 1883 2320 imputandam.
1902 2288 1975 2313 Cum

1078 2329 1187 2358 ''eniri-i,
1206 2331 1239 2354 ut
1258 2329 1381 2358 aiebant,
1400 2328 1523 2354 liberato
1542 2329 1618 2362 patri
1638 2336 1707 2361 puer
1732 2329 1909 2362 applaudens
1934 2338 1976 2354 ac-

1079 2371 1092 2383 “
1104 2373 1236 2400 curreret,
1260 2373 1340 2404 pater
1353 2371 1548 2404 indignitatus
1562 2371 1637 2404 quod
1654 2371 1735 2395 illum
1749 2373 1829 2403 quasi
1845 2372 1900 2396 sibi
1914 2380 1975 2404 pre-

1079 2414 1092 2427 “
1105 2414 1195 2439 latum
1213 2414 1310 2439 hostes
1330 2415 1371 2438 sui
1394 2421 1487 2446 regem
1508 2413 1735 2447 appellaverant,
1754 2414 1860 2447 repulit
1882 2421 1944 2438 eum
1960 2423 1974 2439 a

1079 2455 1092 2469 “
1104 2463 1132 2481 se
1150 2458 1179 2481 et
1198 2456 1274 2481 calce
1292 2463 1464 2489 percussum,
1483 2458 1592 2488 quanto
1613 2457 1710 2488 potuit
1731 2457 1839 2489 impetu
1862 2458 1975 2488 protur-

1077 2498 1267 2529 ‘bavit;....
1289 2507 1338 2523 nec
1360 2499 1481 2524 multum
1501 2500 1601 2532 postea
1621 2499 1782 2531 supervixit
1792 2516 1815 2530 „.

1164 2541 1204 2567 La
1223 2541 1444 2567 testimonlanza
1464 2541 1495 2566 di
1513 2540 1547 2566 R.
1567 2540 1581 2566 ὲ
1602 2541 1698 2566 chiara
1718 2548 1733 2565 e
1752 2542 1876 2573 precisa:
1902 2541 1975 2574 Rug-

1076 2584 1157 2618 glero
1176 2584 1253 2610 dalla
1273 2585 1364 2610 saetta
1384 2584 1414 2609 su
1433 2584 1543 2617 colpito
1563 2584 1662 2608 vicino
1685 2583 1819 2608 l’occhlo.

1162 2626 1188 2652 11
1207 2627 1342 2652 cadavere
1362 2626 1391 2652 di
1411 2627 1461 2655 lui,
1482 2627 1511 2651 in
1532 2628 1628 2658 tempo
1643 2626 1803 2658 posteriore
1813 2626 1868 2650 alia
1882 2628 1974 2651 morte

1076 2669 1151 2695 della
1171 2669 1266 2695 madre
1284 2670 1383 2702 regina
1402 2669 1578 2701 Margherita
1598 2667 1698 2702 (1183),
1719 2668 1750 2692 fu
1770 2668 1870 2693 chiuso
1890 2669 1919 2693 ln
1936 2677 1972 2694 un

1075 2712 1225 2745 sarcofago
1237 2712 1358 2738 insieme
1368 2719 1422 2737 con
1433 2712 1529 2744 quello
1541 2711 1585 2736 del
1600 2711 1719 2736 fratello
1733 2710 1838 2735 Enrico
1850 2710 1879 2743 (ἤ-
1892 2712 1972 2744 1171)

1075 2762 1089 2779 e
1103 2754 1248 2780 collocato
1260 2755 1306 2779 nel
1317 2755 1422 2779 duomo
1434 2754 1463 2778 di
1475 2753 1630 2782 Monreale,
1645 2753 1722 2777 nella
1737 2754 1840 2777 navata
1855 2754 1974 2778 sinlstra

1075 2798 1154 2829 qussi
1166 2798 1195 2822 di
1211 2797 1306 2822 fronte
1320 2797 1478 2821 all’attuale
1492 2802 1609 2828 organo.
1649 2795 1838 2820 L'iscrlzione
1854 2797 1882 2819 in
1899 2797 1972 2820 versi

1076 2839 1185 2864 leonini
1206 2847 1220 2864 e
1239 2839 1403 2872 riprodotta
1424 2847 1438 2863 a
1458 2839 1595 2866 mosaico,
1616 2838 1691 2862 forse
1717 2838 1761 2862 del
1790 2838 1877 2870 primi
1904 2839 1971 2862 anni

1075 2882 1120 2907 del
1141 2881 1357 2914 milledugento,
1377 2881 1439 2906 dice
1459 2881 1486 2905 di
1508 2881 1565 2905 lui:

1112 2923 1190 2949 “Hic
1210 2926 1260 2949 tua
1278 2923 1384 2956 Rogeri
1405 2924 1461 2948 dux
1481 2922 1626 2955 quondam
1646 2924 1772 2956 tempore
1793 2923 1884 2955 patris

1112 2966 1125 2980 “
1138 2965 1210 2992 Ossa
1230 2968 1308 2991 tenet
1328 2965 1463 2994 tumulus,
1482 2965 1595 2990 tumulo
1616 2965 1797 2990 contermina
1819 2964 1926 2991 matris,

1113 3008 1127 3022 ⁸
1139 3008 1279 3034 Undecles
1298 3010 1412 3033 centum
1432 3008 1524 3032 decies
1544 3006 1583 3030 VI
1602 3007 1647 3032 his
1666 3008 1757 3040 magis
1783 3014 1867 3031 anno.

1113 3049 1126 3063 ‘⁴
1137 3049 1245 3083 Migm
1264 3051 1329 3084 post
1350 3049 1497 3075 Christum
1519 3050 1616 3074 natum
1630 3049 1682 3074 sub
1695 3049 1809 3075 Herode
1823 3049 1940 3073 tiranno
1951 3066 1974 3080 η.

2002 2001 2036 2025 40

2003 2208 2034 2236 4⁵

2003 2421 2038 2447 50

2002 2630 2035 2657 55

2057 722 2121 740 mari.
2142 726 2162 740 ιι

2060 886 2079 900 ε.
2095 886 2136 905 237
2144 887 2158 900 α
