2398 3470
157 239 230 261 Mur„
280 244 363 262 mm
401 225 470 263 122
1160 222 1471 258 CHRONICON
2045 227 2097 262 [A.
2116 229 2149 256 c.
2170 229 2243 263 ³90]

244 687 264 700 a.
281 687 318 705 590

223 845 243 858 c.
259 838 317 863 JJBb

224 1540 244 1555 c.
261 1540 299 1560 149
306 1541 320 1554 a

234 2227 254 2241 c.
270 2225 308 2245 149
316 2220 328 2239 b

343 2834 374 2852 10

399 296 2246 308 ..........................................................................................................................................................................................................

392 368 529 400 quoque
554 357 699 389 insulam
723 355 946 388 obtinuerunt
958 354 977 387 ¹.
1015 354 1096 392 Quo
1112 360 1269 395 tempore
1294 352 1569 396 Herminigildus
1590 352 1766 397 Leuigildi
1789 354 1971 396 gothorum
1987 355 2077 388 filius
2093 355 2184 398 regis
2200 354 2245 387 ob

393 410 472 442 fidei
495 409 666 441 catholice
691 408 942 440 confessionem
966 419 987 439 a
1002 413 1100 449 patre
1117 405 1268 437 Arriano
1292 406 1445 446 priuatus
1468 416 1577 448 regno
1602 412 1636 438 et
1663 406 1699 437 in
1723 406 1873 439 carceris
1888 407 2031 439 uincula
2054 407 2242 449 proiectus,

394 463 438 495 ad
461 468 649 494 extremum
674 461 707 493 in
733 461 847 503 capite
871 470 1056 502 percussus
1091 465 1143 491 est
1155 458 1178 491 ².
1223 457 1326 490 Anno
1361 468 1438 490 xxx
1471 458 1562 501 regis
1593 459 1799 497 Guthranni,
1829 461 1948 492 tunica
1979 460 2112 493 domini
2136 461 2244 493 nostri

392 516 467 548 Iesu
491 514 631 552 Christi,
656 524 722 556 que
747 514 806 545 uni
829 513 976 545 militum
992 514 1084 545 forte
1108 512 1234 549 euenit,
1259 511 1398 543 inuenta
1422 517 1474 543 est
1498 511 1535 543 in
1552 511 1692 543 ciuitate
1709 512 1856 554 Zaphat,
1872 513 1909 545 in
1925 513 2032 545 archa
2051 524 2244 547 marmorea
2361 550 2363 554 ¹

392 568 486 600 facta
509 567 631 609 posita,
663 572 820 609 tempore
855 566 991 598 Thome
1023 564 1330 607 Hierosolymitani
1362 564 1517 606 episcopi
1549 570 1583 596 et
1618 565 1782 596 Iohannis
1812 565 2185 608 Constantinopolitani
2212 572 2246 599 et
2291 565 2310 598 5

394 620 552 663 Gregorii
575 619 798 651 Antiocheni.
843 617 947 651 Anno
970 628 1069 650 xxxr.
1094 617 1290 650 Guthranni
1314 617 1405 660 regis
1426 616 1574 649 Authari
1605 628 1668 650 rex
1697 617 2005 661 Langobardorum
2036 618 2124 652 obiit
2154 629 2245 652 anno

395 673 571 706 dominice
594 671 840 704 incarnationis
864 670 961 704 DXC
977 671 1032 703 cui
1048 670 1215 703 successit
1237 669 1415 712 Agilulfus
1431 670 1468 702 in
1483 679 1640 713 regnum.
1659 671 1883 703 Guthrannus
1897 671 2018 715 itaque
2033 672 2247 705 Francorum

391 736 451 758 rex
475 725 618 758 moritur
640 735 731 757 anno
754 725 853 768 regni
884 725 937 757 sui
959 733 1090 756 xxxm.
1137 724 1217 756 Fuit
1248 728 1362 755 autem
1394 723 1616 756 Guthrannus
1648 724 1684 755 in
1708 724 1863 756 bonitate
1886 725 2083 767 precipuus,
2111 725 2146 757 in
2171 735 2248 758 ero-

392 779 510 823 ganda
532 777 744 820 pauperibus
778 778 978 821 elemosyna
1012 777 1188 820 largifluus
1219 774 1352 808 Christi
1384 776 1623 809 sacerdotibus
1655 787 1692 808 se
1723 777 1885 809 humilem
1917 777 2068 819 prebens
2099 777 2249 811 subditis

393 831 463 864 suis
486 831 666 874 benignus,
690 829 858 873 gentibus*
883 830 1036 863 externis
1066 830 1234 872 placatus,
1266 834 1369 872 atque
1401 829 1576 872 pacificus,
1608 836 1642 862 et
1673 831 1709 861 in
1741 830 1833 862 omni
1865 829 2020 863 bonitate
2051 831 2246 873 cospicuus.
2274 832 2313 864 lo

394 885 460 918 Cui
483 884 648 917 successit
671 883 916 917 Childebertus
939 884 1012 916 eius
1036 893 1154 926 nepos,
1171 882 1260 915 filius
1284 882 1490 926 Sigelberti;
1514 883 1597 915 huic
1622 890 1736 915 autem
1760 889 2002 916 successerunt
2024 884 2095 916 duo
2111 883 2172 916 filii
2195 885 2248 917 sui

393 938 505 971 adhuc
522 937 657 981 pueryli
672 937 735 969 sub
751 937 857 969 tutela
874 938 993 980 regine
1010 936 1247 969 Brunichildis
1263 936 1454 975 constituti,
1471 942 1506 969 et
1521 936 1770 969 Theodeberto
1786 934 1927 980 qui'dem
1944 947 2088 980 regnum
2103 936 2248 970 Austra-

394 992 532 1030 siorum,
555 991 628 1023 siue
651 990 948 1034 Burgundionum,
972 991 1067 1033 quod
1090 995 1187 1032 pater
1210 989 1459 1022 childebertus
1483 1001 1504 1022 a
1526 989 1686 1033 genitore
1710 1000 1773 1023 suo
1790 990 1975 1033 Sigeberto
1998 989 2066 1022 sibi
2089 990 2249 1024 relictum

394 1050 577 1087 acceperat
591 1045 616 1076 ³.
660 1043 884 1076 Theoderico
907 1050 1021 1076 autem
1045 1053 1190 1086 regnum
1222 1043 1429 1082 Guthranni,
1461 1043 1556 1085 quod
1588 1043 1834 1076 Childebertus
1865 1044 1938 1076 iure
1970 1044 2168 1086 adoptionis
2196 1050 2251 1077 te·-
2354 1083 2357 1087 ,

395 1104 528 1136 nuerat,
552 1102 644 1130 sorte
669 1096 820 1129 obuenit.
869 1095 940 1134 Qui
965 1096 1070 1129 etiam
1093 1096 1159 1128 sibi
1182 1096 1218 1127 in
1242 1096 1295 1127 his
1318 1095 1406 1128 locis
1430 1095 1553 1138 quibus
1577 1101 1613 1128 et
1641 1097 1774 1138 priores
1790 1097 2003 1130 constituere
2026 1096 2138 1130 sedes.
2183 1097 2250 1130 His
2276 1096 2314 1129 15
2356 1094 2357 1097 ’

394 1151 517 1183 diebus
540 1150 744 1183 Audoaldus
766 1160 869 1192 super
892 1149 1144 1192 Langobardos
1165 1150 1299 1181 leuatus
1322 1155 1374 1181 est
1389 1159 1452 1181 rex
1468 1149 1512 1182 ab
1528 1148 1687 1193 Agilulfo
1704 1159 1786 1193 rege
1804 1155 1902 1192 patre
1924 1160 1998 1188 suo,
2028 1149 2248 1183 “astantibus

400 1203 550 1248 “legatis
573 1202 811 1235 Theodeberti
834 1203 926 1246 regis
950 1201 1163 1235 Francorum
1188 1208 1224 1235 et
1246 1203 1456 1244 desponsata
1480 1207 1532 1235 est
1554 1202 1669 1235 eidem
1698 1203 1772 1246 regi
1795 1213 1903 1245 puero
1919 1203 1991 1234 filia
2013 1203 2108 1246 regis
2130 1203 2250 1237 Theo-

399 1258 413 1274 “
428 1256 574 1295 deberti,
598 1262 632 1288 et
647 1256 781 1288 firmata
803 1257 854 1288 est
876 1266 944 1298 pax
967 1262 1136 1298 perpetua
1152 1266 1230 1288 cum
1247 1255 1394 1288 Francis
1406 1254 1427 1287 ⁴.
1460 1255 1594 1288 Eodem
1609 1261 1766 1298 tempore
1783 1255 1930 1289 Francis
1953 1267 2031 1288 cum
2056 1255 2250 1289 Saxonibus

399 1311 414 1327 ‘⁴
428 1309 669 1354 pugnantibus,
693 1318 819 1352 magna
842 1315 973 1352 strages
997 1309 1040 1341 ab
1070 1309 1225 1352 utrisque
1257 1307 1414 1350 partibus
1443 1308 1541 1340 facta
1572 1315 1624 1341 est
1638 1333 1652 1348 „
1670 1309 1693 1341 ⁵.
1740 1309 1877 1341 Interea
1908 1308 2156 1342 Childebertus
2189 1319 2251 1342 rex

393 1363 607 1396 Francorum
623 1363 658 1394 ui
680 1363 806 1396 ueneni
830 1362 1055 1406 extinguitur3
1079 1373 1142 1395 rex
1164 1368 1279 1394 autem
1302 1362 1548 1395 Theodericus
1578 1368 1736 1395 sanctum
1767 1362 1983 1395 Desiderium
2013 1362 2250 1396 Uiennensem
2273 1363 2317 1396 2⁰

395 1417 597 1460 episcopum
621 1416 715 1459 prius
739 1415 841 1448 exilio
865 1415 1026 1459 relegari,
1049 1415 1236 1449 nouissime
1253 1425 1339 1447 uero
1363 1415 1511 1458 lapidari
1535 1416 1705 1458 precepit.
1750 1415 1846 1448 Obiit
1870 1416 1986 1459 itaque
2009 1415 2251 1450 Theodericus

395 1481 486 1503 anno
508 1469 606 1513 regni
629 1469 680 1502 sui
702 1468 988 1511 septimodecimo
1013 1469 1069 1502 cui
1093 1469 1260 1502 successit
1282 1469 1318 1500 in
1332 1478 1477 1512 regnum
1506 1468 1705 1502 clotharius
1727 1468 1919 1511 Chilperici
1935 1469 2034 1501 filius.
2080 1469 2252 1502 Extinctis

396 1524 510 1568 igitur,
534 1522 591 1555 uel
613 1522 712 1555 uaria
735 1528 825 1555 sorte
849 1522 1056 1555 obeuntibus
1079 1528 1131 1555 tot
1153 1523 1368 1555 Francorum
1392 1521 1550 1566 regibus,'
1574 1533 1596 1554 a
1619 1522 1743 1565 quibus
1765 1533 1829 1565 per
1861 1532 1909 1554 XL
1940 1523 2052 1555 ferme
2083 1528 2119 1555 et
2145 1533 2250 1555 unum

395 1581 575 1618 regnatum
599 1580 652 1607 est
675 1584 793 1612 annos,
817 1574 909 1606 solus
932 1574 1086 1618 legitime
1111 1573 1337 1607 successionis
1360 1574 1463 1606 heres
1486 1573 1683 1606 Clotharius
1706 1573 1908 1615 Chilperico
1930 1579 2029 1616 patre
2051 1573 2186 1617 genitus
2208 1584 2251 1606 ex
2356 1618 2359 1619 ⁷

395 1628 493 1671 regia
514 1628 621 1670 stirpe
644 1627 828 1660 uidebatur
843 1627 993 1665 relictus,
1010 1627 1047 1660 in
1063 1637 1132 1671 quo
1156 1627 1326 1671 regnandi
1349 1627 1402 1659 ius
1424 1627 1640 1669 potissimum
1664 1626 1862 1659 transfundi
1878 1633 2065 1669 oporteret.
2110 1627 2250 1659 Interea
2272 1625 2314 1660 25

399 1681 413 1697 ‘⁴
427 1680 619 1713 Mauricius
642 1679 828 1723 Augustus,
851 1686 1036 1724 postquam
1059 1690 1135 1713 xxr.
1168 1680 1266 1712 annis
1292 1680 1711 1722 Constantinopolitanum
1736 1680 1826 1712 rexit
1849 1679 2045 1722 imperium,
2069 1690 2148 1712 cum
2171 1679 2251 1713 filiis

403 1736 417 1752 “
431 1734 501 1767 suis
524 1733 737 1773 Theodosio,
761 1733 909 1766 Tiberio
945 1740 979 1767 et
1002 1734 1230 1767 Constantino
1253 1733 1425 1766 occiditur
1449 1744 1470 1765 a
1493 1732 1590 1766 Foca
1613 1740 1695 1766 tunc
1723 1732 1876 1772 tribuno,
1907 1733 1967 1776 qui
1998 1733 2115 1766 fuerat
2143 1732 2251 1775 prisci

403 1786 567 1830 “patricii
589 1792 724 1820 strator.
757 1787 837 1820 Fuit
860 1793 973 1819 autem
989 1786 1183 1819 Mauricius
1198 1786 1290 1819 utilis
1305 1785 1510 1829 reipublice,
1526 1787 1677 1830 denique
1703 1792 1826 1819 contra
1842 1786 1958 1819 hostes
1980 1796 2063 1828 sepe
2083 1786 2254 1819 dimicans

401 1841 608 1874 “uictoriam
633 1840 793 1873 obtinuit.
839 1841 959 1873 Hunni
982 1851 1133 1884 quoque,
1157 1841 1217 1884 qui
1242 1846 1276 1873 et
1299 1840 1435 1873 Anares
1458 1841 1691 1883 appellantur,
1715 1840 1788 1872 eius
1810 1841 1939 1873 uirtute
1956 1840 2084 1873 deuicti
2106 1846 2185 1872 sunt
2199 1864 2214 1881 ‚‚
2229 1839 2252 1871 ⁸.
2360 1878 2362 1881 ι

398 1895 464 1927 Hic
486 1895 523 1926 in
546 1894 661 1926 medio
685 1893 737 1926 sui
761 1900 918 1936 tempore
944 1894 1027 1927 dum
1050 1894 1167 1927 diuine
1191 1894 1262 1938 legi
1285 1894 1481 1927 contrarius
1503 1899 1595 1927 esset
1624 1899 1659 1926 et
1685 1904 1706 1926 a
1729 1893 1832 1926 beato
1857 1893 2031 1938 Gregorio
2053 1894 2254 1936 frequenter
2276 1894 2322 1925 30

396 1948 591 1981 admonitus
614 1947 744 1991 corrigi
769 1947 888 1987 nollet,
913 1947 1016 1980 immo
1041 1947 1154 1980 eidem
1171 1948 1248 1980 uiro
1272 1947 1350 1985 Dei,
1373 1947 1453 1990 quia
1476 1947 1580 1980 factis
1603 1957 1673 1980 non
1696 1952 1846 1989 poterat,
1862 1947 1977 1980 uerbis
1999 1945 2142 1979 iniurias
2163 1945 2254 1978 irro-
2365 1939 2367 1941 ¹

395 2012 480 2045 gare
503 2011 572 2034 non
597 2000 790 2038 desisteret,
807 2001 866 2033 tali
889 2001 1013 2033 meruit
1035 2013 1056 2033 a
1080 2001 1222 2034 domino
1246 2000 1410 2044 redargui
1432 2000 1574 2033 iudicio.
1621 2001 1781 2043 Denique
1810 2005 1913 2032 nocte
1938 2000 2087 2042 quadam
2109 1999 2202 2032 uidit
2215 1999 2254 2031 in

397 2054 523 2087 somnis
546 2054 706 2086 assistere
731 2065 766 2086 se
789 2053 931 2098 imagini
955 2054 1156 2093 Saluatoris,
1180 2061 1214 2086 et
1237 2065 1307 2087 uox
1330 2063 1374 2086 ex
1397 2054 1472 2096 ipsa
1494 2053 1643 2097 imagine
1661 2054 1780 2086 audita
1803 2058 1864 2092 est,
1889 2053 2025 2086 dicens:
2049 2053 2128 2085 date
2151 2052 2254 2085 Mau-

397 2108 531 2147 ricium,
555 2106 614 2150 qui
638 2118 717 2140 cum
740 2113 958 2149 presentatus
974 2107 1019 2140 ab
1033 2108 1164 2151 ignotis
1186 2108 1348 2140 ministris
1371 2101 1507 2146 fuisset,
1530 2116 1600 2139 uox
1618 2107 1743 2139 iterum
1763 2106 1889 2145 sonuit,
1905 2106 2123 2149 interrogans
2137 2105 2252 2139 illum:
2364 2132 2367 2135 .

397 2160 482 2204 quid
504 2160 612 2203 magis
637 2161 793 2204 eligeret,
816 2167 929 2193 utrum
952 2162 989 2193 in
1013 2161 1080 2193 isto
1111 2161 1229 2194 seculo
1253 2170 1321 2204 que
1351 2160 1512 2203 nequiter
1542 2165 1661 2204 egerat
1685 2160 1854 2202 recipere,
1886 2170 1930 2191 an
1961 2159 2079 2192 futuro
2103 2158 2252 2192 examini
2276 2157 2318 2192 35
2360 2167 2367 2197 ζ

405 2214 587 2254 reseruari,
612 2214 668 2246 cui
692 2215 899 2247 Mauricius:
927 2214 958 2246 0
973 2215 1053 2247 Iesu
1076 2215 1166 2254 bone,
1190 2215 1265 2247 iube
1287 2226 1340 2246 me
1359 2215 1477 2258 potius
1499 2214 1536 2246 in
1558 2214 1623 2246 isto
1645 2213 1753 2246 seculo
1777 2213 1865 2245 male
1887 2212 2072 2246 com'missa
2094 2213 2198 2251 lucre,
2222 2217 2256 2245 et

398 2268 535 2300 uenturi
556 2268 679 2300 iudicii
698 2268 787 2300 diem
811 2279 876 2300 non
889 2267 1101 2311 formidare,
1127 2273 1161 2301 et
1183 2269 1380 2301 Electorum
1405 2272 1538 2300 tuorum
1561 2268 1770 2311 participem
1785 2267 1855 2311 fac
1877 2277 1954 2299 esse.
2001 2266 2103 2299 Tunc
2127 2266 2185 2309 qui
2203 2265 2253 2299 lo-

398 2320 582 2363 quebatur:
607 2321 778 2360 tradatur,
802 2321 860 2359 ait,
886 2321 1081 2354 Mauricius
1103 2321 1195 2354 Face
1217 2322 1322 2354 militi
1343 2332 1417 2354 cum
1441 2331 1546 2354 uxore
1568 2325 1602 2353 et
1613 2320 1711 2364 filiis,
1739 2321 1833 2363 quod
1856 2326 1977 2363 postea
2000 2318 2119 2352 euenit
2130 2318 2154 2352 ⁷.

490 2424 510 2441 ι,
536 2418 725 2449 optinuerunt
748 2417 771 2441 C
787 2430 797 2435 -
816 2418 1011 2450 Hermigildus
1031 2420 1057 2443 Β
1074 2426 1088 2442 e
1106 2418 1182 2443 Sasso
1202 2433 1210 2437 -
1230 2418 1375 2452 Leuigildi
1401 2418 1477 2443 filius
1503 2418 1577 2450 regis
1598 2418 1758 2442 Gothorum
1777 2417 1803 2441 B
1820 2425 1835 2441 e
1853 2417 1944 2446 Sasso;
1961 2416 2086 2445 ΡΑυιυε,
2111 2416 2159 2445 ΠΙ,
2181 2422 2252 2442 xxx:

401 2460 412 2473 ‘⁴
424 2459 615 2491 Hispanorum
628 2479 641 2491 n
668 2473 702 2478 -—
721 2468 746 2491 4.
765 2468 829 2485 area
847 2461 871 2484 A
885 2460 912 2484 B
931 2470 944 2485 e
963 2461 1040 2485 Sasso
1058 2475 1091 2479 —-
1114 2461 1139 2486 6.
1159 2463 1304 2487 antioceni
1327 2463 1351 2487 C
1375 2475 1383 2479 -
1411 2461 1652 2493 longobardorum
1680 2468 1729 2485 rex
1753 2460 1775 2484 C
1792 2474 1824 2477 —
1851 2466 1876 2492 7.
1895 2459 2053 2492 Aginulsus
2072 2460 2099 2484 B
2117 2468 2131 2483 ε
2149 2458 2226 2484 Sauo
2244 2472 2253 2478 -

399 2501 564 2527 Guthranus
590 2503 616 2525 B
636 2509 650 2526 e
669 2502 746 2526 Sasso
772 2517 804 2522 —
827 2510 866 2527 11.
886 2503 1038 2536 Silgeberti
1060 2505 1086 2528 Β
1103 2512 1116 2528 e
1135 2504 1211 2528 Sasso
1231 2517 1263 2521 —
1287 2510 1326 2528 12.
1347 2504 1450 2536 puerili
1471 2504 1497 2527 B
1515 2511 1528 2527 e
1547 2503 1623 2528 Sasso
1641 2516 1651 2521 -
1671 2502 1870 2527 Brunechildis
1884 2503 1910 2526 B
1923 2501 1946 2526 C
1958 2516 1990 2519 —
2013 2509 2053 2534 13.
2066 2501 2209 2534 sigiberto
2233 2501 2257 2526 C

402 2557 434 2561 -—
456 2543 497 2568 16.
516 2543 658 2575 Aginulso
679 2545 712 2575 B,
732 2545 795 2569 dove
813 2551 905 2569 manca
924 2552 989 2577 rege
1006 2553 1019 2569 ε
1037 2546 1088 2570 coxi
1107 2546 1184 2570 Sasso
1203 2560 1212 2564 -
1231 2547 1410 2571 adstantibus
1433 2545 1457 2571 C
1471 2554 1484 2570 e
1503 2545 1580 2570 Sauo
1594 2559 1627 2563 —
1651 2552 1690 2578 17.
1702 2545 1891 2577 Theodeperti
1915 2545 1939 2569 C
1954 2557 1965 2563 -
1985 2544 2065 2576 regio
2084 2550 2171 2577 puero
2188 2543 2211 2568 C
2221 2556 2255 2563 -—

403 2585 441 2610 18.
461 2585 649 2618 Theodeperti
668 2586 691 2610 C
708 2599 740 2604 —
764 2594 803 2619 19·
818 2585 1019 2620 childepertus
1040 2587 1064 2612 C
1080 2601 1112 2606 —
1133 2595 1175 2613 21.
1190 2589 1306 2621 religari
1326 2589 1352 2613 B
1365 2589 1389 2612 C
1406 2602 1438 2606 —
1459 2594 1502 2613 22.
1515 2588 1594 2613 XVII
1617 2587 1640 2612 C
1658 2601 1666 2605 -
1687 2587 1846 2612 Childerici
1867 2588 1917 2611 Be
1931 2586 2007 2610 Sasso
2027 2599 2059 2603 —
2080 2592 2122 2618 23.
2135 2585 2254 2618 quadra-

399 2628 516 2660 gintaA
532 2628 555 2651 C
571 2642 604 2647 —
625 2635 666 2660 ²4·
686 2636 701 2652 e
719 2630 806 2653 invect
825 2630 856 2653 di
873 2637 907 2654 ex
930 2629 954 2653 C
970 2643 1002 2647 —
1024 2629 1065 2655 26.
1085 2638 1134 2655 rex
1153 2631 1210 2656 AC
1226 2630 1358 2662 conforme
1376 2630 1500 2660 Faunus,
1520 2630 1567 2659 IV,
1588 2635 1636 2662 27;
1656 2630 1777 2654 rexisset
1797 2630 1823 2654 B
1841 2637 1854 2653 e
1873 2629 1949 2653 Sasso
1969 2642 2001 2646 —
2022 2634 2064 2660 27.
2083 2628 2178 2653 Phoea
2197 2629 2224 2653 B
2239 2635 2255 2652 e

399 2670 491 2700 Sassu3
505 2670 566 2695 AB
585 2670 692 2703 legg-ano
704 2678 773 2695 come
785 2670 911 2700 PAULUS,
924 2672 943 2696 l.
957 2680 979 2697 c.
1000 2686 1033 2689 —
1054 2679 1095 2705 ²9·
1109 2673 1239 2706 optinuit
1257 2673 1280 2697 C
1295 2686 1328 2691 —
1348 2679 1391 2705 31.
1405 2674 1571 2698 anmonitus
1588 2672 1611 2696 C
1629 2686 1636 2690 -
1658 2672 1750 2697 nollet
1763 2673 1791 2696 et
1805 2671 1828 2695 C
1845 2685 1877 2689 -—
1891 2677 1980 2703 31:3²-
1997 2672 2131 2703 inrogare
2149 2671 2177 2695 B
2188 2670 2255 2696 C·-

400 2719 441 2744 33.
455 2713 554 2745 sopnis
567 2713 592 2736 B
605 2712 628 2736 C
639 2725 671 2730 —
686 2720 728 2745 35.
742 2713 872 2744 diprima
884 2721 961 2738 mano
974 2721 1071 2738 uerum
1084 2715 1171 2739 invect
1184 2715 1214 2739 di
1226 2717 1328 2744 utrum,
1338 2715 1387 2746 poi
1397 2714 1500 2739 d'altra
1513 2722 1587 2739 mano
1600 2721 1660 2747 agg.
1674 2714 1746 2739 alias
1760 2715 1854 2738 utrum
1871 2713 1894 2737 C
1905 2727 1938 2730 —
1952 2712 1993 2745 38.
2008 2712 2100 2738 Phoce
2114 2713 2140 2737 B
2152 2720 2166 2736 e
2177 2711 2254 2737 Sam

492 2786 499 2803 ¹
520 2788 644 2818 Pactus,
665 2788 711 2820 111,
732 2795 813 2814 xxV1.
1355 2791 1446 2816 riodo.
1466 2791 1583 2816 paunus
1602 2790 1665 2815 dice
1685 2789 1753 2823 pero
1773 2790 1943 2815 Adoloaldus.
2286 2793 2315 2820 ις

492 2828 504 2846 ²
522 2830 609 2860 loma,
628 2830 676 2861 ΙΙΙ,
695 2837 755 2856 xxx.
1316 2859 1321 2863 ,
1443 2832 1454 2849 ⁵
1474 2833 1561 2864 IDEM,
1580 2841 1641 2866 cap.
1660 2833 1774 2858 xxxn.

492 2870 504 2888 ⁸
524 2873 611 2902 IDEM,
636 2873 684 2902 IV,
709 2880 754 2899 ΧΠ
783 2873 847 2898 “De
867 2875 958 2899 morte
978 2874 1154 2900 Childeberti
1181 2875 1301 2900 Franco·
1443 2873 1454 2891 ⁶
1475 2876 1562 2907 Ioum,
1581 2883 1642 2908 cap.
1661 2875 1723 2900 ΧΠ.

406 2913 420 2927 “
432 2921 492 2938 rum
513 2915 587 2946 regis
606 2916 634 2939 et
659 2916 693 2939 de
712 2915 787 2939 bello
807 2915 968 2940 Avarorum
991 2924 1053 2940 cum
1073 2916 1200 2946 Francis,
1220 2920 1248 2942 et
1267 2918 1301 2942 de
1443 2917 1454 2934 '¹'
1472 2919 1558 2948 IDEM,
1579 2926 1639 2950 cap.
1658 2918 1773 2943 XXVII.
1793 2925 1810 2942 R
1826 2918 1909 2951 copia
1924 2925 1975 2941 con
1991 2916 2108 2949 qualche
2123 2916 2254 2940 variante

406 2954 554 2979 “transitu
574 2954 720 2984 Gutranni
740 2957 812 2989 regis
826 2973 849 2987 ,‚.
1355 2969 1368 2984 e
1390 2961 1553 2985 inversione
1572 2961 1600 2985 di
1622 2960 1728 2992 parole.

491 2995 503 3012 ⁴
522 2996 646 3027 murus,
667 2998 716 3022 llb.
736 2999 783 3027 IV,
804 3006 863 3031 cap.
883 3006 1004 3025 xxxma
1017 3001 1100 3033 copia
1114 3001 1132 3025 l'
1142 3002 1245 3026 ultimo
1258 3009 1301 3033 pe·
