2398 3470
135 233 212 259 llum,
227 241 246 255 c.
264 239 286 259 14

161 875 182 889 a.
197 874 227 888 m.
243 872 294 892 ²0²3

212 927 232 941 c.
248 926 294 946 23⁰

348 222 392 259 lo
930 213 1219 252 ROMUALDI
1247 211 1612 249 SALERNITANI
1834 215 1920 251 [ΑΛ.
1939 225 1981 247 m.
1999 221 2199 258 zoas-2199]

479 290 942 299 ...μμ-ΜΨ
955 290 971 294 ..

435 351 518 384 “Ab
540 350 654 383 Adam
677 350 789 391 primo
813 348 956 380 homine
979 357 1088 389 usque
1112 345 1157 378 ad
1185 345 1314 377 Ninum
1339 354 1502 387 magnum
1525 354 1655 387 regem,
1681 343 1779 387 cujus
1802 354 1895 376 anno
1919 354 1998 378 x1.11
2022 353 2124 382 natus
2147 356 2201 384 est

348 405 560 444 “Abraham‚
586 402 666 435 anni
692 402 760 435 tria
786 401 881 434 milia
907 399 1154 433 CLXXXIIII.
1200 397 1235 430 A
1262 397 1357 430 Nino
1384 402 1501 430 autem
1527 396 1587 430 uel
1614 396 1804 437 Abraham,
1828 408 1938 441 usque
1965 400 2011 432 ad
2038 401 2203 436 Cesarem

344 462 359 478 ‘⁴
371 459 574 502 Augustum,
598 457 635 488 id
659 461 710 488 est
731 465 840 498 usque
864 454 908 486 ad
931 453 1145 486 natiuitatem
1162 451 1302 490 Christi,
1320 461 1386 494 que
1404 450 1470 483 fuit
1485 461 1577 483 anno
1594 450 1730 493 imperii
1750 451 1903 484 Cesaris'
1915 462 1993 486 xmr
2012 464 2090 488 cum
2106 455 2203 490 facta

344 516 358 532 “
372 522 459 556 pace
485 521 562 543 cum
584 509 735 548 Parthis,
758 506 851 550 Jam’
875 511 978 552 porte
1008 506 1116 539 clause
1147 510 1225 537 sunt
1256 510 1292 537 et
1315 503 1408 537 bella
1439 510 1514 538 toto
1546 504 1630 538 orbe
1663 510 1848 544 cessarent,
1879 505 2093 550 colliguntur
2122 509 2204 542 anni

345 566 441 598 “duo
466 564 559 596 milia
582 563 710 603 XV„¹.
2249 562 2268 596 5

984 725 1168 759 INCIPIT
1191 724 1380 758 TERTIA
1403 723 1540 759 ETAS.

436 858 450 874 “
464 855 586 888 Tertia
607 854 725 887 mundi
748 859 820 886 etas
843 864 864 885 a
886 852 1066 884 natiuitate
1092 850 1186 894 cepit
1208 849 1353 883 Abrahe
1377 850 1587 893 patriarche,
1614 851 1673 894 qui
1706 861 1784 883 cum
1807 850 2030 896 septuaginta
2053 852 2207 896 quinque

349 903 544 942 “annorum
569 914 667 947 esset,
691 907 813 939 relicta
835 912 949 949 gente,
974 910 1009 937 et
1031 905 1145 947 patria
1169 905 1214 937 ad
1238 903 1435 946 imperium'
1458 904 1525 937 Dei
1541 904 1639 937 uenit
1653 904 1690 936 in
1705 909 1834 937 terram
1850 905 2004 945 Canaan,
2028 905 2210 948 accipiens

348 962 636 1006 “promissionem
659 960 831 993 nascituro
855 960 899 992 de
923 958 1055 992 semine
1078 968 1141 990 suo
1165 958 1350 996 saluatore,
1374 956 1410 989 in
1433 967 1504 1000 quo
1528 957 1782 990 benedicentur
1805 968 1925 991 omnes
1948 964 2072 1002 gentes
2094 958 2206 999 simul,

345 1018 360 1035 ⁸
373 1023 408 1049 et
430 1026 466 1049 se
489 1016 601 1058 ipsum
623 1015 660 1046 in
682 1019 823 1057 gentem
846 1023 1007 1056 magnam
1031 1021 1106 1044 esse
1131 1011 1296 1051 futurum,
1320 1021 1466 1053 quarum
1489 1021 1560 1043 una
1582 1010 1779 1053 spiritualis,
1803 1011 1914 1044 altera
1928 1012 2112 1055 promissio
2128 1023 2205 1046 car-
2232 1013 2272 1046 10

345 1072 359 1088 “
372 1069 468 1102 nalis.
513 1069 576 1101 His
599 1067 809 1110 temporibus
833 1066 955 1105 Ninus,
979 1071 1014 1098 et
1038 1064 1239 1098 Semiramis
1262 1065 1337 1109 ejus
1368 1074 1458 1097 uxor
1479 1063 1620 1096 Assiriis
1650 1064 1845 1108 regnabant
1858 1089 1888 1105 „.
1935 1065 2067 1099 Zoroas
2097 1065 2208 1111 magi-

295 1136 298 1138 ·
344 1125 358 1141 “
372 1134 449 1156 cam
472 1127 581 1154 artem
604 1127 686 1154 tunc
710 1120 857 1163 primum
881 1118 1023 1151 inuenit.
1047 1118 1207 1151 Orosius:

105 1191 158 1210 aute
172 1194 194 1208 u.
205 1194 225 1208 c.
242 1193 294 1212 1300

160 1515 181 1530 a.
196 1515 226 1529 m.
240 1514 292 1534 ²⁰34

165 1622 187 1637 a.
201 1621 231 1636 m.
246 1615 298 1640 2038

218 1675 239 1690 c.
254 1667 299 1694 23⁶

164 1835 185 1850 a.
200 1835 230 1849 m.
246 1829 298 1849 2108

167 2048 188 2063 a.
203 2048 233 2063 m.
249 2047 300 2067 ²199

311 2423 324 2449 5

297 2673 330 2692 10

301 2883 330 2911 ¹5

436 1177 450 1193 ‘⁶
464 1175 556 1207 Ante
580 1184 689 1206 annos
711 1173 817 1206 Urbis
841 1172 979 1205 condite
1003 1170 1136 1204 MCCC
1158 1181 1222 1203 rex
1245 1171 1396 1214 primum
1421 1169 1515 1213 apud
1537 1169 1702 1210 Assirios,
1727 1171 1786 1215 qui
1810 1171 1965 1205 eminere
1989 1173 2116 1207 ceteris
2144 1183 2209 1217 po-

344 1232 359 1248 “
373 1229 444 1268 tuit,
468 1228 580 1261 Ninus
602 1227 679 1266 fuit,
704 1226 832 1270 quique
855 1226 986 1269 primus
1010 1225 1256 1257 dominationis
1282 1224 1426 1257 libidine
1450 1234 1546 1256 arma
1568 1224 1657 1257 foris
1674 1224 1805 1265 extulit,
1823 1230 1928 1269 atque
1952 1232 2132 1260 cruentam
2155 1226 2208 1260 ui-

345 1286 359 1301 “
373 1289 440 1316 tam
464 1292 529 1324 per
551 1287 656 1314 totam
678 1280 798 1312 Asiam
815 1279 916 1312 bellis
932 1279 1003 1323 egit
1016 1303 1030 1319 „
1050 1278 1077 1310 ²:
1103 1277 1261 1321 quamuis
1277 1283 1377 1320 pater
1394 1277 1469 1322 ejus
1485 1278 1589 1310 Belus
1603 1277 1700 1320 prius
1716 1277 1864 1311 obscure
1880 1280 2090 1324 regnauerit.
2135 1280 2209 1314 Re·
2236 1279 2275 1314 15
2326 1314 2334 1319 ,

340 1336 469 1380 gnauit
491 1341 604 1367 autem
629 1333 748 1366 Ninus
763 1334 860 1366 annis
875 1342 928 1365 1211
953 1342 1022 1376 quo
1045 1332 1175 1371 occiso,
1199 1331 1368 1364 successit
1392 1331 1425 1363 ei
1447 1341 1538 1364 uxor
1560 1341 1623 1363 sua
1646 1331 1858 1372 Semiramis,
1881 1342 1950 1375 que
1974 1343 2054 1366 cum
2077 1339 2113 1367 et
2135 1333 2212 1378 ipsa
2268 1355 2270 1358 -

340 1400 417 1423 x1,11
442 1400 549 1422 annos
571 1387 782 1432 regnauerit,
806 1397 876 1419 non
907 1387 1019 1419 minus
1043 1385 1230 1418 crudeliter
1261 1385 1380 1418 medio
1411 1385 1549 1428 imperii
1573 1385 1624 1418 sui
1648 1391 1807 1429 tempore
1838 1385 1944 1419 totius
1973 1385 2058 1420 Asie
2088 1387 2212 1432 regina
2268 1409 2270 1412 v

341 1443 567 1488 Babyloniam
589 1441 710 1474 urbem
733 1440 947 1479 instaurauia
973 1445 1146 1483 caputque
1171 1439 1271 1482 regni
1294 1438 1516 1482 Assyriorum
1540 1445 1579 1471 ut
1602 1445 1703 1478 esset,
1728 1439 1874 1472 instituit
1896 1438 2059 1474 fixxxm.

436 1498 451 1514 ‘⁴
463 1495 640 1530 Abraham
657 1505 744 1526 ann.)
758 1503 894 1526 Lxxxv1
910 1493 1030 1537 genuit
1044 1491 1249 1531 Ysmahe1³,
1267 1502 1288 1524 a
1303 1502 1373 1535 quo
1389 1491 1617 1525 Ysmahelite.
1664 1492 1795 1526 Genuit
1810 1499 1926 1527 autem
1941 1493 2110 1528 Ysmahel
2125 1494 2213 1529 duo-

348 1553 363 1569 “
377 1549 490 1583 decim
514 1549 631 1587 duceS,
655 1553 690 1580 et
713 1547 799 1580 uixit
822 1557 931 1579 annos
955 1555 1106 1579 cxxxv11
1120 1570 1151 1586 „.
1176 1544 1414 1578 MMXLVIII
1426 1544 1450 1578 ⁴.
2234 1547 2278 1580 20

439 1604 454 1620 “
467 1602 564 1635 Idem
586 1600 764 1634 Abraham
788 1611 866 1633 cum
890 1606 980 1632 esset
1004 1609 1172 1632 annorum
1196 1604 1334 1631 centum
1358 1599 1479 1643 genuit
1502 1599 1635 1639 Ysach,
1659 1599 1718 1643 qui
1740 1600 1884 1643 primus,
1908 1607 1943 1634 et
1965 1600 2059 1634 solus
2081 1600 2118 1634 in
2139 1606 2213 1635 tota

354 1659 368 1675 ‘⁴
382 1655 575 1690 testamenti
596 1655 724 1688 ueteris
746 1654 836 1687 serie
861 1653 987 1697 legitur
1009 1659 1134 1686 octaua
1151 1653 1209 1685 die
1235 1652 1462 1685 circumcisus
1475 1652 1487 1670 ⁵
1511 1652 1620 1696 quod'
1645 1663 1717 1686 non
1733 1653 1808 1686 sine
1824 1665 1952 1699 mag-no
1968 1654 2124 1688 misterio
2138 1654 2212 1699 pri-

349 1709 540 1754 “uilegium
564 1715 616 1742 est
638 1708 707 1741 filio
731 1707 970 1751 promissionis
994 1707 1160 1740 donatum
1175 1730 1207 1747 „‚
1231 1712 1266 1739 et
1288 1711 1474 1749 postquam
1498 1706 1618 1750 genuit
1641 1706 1763 1740 Ysach
1792 1707 1881 1741 uixit
1908 1706 2087 1741 Abraham
2114 1716 2213 1742 Lxxv

344 1774 452 1797 annos
474 1772 582 1806 usque
605 1762 651 1794 ad
673 1771 723 1794 xv
746 1771 873 1794 annum
896 1760 1088 1794 natiuitatis
1111 1760 1214 1798 Esau,
1239 1765 1274 1792 et
1297 1759 1419 1803 Jacob.
1443 1759 1654 1794 MMCVIII.

439 1818 454 1835 ¹‘
467 1816 586 1849 Ysach
601 1815 723 1848 habens
737 1825 842 1847 annos
863 1824 911 1847 Lx
935 1814 1056 1858 genuit
1078 1813 1182 1852 Esau,
1208 1819 1242 1846 et
1263 1812 1376 1857 Jacob
1389 1811 1402 1830 ⁶
1424 1812 1639 1856 patriarchas
1656 1812 1810 1854 Idumee,
1827 1821 1862 1848 et
1877 1815 2066 1848 Israelitice
2089 1814 2213 1859 gentis,
2236 1812 2280 1848 25

355 1873 370 1889 ‘⁴
382 1876 459 1914 post
482 1879 626 1913 quorum
650 1874 762 1902 ortum
777 1867 866 1901 uixit
881 1867 1002 1900 Ysach
1024 1877 1134 1900 annos
1150 1876 1232 1900 cxx.
1279 1866 1344 1899 His
1359 1866 1575 1910 temporibus
1589 1867 1721 1910 primus
1733 1867 1851 1912 Argos
1866 1868 2027 1913 regnauit
2042 1868 2215 1902 Jnanchus

354 1926 369 1942 ¹‘
383 1923 479 1968 cujus
500 1921 572 1953 filia
594 1920 648 1964 Jo,
672 1930 774 1964 quam
797 1919 940 1964 Egyptii
963 1924 1096 1952 mutato
1119 1918 1259 1951 nomine
1282 1917 1430 1951 Ysidem
1454 1918 1575 1951 colunt
1589 1942 1619 1959 „.

434 1976 512 2009 Duo
534 1974 630 2007 milia
650 1973 680 2007 C
702 1973 890 2017 nonaginta
912 1972 1000 2006 IX⁷.

442 2027 580 2073 “Jacob
603 2027 725 2059 habens
747 2037 851 2073 annos
871 2035 933 2059 xc1
956 2026 1075 2071 genuit
1096 2025 1245 2069 Joseph:
1266 2025 1399 2069 Joseph
1423 2031 1539 2059 autem
1564 2036 1732 2059 annorum
1755 2036 1820 2060 xvr
1844 2033 1929 2067 erat,
1953 2027 2095 2072 quando
2125 2037 2214 2060 uen-

354 2085 368 2102 “
382 2083 473 2116 ditus
495 2087 547 2115 est
569 2091 590 2113 a
611 2079 777 2113 fratribus
799 2079 878 2118 suis,
902 2079 1030 2122 quique
1051 2088 1125 2112 xxx
1148 2085 1224 2112 erat
1247 2089 1418 2112 annorum
1442 2089 1520 2112 cum
1535 2085 1614 2122 post
1629 2080 1768 2113 uincula
1785 2080 1939 2114 carceris
1961 2080 2057 2114 stetit
2079 2080 2117 2113 in
2133 2090 2214 2124 pre·
2238 2080 2281 2115 :30

353 2139 367 2155 ‘⁶
381 2135 491 2169 sentia
512 2133 714 2174 Pharaonis,
738 2139 772 2166 et
795 2142 873 2165 cum
897 2142 1011 2165 xxiax
1034 2142 1203 2165 annorum
1226 2137 1318 2166 esset
1341 2132 1443 2166 etatis
1455 2131 1479 2173 ⁸,
1501 2132 1616 2176 Jacob
1631 2139 1732 2176 pater
1748 2133 1821 2178 ejus
1839 2133 2026 2168 descendit
2043 2133 2078 2167 in
2093 2133 2215 2179 Egyp-

437 2255 463 2273 2.
483 2248 630 2274 cessarem
648 2246 673 2271 Α
694 2259 727 2265 -
746 2239 771 2279 4ἶ
791 2247 872 2280 parte
884 2245 909 2270 A
924 2259 956 2264 -
970 2246 995 2272 8.
1010 2245 1148 2272 Chanaan
1172 2246 1195 2270 C
1205 2260 1239 2264 —
1252 2254 1277 2280 9.
1297 2246 1443 2272 nascituro
1461 2246 1680 2279 promissionem
1698 2247 1739 2276 C,-
1750 2247 1826 2272 Beda
1838 2247 1890 2273 ha:
1905 2248 2045 2273 nasclturl
2057 2260 2091 2266 —
2107 2253 2150 2273 xx.
2163 2247 2216 2273 Za-

350 2298 413 2316 roas
429 2290 452 2315 C
463 2304 496 2309 —
513 2297 552 2315 η.
566 2290 676 2323 primus
693 2289 716 2313 C
726 2302 737 2307 -
750 2287 872 2321 invenit]
886 2289 916 2313 in
929 2288 966 2317 B,
979 2296 996 2312 a
1009 2290 1096 2319 questo
1105 2291 1191 2320 punto
1203 2288 1229 2313 st
1239 2291 1314 2313 trema
1333 2288 1356 2312 il
1367 2289 1448 2313 bruno
1459 2291 1593 2321 seguente,
1606 2288 1652 2313 che
1665 2290 1694 2314 in
1706 2289 1731 2314 A
1744 2290 1758 2313 ἑ
1771 2290 1915 2322 riprodotto
1933 2297 1980 2315 con
1993 2292 2054 2315 nota
2066 2289 2217 2323 marginali

349 2334 380 2356 di
397 2340 472 2357 mano
490 2332 533 2356 del
549 2331 627 2356 secolo
646 2330 744 2355 XVII:
767 2331 824 2355 Hac
844 2332 918 2356 etate
938 2338 1055 2364 regnum
1073 2331 1226 2356 inchoatur
1244 2338 1392 2363 grecorum
1406 2331 1453 2355 ubi
1472 2332 1582 2363 primus
1595 2332 1728 2364 regnavit
1746 2331 1866 2356 Inacsus
1883 2332 1963 2358 cuius
1981 2331 2054 2358 finus
2072 2332 2218 2357 Fon-oneu-

349 2383 398 2400 rex
419 2376 449 2399 in
469 2374 570 2400 Grecia
587 2374 660 2406 leges
679 2375 707 2398 et
726 2372 832 2398 Iudicia
844 2372 967 2406 scr1psit.
984 2372 1021 2397 Lo
1033 2376 1109 2397 stesso
1121 2374 1203 2398 bruno
1215 2374 1240 2397 si
1257 2376 1332 2398 tro-va
1351 2374 1381 2397 in
1398 2373 1422 2398 C
1431 2381 1475 2398 ma
1487 2374 1551 2405 dopo
1569 2375 1710 2406 caputque
1728 2375 1809 2407 regni
1820 2374 1988 2400 asslrlorum
2000 2376 2032 2399 ut
2043 2375 2118 2400 esset
2135 2374 2220 2400 Insti-

356 2418 414 2442 tuit
432 2417 461 2449 (l.
480 2417 521 2448 18)
541 2425 554 2440 e
572 2424 618 2440 con
637 2416 661 2440 le
678 2415 814 2440 vartantzz·
834 2415 976 2440 Innachus
996 2423 1009 2439 a
1028 2416 1174 2441 Frondeus
1192 2423 1206 2440 e
1223 2423 1270 2440 con
1290 2415 1446 2448 l'aggx‘unta
1464 2416 1495 2440 di
1512 2422 1686 2447 umxxxun,
1706 2417 1770 2448 dopo
1789 2416 1867 2449 leges
1885 2417 1915 2442 et
1934 2416 2040 2442 iudicia
2052 2416 2171 2450 scrip-it
2182 2422 2235 2436 ——·

358 2466 398 2491 ¹4.
416 2459 530 2484 libidini
547 2458 610 2482 C—
627 2457 715 2488 15-16.
729 2458 758 2482 x'n
770 2457 795 2481 Α
809 2464 894 2490 quam
914 2457 995 2491 pater
1013 2458 1074 2482 eius
1093 2458 1176 2483 Belus
1195 2458 1275 2491 prius
1296 2458 1411 2483 obscure
1430 2457 1595 2491 regnaverit
1613 2459 1710 2483 autem
1723 2459 1810 2484 annis
1828 2465 1879 2490 Lu,
1898 2459 2104 2484 evidentenoente
2121 2465 2217 2484 moneo.

353 2502 436 2534 Segne
450 2501 476 2525 la
495 2500 588 2525 lesione
601 2501 631 2524 di
647 2500 673 2523 B
690 2499 713 2524 C
723 2514 756 2518 —
769 2503 818 2531 ·17.
838 2500 969 2531 regnavlt
992 2499 1015 2523 C
1033 2512 1044 2518 -
1065 2500 1174 2525 ton-eius
1192 2500 1215 2524 C
1225 2514 1258 2518 ——
1275 2500 1315 2526 18.
1328 2499 1474 2532 capudque
1491 2499 1515 2524 C
1526 2512 1560 2518 —
1575 2506 1618 2526 20.
1637 2500 1820 2526 MMXLVIII
1838 2509 1886 2526 om.
1911 2501 1934 2525 C
1944 2515 1977 2519 —
1989 2507 2034 2527 21.
2046 2501 2140 2526 ste
2155 2500 2183 2525 B
2195 2499 2219 2526 C

354 2557 386 2562 --
406 2549 448 2576 ²3·
462 2543 555 2567 Ysaac
573 2543 599 2566 B
613 2543 636 2566 C
653 2556 685 2560 —
699 2548 742 2574 24.
755 2540 923 2573 MMCVIII]
942 2542 973 2566 in
991 2541 1131 2566 inchiostro
1145 2549 1213 2566 rosso
1226 2542 1250 2566 A
1264 2542 1287 2566 C
1305 2556 1337 2560 —
1352 2547 1395 2574 ²⁵·
1409 2542 1501 2567 Ysaae
1514 2542 1541 2566 B
1555 2541 1578 2566 C
1588 2556 1621 2561 —
1636 2542 1677 2568 26.
1693 2543 1785 2568 Ysaac
1804 2543 1831 2567 B
1844 2543 1868 2568 C
1878 2557 1911 2562 -
1925 2549 2018 2575 30-31.
2031 2543 2180 2577 preseneh
2195 2541 2220 2568 C

354 2599 387 2604 —-
407 2591 449 2617 31.
468 2586 543 2610 esset
561 2591 700 2610 annorum
719 2583 805 2609 etatis
829 2583 852 2607 C

445 2665 454 2679 ¹
473 2667 588 2692 Parmos
602 2666 740 2697 ansxus,
754 2666 824 2692 Hist.
837 2667 976 2691 adversum
989 2667 1121 2699 Paganos,
1134 2667 1182 2694 lib.
1193 2667 1255 2699 vn,
1312 2667 1440 2700 “primus
1451 2670 1483 2693 ut
1494 2668 1549 2700 :Psi
1559 2668 1652 2693 volunt
1672 2668 1871 2703 propagandae
1889 2668 2139 2696 domenlcationis.
2147 2687 2154 2695 .
2162 2685 2185 2696 ..
2195 2685 2220 2702 ,,.

356 2709 426 2735 ediz.
443 2708 650 2741 Langemeister,
669 2708 777 2740 Lipsia,
799 2708 877 2740 1889,
890 2708 911 2740 1,
925 2715 945 2739 1,
959 2709 974 2741 ἓ
988 2714 1002 2741 5
1018 2709 1057 2741 (p.
1071 2708 1107 2742 3).
1138 2709 1163 2734 11
1183 2711 1257 2735 testo
1401 2708 1413 2726 ³
1434 2711 1513 2739 Gen..
1532 2710 1608 2740 XVI,
1630 2710 1723 2736 11-16.
2248 2718 2284 2738 20

357 2751 491 2775 orosiano
501 2749 574 2774 hale
587 2750 726 2775 varianti:
736 2750 758 2776 “.
767 2767 774 2775 .
783 2749 846 2775 ..ad
857 2751 963 2775 Ninum
978 2752 985 2764 ‘
994 2750 1139 2782 magnum’
1154 2751 1204 2776 “ut
1216 2751 1259 2774 di·
1401 2750 1413 2769 ⁴
1434 2753 1510 2784 Gerr,
1530 2753 1621 2784 XXV,
1644 2754 1736 2786 13-18.
2147 2755 2151 2760 ‘

358 2794 371 2807 “
379 2794 442 2816 cunt
450 2799 548 2824 regem,
559 2792 664 2823 quando
673 2793 755 2817 natus
769 2793 812 2817 est
824 2792 969 2817 Abraham
983 2793 1052 2817 anni
1065 2790 1257 2818 fficnxxxuu.
1402 2793 1414 2811 ⁶
1435 2795 1513 2824 Gen..
1533 2795 1609 2828 xxi.
1630 2801 1660 2827 3-
1664 2800 1690 2827 5.

358 2834 371 2847 “
383 2835 433 2866 qui
440 2835 471 2858 ab
484 2835 603 2858 omnibus
614 2834 834 2866 historiographis
845 2834 887 2859 vel
899 2835 988 2870 omissi
999 2834 1041 2858 vel
1050 2836 1168 2867 ignorati
1179 2838 1257 2860 sunt:
1403 2834 1415 2852 ⁶
1436 2837 1516 2866 Gen..
1535 2837 1639 2869 XXVI,
1662 2845 1704 2871 19,
1724 2837 1767 2870 26,
1787 2842 1830 2870 27-

362 2875 375 2890 ⁶¹
451 2877 479 2901 et
498 2876 569 2901 bello
588 2876 651 2901 toto
671 2876 738 2901 orbe
755 2879 891 2900 cessarunt
900 2894 922 2908 ,,.
960 2876 1069 2905 Questo
1088 2877 1177 2902 brano
1192 2876 1260 2903 d'O-
1403 2876 1414 2894 '⁷
1438 2879 1517 2908 Gen..
1537 2879 1626 2911 XXX,
1647 2886 1691 2912 24.

360 2919 437 2943 rosto
456 2925 515 2943 non
534 2919 560 2943 si
577 2918 656 2950 legge
676 2919 705 2942 in
724 2918 808 2944 Beda.
1405 2918 1416 2936 ⁸
1434 2920 1468 2958 In
1487 2922 1586 2954 questo
1605 2923 1697 2954 punto
1715 2929 1735 2947 n
1753 2922 1924 2948 s'allontana
1944 2923 1979 2948 da
2004 2922 2095 2948 Beda:
2115 2922 2223 2956 “Jacob
2250 2925 2284 2954 ²3

435 2958 458 2997 ‚²
476 2960 591 2985 Pmms
601 2959 740 2991 Onoems,
754 2963 792 2992 op.
807 2960 864 2989 cit„
874 2960 895 2991 1,
908 2959 949 2993 4§
963 2967 974 2985 1
989 2959 1027 2992 (p.
1042 2960 1084 2993 17)
1097 2961 1170 2986 dice:
1185 2961 1262 2987 “An-
1318 2962 1332 2977 θ’
1342 2970 1482 2988 annorum
1506 2970 1586 2988 cxxx
1604 2963 1751 2989 descendis:
1779 2964 1811 2988 In
1839 2964 1997 2999 Aegiptum
2017 2966 2047 2990 ln
2073 2965 2224 2991 animabus

361 3001 413 3028 “te
432 3008 521 3027 annos
539 3001 615 3026 urbis
632 3000 765 3026 conditae
785 3001 891 3028 MCCC
910 3001 1002 3027 Ninus
1021 3009 1071 3027 rex
1090 3003 1261 3035 Assyriorum
1319 3004 1332 3018 “
1347 3012 1413 3032 Lxx.
1450 3006 1542 3032 Huius
1560 3006 1796 3041 temporibus....
1806 3023 1830 3040 ,,.
