2398 3470
80 2507 113 2527 to

45 2696 110 2746 :¹⁵

40 2925 113 2947 ²⁰

78 833 119 867 10
141 834 225 866 siam
248 833 439 866 honorifice
462 832 547 866 fecit
571 833 654 876 eligi
668 832 689 865 ¹.

78 1098 117 1133 15
139 1099 342 1143 sebui-gensi
365 1098 515 1132 ecclesia
537 1097 747 1131 sublimauit.

723 233 1013 269 ROMUALDI
1041 231 1404 268 SALERNlTANI

147 356 279 398 ‘culpa
302 355 488 394 dimittere,
512 361 547 388 et
568 355 684 387 locum
706 355 774 387 mei
796 355 984 399 regiminis,
1008 354 1102 387 nulla
1125 355 1261 387 offensa
1276 354 1541 392 interueniente,
1556 359 1699 392 mutare,
1714 359 1829 387 tamen
1846 353 1926 396 quia
1943 353 1987 386 ad

145 410 286 440 “meum
308 413 442 451 spectat
465 408 614 441 officium
636 419 706 441 non
730 419 797 451 que
821 418 899 440 mea
921 409 984 441 sed
1007 418 1075 450 que
1099 407 1177 440 Iesu
1202 406 1331 440 Christi
1354 413 1433 440 sunt
1457 417 1614 450 querere,
1639 406 1720 440 nolo
1741 413 1780 439 ut
1803 407 1986 439 occasione

146 461 243 494 ‘mei
267 471 336 504 pax
358 462 448 494 inter
471 471 534 494 uos
557 467 592 494 et
613 462 856 503 imperatorem
879 461 976 494 tacta
997 467 1172 494 remaneat
1196 467 1232 493 et
1254 460 1431 493 discordia
1452 460 1586 502 sepulta
1601 466 1768 504 resurgat.
1814 458 1883 493 Pro
1899 470 1987 503 pace

144 514 160 531 ⁸
174 514 323 547 ecclesie
345 515 596 553 conseranda,
620 525 685 557 pro
708 525 777 557 qua
799 514 960 547 Christus
982 515 1088 546 uitam
1111 524 1207 546 suam
1230 514 1395 555 perdidit,
1418 513 1567 546 libenter
1588 513 1668 546 uolo
1691 524 1805 546 meum
1821 513 1988 546 honorem

51 561 66 616 'f
98 565 118 600 5
148 566 322 610 “perdere
346 573 383 600 et
406 578 484 600 cum
507 577 585 600 meo
609 568 735 600 damno
757 567 898 600 utilitati
921 566 1074 600 ecclesie
1098 567 1294 609 prouidere.

1341 566 1386 598 Et
1407 567 1541 599 idcirco
1565 572 1602 598 ut
1625 566 1736 599 omnis
1757 567 1902 599 materia
1931 566 1986 599 di-

146 620 365 652 “scensionis
389 626 424 653 et
445 620 603 653 scandali
627 620 805 652 auferatur
827 629 847 651 e
869 620 997 658 medio,
1021 619 1264 662 Mag-antinum
1279 619 1618 661 archiepiscopatum
1635 619 1671 651 in
1685 625 1855 662 potestate
1871 625 1988 653 uestra

145 673 160 690 ⁸
173 680 296 715 sponte
318 673 490 716 relinquo,
514 679 549 706 et
571 683 627 705 me
649 673 850 705 liberalitati
872 678 986 705 uestre
1010 677 1045 704 et
1068 672 1264 714 patrocinio
1287 673 1531 705 recommendo
1546 696 1574 713 „-

181 720 196 734 ‘
230 727 312 766 Quo
335 727 466 765 audito,
488 737 580 769 papa
602 727 692 759 letus
715 726 874 764 effectus,
898 725 1016 758 habito
1041 736 1119 757 cum
1143 724 1352 766 imperatore
1377 725 1532 764 consilio,
1555 726 1828 767 prenominatum
1859 726 1986 760 Corra-

141 780 234 818 dum‚
258 779 496 812 cardinalatus
518 780 568 811 illi
594 779 639 812 'et
661 778 860 812 Sabinensis
881 778 1102 821 episcopatus
1125 777 1296 820 dignitate
1321 784 1470 817 seruata,
1493 778 1527 809 in
1546 778 1854 822 Salseburgensem
1872 780 1986 813 eccle-

735 832 826 865 Nam
851 831 939 863 filius
961 830 1057 874 regis
1079 830 1244 863 Bohemie
1258 830 1282 868 ²,
1306 831 1364 873 qui
1389 830 1500 863 eidem
1524 831 1673 864 ecclesie
1698 838 1848 874 preerat,
1864 844 1928 876 pro
1945 843 1987 866 eo

141 887 236 930 quod
259 886 304 919 de
327 886 472 918 simonia
495 891 530 918 et
553 885 759 928 quibusdam
783 884 860 917 aliis
883 883 1085 917 criminibus
1108 894 1225 917 coram
1246 894 1338 926 papa
1361 884 1483 916 fuisset
1505 891 1697 924 accusatus,
1722 886 1765 918 de
1789 886 1911 918 merito
1927 896 1987 918 sue

139 950 244 972 cause
267 938 435 976 diffidens,
459 938 675 970 commissam
699 937 766 970 sibi
789 938 974 970 ecclesiam
990 937 1026 969 in
1042 947 1147 969 manu
1162 946 1254 979 pape
1269 942 1461 979 spontanea
1475 938 1654 970 uoluntate
1670 938 1811 971 remisit.
1858 939 1987 982 Sicque

141 993 272 1026 factum
296 998 360 1030 est,
383 992 476 1035 quod
499 991 702 1024 Alexander
723 1001 825 1033 papa,
849 990 942 1023 sicut
963 990 1019 1022 uir
1041 990 1208 1032 prouidus
1230 996 1264 1022 et
1288 990 1470 1028 discretus,
1493 1001 1556 1033 pro
1573 992 1811 1024 conseruanda
1826 1002 1913 1033 pace
1930 1002 1987 1025 ec-

139 1047 245 1079 clesie
267 1052 369 1078 utens
391 1045 646 1088 dispensatione
669 1044 852 1082 canonica,
876 1044 1069 1077 Corradum
1092 1044 1264 1087 quondam
1290 1044 1530 1087 Maguntinum
1548 1044 1845 1087 archiepiscopum
1861 1046 1897 1077 in
1912 1045 1987 1078 Sal-

795 1096 992 1130 Christiano
1016 1103 1130 1130 autem
1155 1097 1365 1130 cancellario
1389 1097 1626 1140 Maguntinam
1650 1098 1834 1130 ecclesiam
1866 1104 1987 1131 aucto-

138 1153 241 1187 ritate
264 1152 455 1195 apostolica
477 1151 706 1190 confirmauit,
731 1157 765 1183 et
787 1156 858 1182 tam
881 1151 914 1183 ei
938 1161 1041 1194 quam
1064 1150 1229 1193 Philippo
1254 1149 1456 1183 Coloniensi
1481 1151 1758 1193 archiepiscopo,
1782 1152 1839 1194 qui
1864 1162 1883 1184 a
1913 1151 1984 1184 suis

139 1205 372 1248 suffraganeis
395 1211 429 1237 et
453 1203 634 1237 catholicis
656 1205 796 1236 fuerant
820 1203 1024 1242 consecrati,
1048 1210 1190 1245 recepto
1214 1202 1258 1235 ab
1281 1209 1427 1246 utroque
1443 1203 1636 1235 iuramento
1654 1203 1865 1243 obedientie,
1882 1204 1988 1246 pallia

141 1259 186 1292 de
208 1269 304 1292 more
329 1258 513 1291 concessit.

228 1311 430 1344 Alexander
453 1317 567 1344 autem
590 1321 682 1353 papa
708 1310 929 1353 prudentiam
962 1316 996 1342 et
1029 1309 1240 1343 literaturam
1272 1309 1459 1342 Romoaldi
1491 1310 1700 1343 Salernitani
1731 1311 1988 1354 archiepiscopi

48 1355 51 1359 ,
76 1366 119 1398 20
143 1365 330 1409 diligenter
351 1364 546 1407 attendens,
571 1370 606 1396 et
628 1364 974 1406 deuotionem'quam
1001 1373 1084 1406 erga
1106 1363 1301 1396 Romanam
1324 1364 1507 1396 ecclesiam
1528 1373 1664 1406 semper
1691 1363 1858 1397 habuerat
1889 1374 1987 1397 reco-

140 1418 226 1456 lens,
249 1418 295 1451 ad
317 1417 522 1460 petitionem
545 1417 653 1460 ipsius
675 1417 942 1459 archiepiscopi,
967 1416 1221 1449 communicato
1245 1417 1389 1449 fratrum
1414 1426 1552 1449 suorum
1577 1417 1732 1455 consilio,
1755 1417 1822 1460 ipsi
1846 1423 1879 1450 et
1909 1428 1987 1450 suc-

141 1470 335 1504 cessoribus
357 1471 430 1503 eius
452 1481 551 1503 usum
573 1477 609 1503 et
632 1470 835 1513 dignitatem
859 1470 1029 1512 portande
1052 1469 1168 1502 crucis
1190 1480 1254 1512 per
1277 1469 1451 1502 ciuitatem
1473 1475 1508 1502 et
1530 1475 1634 1502 totam
1658 1481 1751 1502 suam
1769 1471 1986 1512 parrochiam

141 1525 333 1568 apostolica
355 1524 562 1557 auctoritate
587 1523 771 1562 concessit,
795 1530 830 1556 et
853 1524 981 1556 donum
1005 1523 1100 1565 quod
1124 1524 1252 1555 exinde
1285 1522 1503 1555 Salernitane
1532 1523 1680 1555 ecclesie
1712 1523 1747 1556 in
1778 1530 1984 1567 perpetuum

141 1578 287 1616 fecerat,
310 1578 362 1610 sui
385 1576 559 1620 priuilegii
581 1575 772 1608 munimine
795 1575 972 1608 roborauit
982 1575 1004 1608 ³.

1050 1576 1127 1609 Hoc
1151 1575 1253 1608 etiam
1276 1576 1414 1608 silentio
1438 1577 1708 1617 pretereundum
1724 1586 1794 1608 non
1809 1582 1871 1616 est,
1889 1578 1983 1620 quod

44 1663 46 1667 ,
75 1629 120 1664 25
139 1630 338 1669 scismatici,
361 1630 422 1674 qui
444 1630 479 1662 in
503 1630 649 1662 diuersis
671 1629 828 1662 ecclesiis
851 1629 981 1662 Tuscie
1004 1635 1040 1662 et
1062 1628 1271 1662 Lombardie
1287 1628 1501 1662 auctoritate'
1517 1629 1686 1671 imperiali
1700 1630 1820 1662 intrusi
1835 1630 1985 1670 fuerant,

140 1690 176 1718 et
199 1684 337 1728 quidam
361 1684 447 1717 dicti
471 1683 678 1722 cardinales,
702 1683 760 1726 qui
783 1682 931 1716 Iohanni
955 1683 998 1715 de
1023 1682 1161 1715 Struma
1185 1682 1405 1720 adheserant,
1429 1682 1559 1720 audito,
1584 1682 1678 1725 quod
1700 1684 1890 1725 imperator
1905 1694 1982 1716 cum

139 1737 290 1772 ecclesia
313 1743 348 1770 et
369 1748 462 1780 papa
484 1736 686 1769 Alexandro
710 1747 834 1779 pacem
857 1736 1010 1774 fecisset,
1033 1735 1228 1778 penitentia
1250 1735 1358 1774 ducti,
1382 1735 1548 1768 Uenetias
1563 1736 1691 1769 festino
1706 1746 1825 1780 gressu
1839 1737 1986 1770 uenien-

138 1797 202 1830 tes,
224 1791 338 1834 primo
360 1791 495 1829 scisma,
519 1790 614 1833 quod
637 1789 880 1828 defenderant,
905 1789 1121 1827 abiurabant,
1144 1788 1270 1822 dehinc
1293 1799 1356 1831 per
1378 1794 1498 1821 sancta
1520 1788 1586 1820 Dei
1609 1790 1790 1833 euangelia
1805 1791 1985 1832 promitte-

139 1845 235 1884 bant,
257 1844 354 1888 quod
377 1845 420 1878 de
445 1853 599 1882 excessu,
621 1853 724 1886 quem
748 1843 918 1881 fecerant,
942 1842 1071 1875 domini
1094 1851 1185 1885 pape
1207 1841 1400 1874 Alexandri
1424 1842 1587 1874 mandato
1610 1848 1750 1882 starent,
1777 1850 1811 1875 et
1840 1854 1919 1876 eum
1950 1850 1984 1876 et

51 1894 54 1900 ²
74 1899 118 1932 30
139 1908 358 1932 successores
381 1897 454 1930 eius
475 1897 512 1929 iu
536 1896 743 1930 catholicum
766 1906 891 1939 papam
914 1895 1121 1938 reciperent.

140 1951 244 1985 soluti
267 1951 313 1984 ad
334 1951 409 1984 eius
431 1950 540 1993 pedes
563 1949 779 1982 accedebant
794 1949 817 1982 ⁴.

1169 1895 1213 1928 Et
1236 1895 1288 1928 sic
1309 1894 1355 1928 ab
1378 1895 1747 1929 excommunicationis
1762 1897 1909 1930 uinculis
1926 1896 1987 1930 ab·

232 2070 256 2096 5.
275 2063 401 2095 dampno
419 2063 444 2087 Α
465 2075 474 2080 -
494 2063 597 2086 iccirco
616 2061 640 2085 A
659 2074 692 2079 —-
712 2060 768 2093 8-9.
787 2060 970 2085 Chonradum
990 2061 1018 2085 B
1035 2068 1048 2084 e
1066 2060 1143 2085 Sasso
1162 2073 1194 2078 —
1213 2067 1287 2092 9·¹0·
1311 2059 1525 2093 Saitsburgensi
1550 2061 1669 2085 ecclesia
1693 2061 1721 2085 B
1744 2068 1758 2084 e
1783 2062 1859 2087 Sasso
1884 2074 1917 2079 —
1946 2068 1986 2093 ¹4·

142 2105 327 2131 chonradum
345 2105 488 2137 quondam
508 2104 710 2136 Moguntinam
730 2104 757 2128 B
775 2111 788 2127 e
806 2103 882 2127 Sasso
900 2116 933 2120 -
957 2109 1013 2135 14-1
1019 2109 1044 2135 5.
1062 2102 1308 2135 Saltzburgensem
1326 2102 1474 2127 ecclesiam
1493 2103 1520 2126 B
1536 2110 1550 2126 e
1569 2102 1645 2127 Sasso
1664 2116 1695 2121 —-
1719 2107 1759 2133 ις.
1785 2104 1985 2136 Moguntinam

142 2148 169 2174 B
183 2156 197 2172 e
217 2147 294 2174 Sauo
312 2161 345 2166 —
368 2153 407 2179 19.
427 2147 620 2172 litteraturam
638 2147 664 2170 A
684 2159 715 2163 -—-
736 2152 778 2177 ²4·
797 2144 836 2169 La
853 2145 930 2170 soma
949 2152 1026 2169 mano
1044 2143 1087 2168 del
1110 2152 1158 2169 sec.
1182 2143 1271 2170 XVII
1290 2145 1382 2169 scrisse
1405 2144 1435 2168 al
1457 2145 1580 2177 marg-Ine
1604 2145 1636 2169 dx·
1656 2145 1698 2170 A.-
1722 2146 1886 2170 Alexander
1911 2154 1984 2180 papa

142 2190 284 2216 concessit
308 2189 472 2214 Romo-ido
496 2188 680 2213 Salernitano
707 2187 923 2221 archiepiscopo
949 2188 977 2211 et
1002 2186 1210 2212 successoribus
1238 2187 1402 2211 facultatem
1428 2187 1568 2220 portande
1594 2188 1684 2212 crucis
1710 2194 1759 2220 per
1784 2188 1931 2213 civitatem
1956 2191 1984 2214 et

140 2273 217 2299 Scau
234 2281 248 2299 a
266 2274 357 2300 Amat
375 2286 409 2292 —
429 2279 470 2307 ²9·
489 2273 590 2298 domni
612 2273 636 2297 C
650 2280 664 2296 e
682 2272 772 2296 Arndt

228 2374 236 2391 ¹
257 2377 420 2402 L’eIezione
439 2383 569 2401 avvenne
589 2375 609 2399 il
630 2382 662 2407 25
683 2375 740 2408 lug.
763 2380 848 2408 1¹77,
868 2374 904 2398 c!-
916 2373 1034 2399 Annales

137 2418 308 2452 &gatianus
326 2418 358 2443 in
378 2419 420 2443 M.
445 2418 475 2443 G.
498 2418 542 2449 H..
564 2417 623 2447 SS„
644 2417 719 2446 xvl.
739 2416 800 2442 261.
839 2415 878 2440 Le
892 2416 990 2442 lettere
1004 2416 1034 2441 di

138 2468 212 2494 papa
230 2460 406 2485 Aloesandro
423 2467 439 2484 e
458 2460 699 2492 deivimperatore
712 2458 849 2484 Federico
861 2458 1032 2483 Barbarossa

138 2503 184 2528 del
203 2501 238 2527 28
257 2503 314 2536 lug.
333 2502 361 2534 (ς
380 2501 446 2527 Idus
465 2501 601 2534 augusta),
620 2502 670 2526 che
683 2501 803 2535 pariano
816 2500 847 2526 dl
860 2501 966 2526 siffatta
978 2501 1034 2525 ele-

138 2547 232 2574 zione,
252 2551 379 2578 possono
399 2544 572 2569 consulter-1
584 2545 615 2568 in
635 2544 676 2568 M.
696 2544 726 2570 G.
743 2544 789 2573 H„
801 2543 858 2574 SS.,
871 2542 959 2574 xvn,
973 2548 1033 2575 505.

228 2584 240 2602 ¹
258 2586 418 2611 Adalberto
436 2585 477 2610 111
495 2585 575 2618 figllo
594 2585 639 2610 del
658 2593 689 2610 re
706 2584 846 2610 Vadislao
863 2584 884 2609 1.

226 2626 238 2644 ⁸
262 2627 586 2661 hert-Loawman,
615 2626 726 2659 Regum
753 2626 916 2658 Pontificum
947 2627 1032 2656 Rom..

139 2678 167 2695 n.
184 2668 277 2701 12887‚
290 2668 370 2694 bolla
382 2669 411 2693 di
427 2668 598 2694 Aleasandro
612 2668 659 2699 ΙΙΙ,
674 2667 804 2697 Venetia,
818 2673 860 2699 τι,
873 2667 935 2698 vu,
951 2674 1031 2702 1177;

139 2712 176 2736 cs.
195 2711 229 2736 P.
247 2710 342 2740 Kana,
361 2710 586 2743 mpsmtmnam
612 2711 641 2734 dn
667 2709 790 2738 Salano,
814 2709 853 2733 la
882 2710 952 2735 Cava
975 2710 1035 2734 und

138 2752 252 2786 Neapd,
278 2754 307 2777 in
335 2752 585 2777 NachrIchten
605 2752 668 2776 der
696 2750 729 2776 K.
758 2750 970 2777 Gesellsch.
999 2752 1033 2778 d.

139 2794 369 2820 wls-enach.
389 2801 431 2819 zu
449 2792 666 2827 Gottingen,
689 2800 764 2827 1900,
785 2794 852 2819 fasc.
871 2801 896 2826 3,
915 2801 962 2828 pp.
985 2801 1033 2826 199

139 2845 153 2862 e
174 2843 234 2862 200.

226 2877 237 2893 ⁴
247 2879 334 2909 Boso,
347 2878 426 2903 Liber
437 2877 552 2909 Pontis..
566 2877 600 2909 11,
614 2885 679 2910 441:
695 2878 709 2893 ‘¹
716 2877 859 2903 Absolute
872 2880 967 2903 autem
982 2879 1032 2903 lm-

139 2921 153 2936 ⁸
163 2923 304 2955 peratore,
322 2927 453 2952 sequaces
470 2921 533 2945 eius
551 2920 657 2945 intrusi
670 2922 698 2945 et
711 2920 866 2946 scismatici
882 2921 917 2946 ad
937 2922 1031 2946 sinum

139 2963 263 2988 “matris
282 2962 407 2989 Ecclesie
426 2963 595 2987 catervatim
614 2962 794 2992 confluentes,
814 2962 926 2988 absolvi
939 2963 1031 2988 humi-

139 3005 230 3030 ‘liter
248 3005 435 3038 postulantes,
459 3006 488 3029 et
516 3004 679 3029 refutarunt
702 3006 731 3029 ct
757 3004 1032 3030 anathematizarunt

272 3119 306 3144 T.
325 3118 385 3148 vn,
406 3127 431 3152 p.
452 3126 461 3144 ι
483 3132 515 3137 —
539 3125 579 3151 19.

40 2227 41 2230 ¹
93 2237 108 2264 ς
139 2231 286 2258 dlocesim.
322 2231 410 2256 Anno
431 2230 499 2263 1176
517 2230 565 2262 (etc
574 2229 598 2261 l)
618 2242 652 2248 —
672 2234 715 2261 25.
733 2228 910 2254 schismatici
932 2230 958 2254 B
975 2235 989 2253 e
1010 2229 1039 2257 C,
1058 2228 1134 2253 Sauo
1152 2236 1166 2252 e
1184 2228 1276 2253 Arndt
1295 2242 1326 2247 -
1346 2235 1388 2262 27.
1413 2227 1551 2253 Venecias
1575 2229 1599 2254 A
1624 2242 1656 2247 —-
1677 2229 1718 2254 28.
1738 2230 1859 2255 schisma
1878 2231 1905 2255 B
1922 2238 1935 2254 e
1957 2230 1985 2260 C,

1089 2374 1102 2388 ‘⁴
1113 2381 1194 2407 super
1213 2375 1395 2400 sacrosancta
1413 2375 1563 2407 evangelIa
1583 2382 1695 2400 omnem
1709 2376 1828 2400 heresim
1842 2376 1983 2400 extollen—

1086 2417 1100 2431 ⁴¹
1111 2418 1167 2442 tem
1187 2423 1217 2441 se
1235 2417 1369 2442 adversus
1389 2419 1595 2442 sacrosanctam
1610 2418 1766 2442 Romanam
1780 2418 1935 2446 ecclesiam,
1955 2420 1984 2442 et

1086 2459 1243 2492 “precipue
1263 2461 1365 2484 scisma
1382 2461 1410 2484 et
1429 2460 1549 2484 heresim
1564 2459 1717 2485 Octaviani
1732 2462 1759 2484 et
1775 2460 1807 2485 G.
1822 2459 1984 2486 Cremensis

1090 2500 1103 2515 “
1113 2502 1196 2533 atque
1210 2501 1346 2526 Iohannis
1360 2502 1394 2526 de
1407 2502 1528 2530 Stmma.
1542 2508 1694 2533 eorumque
1707 2503 1906 2527 ordinationes
1921 2503 1983 2528 irri-

1087 2543 1101 2558 “
1111 2545 1155 2568 tas
1174 2551 1233 2568 esse
1252 2545 1482 2577 pronuntiantes,
1502 2544 1668 2569 fidelitatem
1681 2551 1793 2576 quoque
1805 2547 1833 2569 et
1847 2545 1981 2570 obedien·

1089 2584 1102 2598 “
1113 2585 1183 2610 tiam
1197 2586 1304 2610 domno
1318 2593 1370 2610 suo
1383 2593 1455 2619 pape
1468 2587 1634 2611 Alexandro
1648 2587 1762 2617 eiusque
1775 2587 1983 2611 successoribus

1089 2626 1102 2640 ¹⁴
1113 2628 1265 2653 catholicis
1292 2629 1501 2660 promittentes,
1528 2629 1707 2653 reconciliati
1733 2630 1799 2653 sunt
1823 2630 1851 2652 et
1876 2629 1981 2654 unitati

1087 2670 1101 2684 ‘¹
1111 2670 1254 2695 catholice
1279 2671 1423 2695 associati.
1460 2671 1502 2695 De
1527 2678 1646 2702 quorum
1673 2677 1790 2695 numero
1812 2670 1982 2695 famosiores

1089 2711 1247 2737 “duximus
1274 2712 1554 2737 nominandosz....
1580 2712 1754 2745 papiensem,
1774 2713 1982 2742 PlacentInum,

1088 2754 1102 2769 ⁸
1112 2754 1339 2783 Cremonensem,
1364 2754 1550 2783 Brixiensem,
1576 2754 1790 2785 Novariensem,
1811 2755 1981 2786 Aquensem,

1089 2795 1147 2821 Ι’(ῒ.
1161 2796 1358 2825 Mantuanum,
1378 2797 1651 2829 Baineoregiensem‚
1671 2797 1912 2826 Pensaurlensem,
1932 2798 1982 2822 Fa-

1087 2835 1101 2851 “
1113 2845 1236 2867 nensem.
1251 2838 1284 2863 V.
1298 2846 1314 2863 a
1328 2837 1462 2863 Guidone
1475 2837 1619 2863 cremensi
1634 2840 1796 2871 promotum
1811 2839 1841 2863 in
1857 2839 1982 2868 levitam,

1088 2878 1147 2905 “U.
1165 2880 1310 2912 quondam
1331 2880 1546 2906 Cluniacensem
1560 2881 1689 2905 abbatem
1710 2883 1738 2905 et
1759 2882 1899 2906 intrusum
1919 2888 1981 2905 san-

1087 2923 1150 2948 “cti
1171 2923 1247 2949 Petri
1271 2926 1299 2948 in
1326 2923 1396 2949 Celo
1421 2931 1515 2951 aureo.
1542 2926 1624 2956 atque
1650 2925 1779 2949 vicinum
1805 2924 1864 2949 eius
1890 2923 1982 2949 sancti

1086 2963 1100 2978 “
1111 2964 1272 2991 Salvatoris
1292 2966 1434 2991 intrusum
1447 2982 1471 2998 „-

1176 3008 1189 3020 “
1199 3006 1304 3031 Eodem
1324 3009 1459 3039 tempore,
1473 3006 1579 3031 XVIIII
1593 3006 1649 3032 kal.
1663 3007 1838 3040 septembris,
1854 3008 1883 3031 in
1897 3007 1983 3032 eccle-

2012 2465 2043 2492 ²⁵

2010 2682 2045 2707 30

2011 2888 2043 2915 35

1908 229 1983 266 289
1996 241 2071 265 Mun„
2087 247 2120 264 ce.
2137 243 2224 266 ²³⁵-236

2075 736 2114 759 iul.
2130 742 2155 762 ²⁵

2068 796 2089 814 c.
2103 795 2142 816 27⁴
2150 796 2165 811 a

2069 1647 2088 1664 c.
2103 1640 2163 1667 ’ub
