2398 3470
136 253 214 277 nu...
229 258 263 274 ee.
278 255 340 274 sx—s2
380 245 430 281 80
960 243 1256 282 ROMUALDI
1283 243 1654 281 SALERNITANI
2003 252 2089 288 [An.
2109 254 2143 283 c.
2164 256 2238 290 aso]

375 373 510 406 rissimo
533 373 731 415 ponderans
754 373 860 407 libras
883 383 1017 413 cxxxx,
1042 379 1076 407 et
1099 373 1242 417 angelos
1265 383 1324 406 1111
1349 383 1393 404 ex
1417 379 1561 416 argento
1585 373 1620 405 in
1643 373 1795 416 pedibus
1818 384 1843 406 v
1864 374 2098 417 ponderantes
2113 376 2238 420 singuli

196 441 216 456 c.
234 440 295 460 107a
373 425 478 458 libras
495 435 542 458 cv
556 425 565 443 ¹
590 436 669 458 cum
692 426 838 470 gemmis
862 425 1096 459 a'labandenis
1118 426 1156 458 in
1180 425 1299 458 oculos
1316 431 1475 458 tenentes
1498 426 1629 464 hastas;
1654 426 1833 470 fastigium
1858 426 1980 468 ipsum,
2003 428 2240 469 ponderantes

375 477 480 510 libras
504 478 575 510 duo
599 478 694 511 milia
715 487 792 511 xxv
803 478 829 512 ’.
872 479 1063 523 Fastigium
1087 489 1131 511 ex
1155 488 1238 510 auro
1262 477 1444 520 purissimo
1469 487 1547 510 cum
1572 478 1708 510 delfinis
1732 489 1754 510 L
1778 487 1857 511 cum
1881 480 2039 519 cathena,
2069 481 2128 523 qui
2151 491 2239 524 pon-

374 530 500 563 derant
523 530 628 564 libras
650 540 735 564 xxv.
781 531 953 565 Coronam
967 532 980 550 ⁸
1003 542 1046 564 ex
1070 541 1154 563 auro
1170 531 1354 573 purissimo
1378 541 1458 562 cum
1474 530 1609 563 delfinis
1633 540 1681 563 xx
1697 537 1883 573 pensantes
1906 532 2012 565 libras
2026 533 2160 577 singule
2178 543 2238 567 xv.

372 582 557 616 Cameram
580 583 722 617 basilice
747 595 791 617 ex
814 595 898 617 auro
923 584 1086 616 trimitam
1111 584 1147 615 in
1173 583 1324 626 longum,
1340 589 1375 616 et
1398 583 1436 615 in
1453 583 1559 616 altum
1584 583 1689 615 libras
1705 584 1953 627 quingentas⁴z
1978 586 2099 619 altaria
2123 596 2176 619 vn
2194 598 2238 619 ex
2285 587 2304 620 5

371 643 519 679 argento
543 638 736 679 purissimo,
760 638 990 681 ponderantia
1013 637 1150 681 singula
1171 637 1279 669 libras
1295 646 1348 670 cc.
1397 637 1550 680 Reliqua
1564 638 1725 670 utensilia
1749 637 1903 677 basilice,
1920 649 1988 681 que
2011 640 2188 673 constituit
2202 641 2240 673 in

372 700 460 732 opus
482 690 671 731 ministerii,
695 691 768 724 siue
792 703 837 724 ex
861 702 958 730 auro,
982 691 1055 723 siue
1081 702 1124 723 ex
1147 697 1302 734 argento,
1320 691 1379 734 qui
1404 690 1478 723 uult
1500 691 1652 733 pleniter
1668 692 1769 729 scire,
1793 691 1949 725 inueniet
1971 693 2008 725 in
2030 693 2137 737 gestis
2152 703 2239 736 pon-

374 743 502 776 tificum
526 744 764 777 Romanorum
776 744 799 777 ⁵.
846 745 991 777 Fontem
1014 750 1183 782 sanctum,
1207 744 1267 776 ubi
1291 743 1484 786 baptizatus
1507 750 1559 776 est
1582 744 1830 777 Constantinus
1853 743 2041 788 Augustus,
2065 756 2108 778 ex
2123 746 2240 789 lapide

371 797 583 839 porfiretico,
608 803 643 830 et
667 799 760 830 omni
783 804 882 840 parte
906 803 1110 840 coopertum
1134 797 1353 835 intrinsecus,
1378 802 1413 829 et
1436 797 1533 836 foris,
1558 803 1593 829 et
1616 798 1776 840 desuper,
1801 804 1837 830 et
1859 804 2026 841 quantum
2042 809 2134 843 aqua
2157 809 2242 832 cou-

371 850 472 888 tinet,
496 860 540 883 ex
563 857 707 894 argento
730 851 914 894 purissimo
938 851 1043 884 libras
1066 851 1132 883 tria
1155 851 1253 883 milia
1275 860 1356 882 vm.
1402 851 1443 883 In
1466 851 1583 883 medio
1610 851 1718 883 fontis
1742 851 1905 884 columna
1930 852 2141 893 porfiretica
2172 863 2240 896 que
2267 853 2306 886 10

371 908 487 946 portat
509 903 623 936 fialam
648 914 798 943 auream,
821 904 880 936 ubi
904 904 1055 937 candela
1078 909 1141 942 est,
1158 913 1225 946 que
1249 910 1374 946 pensat
1397 903 1471 935 auri
1494 904 1668 945 purissimi
1685 904 1790 937 libras
1813 914 1878 943 L11,
1902 904 1964 937 ubi
1980 904 2079 938 ardet
2095 905 2240 938 balsami

373 955 480 989 libras
501 955 680 990 ducentas.
726 957 855 990 Nixum
879 967 923 989 ex
944 958 1043 1000 tippa
1067 956 1206 989 amianti
1230 956 1266 988 in
1289 956 1389 989 labro
1403 955 1415 973 ⁶
1438 956 1544 989 fontis
1567 966 1693 1000 agnum
1717 967 1761 989 ex
1782 967 1866 989 auro
1890 958 2074 1000 purissimo
2089 958 2241 992 funden-

371 1015 440 1041 tem
463 1020 600 1054 aquam,
623 1010 683 1054 qui
706 1016 892 1052 pensantes
915 1009 1021 1042 libras
1043 1019 1135 1047 xxx3
1161 1010 1205 1042 ad
1229 1008 1407 1042 dexteram
1433 1010 1513 1053 agni
1538 1009 1754 1042 Saluatorem
1772 1020 1814 1042 ex
1837 1017 1982 1054 argento
1997 1011 2180 1054 purissimo
2204 1011 2241 1044 in

371 1062 521 1105 pedibus
543 1073 569 1095 v
591 1064 651 1106 qui
673 1070 861 1107 pensantes
885 1063 990 1096 libras
1012 1062 1111 1095 nxx⁷
1136 1063 1173 1096 in
1196 1063 1275 1095 leua
1298 1062 1380 1106 agni
1403 1062 1543 1095 beatum
1563 1063 1758 1106 Johannem
1783 1063 1995 1106 Baptismam
2020 1075 2063 1097 ex
2094 1071 2240 1109 argento

199 1132 220 1147 c.
235 1125 294 1151 107⁶
371 1116 408 1148 in
430 1116 580 1159 pedibus
602 1126 627 1149 v
649 1122 826 1149 tenentem
850 1116 988 1149 titulum
1012 1116 1193 1159 scriptum:
1219 1116 1312 1148 Ecce
1335 1126 1451 1158 agnus
1473 1115 1552 1157 Dei,
1573 1116 1662 1148 Ecce
1684 1117 1745 1159 qm·
1757 1116 1846 1148 tollit
1869 1121 2012 1160 peccata
2035 1118 2162 1160 mundi,
2178 1117 2237 1162 qui
2264 1117 2304 1152 15

370 1176 516 1212 pensant
539 1170 644 1203 libras
660 1168 712 1203 0⁸.
757 1170 892 1202 Ceruos
915 1179 958 1202 ex
974 1175 1119 1213 argento
1142 1169 1327 1211 purissimo
1351 1179 1375 1200 v
1388 1167 1400 1185 ⁹
1423 1169 1611 1201 fundentes
1634 1179 1770 1212 aquam,
1794 1170 1853 1212 qui
1875 1176 2022 1212 pensant
2044 1170 2170 1215 singuli
2198 1171 2240 1204 li—

371 1223 451 1256 bras
475 1232 582 1256 Lxxx.
629 1222 953 1256 Timiamatherium
978 1234 1022 1255 ex
1045 1232 1128 1255 auro
1152 1222 1346 1264 purissimo,
1372 1222 1470 1265 quod·
1488 1228 1613 1264 pensat
1638 1222 1742 1254 libras
1757 1231 1783 1254 x
1806 1233 1884 1255 cum
1908 1224 2053 1267 gemmis
2075 1224 2240 1266 prassinis

371 1282 407 1309 et
428 1276 636 1321 hiacyntinis
659 1287 702 1310 ex
725 1276 879 1319 undique
902 1285 1046 1308 numero
1069 1285 1148 1308 x1,11
1163 1274 1198 1308 ¹⁰.
1245 1275 1397 1318 Reliqua
1421 1275 1523 1313 dona,
1548 1285 1616 1318 que
1638 1275 1763 1309 obtulit
1794 1275 2042 1309 Constantinus
2064 1277 2242 1321 Augu-tu·

373 1330 494 1362 domui
517 1329 629 1362 sancti
652 1330 784 1367 Fontis,
808 1339 850 1361 ac
874 1338 1004 1361 massas
1026 1339 1091 1371 per
1113 1328 1250 1371 singula
1273 1328 1361 1367 loca,
1384 1338 1445 1361 seu
1469 1333 1504 1360 et
1527 1328 1594 1360 alia
1618 1328 1776 1371 plurima,
1799 1328 1955 1361 inuenies
1978 1329 2015 1362 in
2037 1330 2145 1374 gestis
2164 1330 2240 1364 Ro-

370 1393 548 1416 manorum
572 1383 780 1416 Pontificum
795 1381 830 1415 ¹¹.
2263 1385 2307 1418 20

462 1436 598 1469 Eodem
622 1442 778 1478 tempore
803 1435 1051 1468 Constantinus
1074 1434 1250 1478 Augustus
1277 1434 1366 1467 fecit
1388 1434 1566 1467 basilicam
1599 1435 1701 1468 beato
1726 1434 1831 1467 Petro
1863 1436 2021 1478 apostolo
2043 1436 2080 1468 in
2109 1437 2241 1480 templo

371 1489 559 1532 Apollinis,
577 1488 675 1532 cujus
692 1489 807 1521 locum
830 1498 957 1532 corpus
980 1488 1092 1520 sancti
1109 1488 1204 1520 Petri
1219 1487 1268 1520 ita
1290 1488 1502 1521 recondidit.
1548 1488 1665 1530 Ipsum
1683 1488 1796 1521 locum
1813 1488 1968 1532 undique
1985 1499 2030 1523 ex
2045 1499 2105 1523 ere
2120 1489 2240 1534 Cypro

373 1543 556 1582 conclusit,
579 1543 675 1585 quod
699 1548 750 1574 est
772 1541 969 1578 immobile3
993 1541 1039 1573 ad
1063 1547 1169 1583 caput
1193 1541 1302 1583 pedes
1327 1550 1366 1578 v;
1396 1541 1441 1574 ad
1463 1540 1573 1583 pedes
1596 1540 1706 1583 pedes
1728 1551 1763 1579 v,
1795 1541 1915 1574 subter
1937 1542 2048 1585 pedes
2070 1552 2106 1582 v,
2135 1553 2242 1586 supra

372 1588 479 1638 pedes
500 1605 536 1628 V.
583 1594 642 1628 Sic
657 1594 798 1627 inclusit
821 1603 949 1636 corpus
965 1593 1059 1627 beati
1076 1593 1170 1626 Petri
1195 1593 1355 1636 apostoli,
1373 1599 1407 1626 et
1430 1593 1639 1632 recondidit,
1657 1599 1691 1626 et
1707 1594 1899 1633 exornauit,
1915 1605 2021 1638 supra
2036 1595 2241 1639 columpnas

368 1648 595 1691 porfireticas,
619 1654 654 1680 et
677 1648 810 1692 aliquas
834 1647 1038 1690 columpnas
1061 1647 1221 1686 uitineas‚
1250 1657 1336 1690 quas
1364 1647 1409 1680 de
1435 1647 1564 1680 Grecia
1579 1647 1754 1689 perduxit.
1802 1647 1902 1680 Fecit
1927 1654 2042 1681 autem
2066 1659 2239 1683 cameram
2262 1649 2305 1684 25
2336 1667 2339 1669 -

371 1702 513 1736 basilice
530 1712 573 1735 ex
590 1711 675 1734 auro
699 1701 905 1745 fulgentem,
921 1706 957 1732 et
980 1710 1085 1743 super
1109 1710 1236 1743 corpus
1259 1700 1351 1733 beati
1375 1700 1481 1740 Petri,
1505 1700 1600 1743 quod
1624 1710 1682 1734 ere
1708 1701 1879 1734 conclusit
1902 1701 1990 1734 fecit
2014 1712 2155 1736 crucem
2178 1713 2239 1736 au·
2336 1714 2339 1716 ’

373 1767 468 1789 ream
491 1755 720 1798 purissimam,
744 1760 949 1798 pensantem
972 1754 1080 1787 libras
1102 1764 1147 1787 Le
1171 1754 1205 1786 in
1229 1765 1390 1787 mensura
1414 1754 1485 1787 loci
1510 1761 1723 1796 pensantem,
1747 1755 1807 1788 ubi
1830 1754 1995 1798 scriptum
2019 1756 2105 1789 hoc:

460 1850 745 1883 Consi-mmm
759 1847 955 1882 Aucus‘rus
970 1857 1017 1880 m·
1041 1848 1198 1881 HELENA
1213 1848 1393 1881 Auousm
1415 1857 1487 1881 noc
1503 1857 1630 1881 nomm
1654 1857 1805 1881 anem
1822 1858 1938 1882 snum
1961 1859 2134 1883 runcone
2149 1860 2239 1884 con-

371 1912 533 1937 Rusclms
554 1911 659 1935 anna
683 1910 908 1935 cmcmma‘r.

463 2011 639 2053 Scriptum
663 2020 707 2043 ex
729 2009 853 2043 litteris
875 2009 1012 2053 nigellis
1025 2008 1059 2042 ¹¹.
2261 2013 2304 2046 3ο
2329 2015 2331 2018 ¹
2375 2025 2378 2044 ι

201 2082 222 2098 0.
236 2077 297 2096 mea
464 2064 600 2098 Eodem
623 2070 779 2106 tempore
801 2063 890 2096 iecit
912 2063 1091 2096 basilicam
1114 2062 1218 2096 beato
1242 2063 1351 2096 Paulo
1375 2063 1531 2106 apostolo
1555 2065 1614 2095 ex'
1639 2064 1862 2108 suggestione
1885 2064 2044 2098 siluestri
2069 2065 2238 2109 episcopi,
2325 2070 2327 2074 “

374 2118 470 2160 cuius
495 2127 621 2161 corpus
643 2122 800 2151 sanctum
823 2116 873 2149 ita
894 2116 1143 2157 recondiditin
1166 2126 1238 2154 ere,
1255 2122 1291 2149 et
1314 2116 1494 2154 conclusit,
1511 2117 1599 2150 sicut
1625 2127 1751 2160 corpus
1767 2117 1860 2149 beati
1884 2117 1993 2152 Petri.
2038 2117 2234 2152 Constanti-

371 2183 435 2204 nus
451 2172 630 2216 Augustus
645 2170 774 2203 donum
797 2169 922 2202 obtulit
937 2169 1001 2202 sub
1023 2165 1160 2203 Tharso
1174 2168 1198 2187 ¹⁸
1215 2169 1340 2203 Cilicie
1357 2170 1502 2202 insulam
1517 2170 1732 2210 Cordianon,
1748 2181 1816 2213 que
1840 2175 1973 2213 prestat
1988 2171 2118 2204 solidos
2133 2181 2235 2205 neec.

484 2331 505 2349 1.
524 2324 689 2358 ponderane
709 2324 734 2348 C
749 2335 783 2341 —
804 2328 828 2347 2.
853 2321 1069 2347 allabandemce
1087 2322 1114 2346 B
1127 2322 1152 2348 C
1167 2335 1179 2341 -
1198 2321 1347 2348 fastidium
1365 2321 1395 2348 L.
1415 2322 1445 2347 P.
1465 2335 1498 2341 —
1513 2328 1538 2354 3.
1564 2322 1708 2356 delphinls
1727 2323 1753 2346 B
1771 2335 1783 2342 -
1801 2324 1903 2348 catena
1925 2324 1949 2349 C
1965 2337 1997 2341 —
2020 2329 2044 2356 5.
2062 2323 2195 2350 trinium
2212 2323 2240 2349 B

374 2380 406 2385 —
427 2372 451 2398 7.
471 2365 673 2400 ponder-antias
692 2365 819 2397 singulas
834 2365 858 2391 C
874 2378 907 2383 —
928 2369 952 2396 7.
971 2365 1053 2397 gesta
1073 2365 1098 2390 C
1114 2377 1147 2383 —
1171 2371 1211 2389 10.
1230 2364 1426 2397 porphiretleo
1444 2364 1471 2388 B
1489 2377 1523 2383 —
1544 2372 1585 2390 11.
1599 2364 1691 2389 fiolam
1711 2365 1735 2389 Α
1748 2366 1772 2390 C
1790 2378 1822 2382 —
1845 2371 1886 2390 12.
1899 2365 2017 2400 extippa
2038 2367 2079 2394 C.-
2097 2372 2131 2391 ex
2148 2367 2239 2400 typpa

374 2409 407 2433 B.
431 2408 458 2433 C.
480 2422 511 2426 —
537 2414 575 2440 13.
596 2414 710 2440 pensan.
725 2407 786 2431 AB
804 2414 873 2432 auro
889 2406 962 2434 AB,
981 2408 1082 2431 mentre
1100 2406 1130 2431 L.
1149 2406 1179 2431 P.
1199 2406 1249 2431 lta.-
1275 2407 1394 2439 argento
1415 2419 1447 2423 —
1470 2405 1511 2431 16.
1530 2408 1611 2438 pesat
1633 2407 1670 2432 C:
1691 2408 1812 2439 pensant
1832 2408 1856 2433 C
1874 2421 1905 2425 —
1930 2407 1970 2433 18.
1991 2407 2142 2434 laclntlnls
2161 2409 2186 2435 c
2201 2421 2235 2428 —

371 2458 413 2475 21.
426 2451 456 2474 in
471 2451 496 2476 C
512 2457 620 2474 manca.-
634 2449 780 2482 Augustus
795 2461 829 2468 -
842 2455 884 2481 ²³·
897 2448 921 2472 Α
933 2449 1048 2480 ripetuto
1061 2449 1096 2473 ad
1110 2449 1195 2480 pedes
1210 2462 1243 2467 —
1258 2454 1299 2480 25.
1314 2449 1507 2482 porphyretur
1519 2449 1546 2473 B
1558 2462 1568 2467 -
1587 2450 1706 2474 ultineis
1729 2450 1751 2474 C
1770 2463 1803 2467 —
1817 2449 1860 2474 26.
1874 2450 1938 2481 dopo
1956 2449 2024 2475 fecit
2046 2450 2069 2474 C
2085 2450 2237 2484 mium.-

330 2500 344 2525 5
375 2494 403 2516 et
423 2505 455 2510 —
476 2497 519 2523 27.
538 2493 569 2516 ιἰι
587 2491 611 2515 Α
629 2498 739 2515 manca.-
760 2497 809 2518 cm
831 2491 854 2514 C
871 2491 972 2523 rlpaetn
991 2490 1077 2515 libras
1096 2497 1129 2515 ιο
1149 2492 1203 2516 etc.
1225 2504 1256 2509 -—
1272 2491 1313 2516 28.
1332 2490 1425 2515 simile
1435 2491 1498 2515 A¹B
1517 2504 1550 2509 —
1565 2492 1655 2521 ²8·²9·
1673 2498 1828 2516 coruscans
1842 2492 1867 2515 B
1887 2505 1919 2509 —
1940 2498 1982 2524 ²9·
1996 2491 2143 2527 circundqt
2163 2493 2187 2518 c
2203 2505 2238 2512 .-

372 2542 413 2567 30·
434 2534 524 2560 literis
543 2534 604 2558 AB
618 2546 649 2552 —
664 2539 708 2565 32.
721 2534 751 2557 in
766 2533 791 2559 C
807 2540 917 2557 manca:
937 2539 1050 2566 corpus,
1069 2539 1137 2557 come
1155 2533 1185 2558 in
1204 2532 1234 2558 L.
1247 2533 1276 2557 Ρ.
1290 2546 1324 2551 -
1338 2538 1381 2565 33.
1395 2533 1459 2565 dopo
1473 2534 1619 2566 Augustus
1634 2534 1657 2558 C
1667 2534 1822 2566 aggius-ge:
1843 2535 1872 2558 et
1885 2546 1897 2552 —
1910 2534 2016 2567 optulit
2031 2534 2056 2560 C
2073 2546 2085 2552 -
2099 2534 2189 2560 'rano
2204 2535 2230 2561 C

463 2628 473 2646 ¹
491 2629 522 2655 L.
541 2630 592 2655 P..-
619 2629 696 2655 “....
710 2630 811 2661 angelo
833 2635 882 2654 un
909 2636 944 2654 ex
968 2630 1102 2661 argento.
1128 2629 1176 2661 qui
1202 2635 1282 2660 pens.
1427 2627 1438 2644 ⁷
1456 2635 1476 2654 ι
1495 2630 1619 2655 omettez
1639 2630 1797 2662 baptisterii.

375 2673 471 2706 “sing.
492 2673 523 2697 ln
543 2672 664 2705 pedibus
683 2679 713 2703 v,
731 2671 780 2698 lib.
800 2671 851 2696 CV
866 2689 890 2704 ,.
1426 2669 1438 2687 ⁸
1456 2670 1486 2696 l.
1504 2671 1553 2698 1³0:
1572 2671 1686 2697 “libros
1705 2678 1780 2697 chx
1790 2689 1814 2703 ,μ

464 2712 475 2729 ²
494 2721 513 2739 κ
531 2715 654 2739 omette=
673 2713 687 2727 “
700 2720 735 2738 ex
754 2715 874 2746 argento
892 2713 1029 2738 dolatlcio
1040 2729 1064 2744 „.
1427 2711 1439 2729 ⁹
1457 2713 1487 2739 L.
1507 2714 1553 2739 P..-
1571 2714 1621 2739 υιϊ.

316 2764 347 2782 ιο
462 2754 474 2771 ³
492 2756 522 2781 L.
541 2756 591 2782 Ρ..-
613 2757 626 2770 “
641 2756 793 2782 Cam-,ram
813 2763 847 2780 ex
873 2762 944 2780 auro
965 2755 1116 2787 puri-simo
1142 2757 1171 2780 et
1190 2754 1283 2780 farum
1417 2754 1437 2772 ¹⁰
1457 2756 1500 2781 La
1519 2755 1630 2781 lesione
1643 2756 1671 2780 dl
1690 2763 1709 2781 ι
1728 2754 1742 2781 ὲ
1756 2755 1904 2782 conforme
1924 2756 1980 2781 alla
1998 2757 2087 2782 classe
2099 2756 2137 2786 B,
2153 2757 2242 2783 σοι)
2268 2761 2304 2780 20
2321 2779 2322 2782 ,

376 2799 434 2823 “ex
454 2806 525 2824 auro
545 2797 701 2830 purissimo
720 2798 768 2829 qui
787 2797 888 2829 pendit
908 2797 959 2822 sub
979 2796 1125 2822 fastidium
1147 2804 1210 2822 cum
1226 2796 1285 2821 del·
1337 2797 1381 2822 dei
1399 2797 1492 2823 codici
1510 2798 1556 2823 del
1574 2797 1603 2823 L.
1622 2798 1671 2826 Ρη·
1691 2799 1728 2823 ct.
1750 2798 1873 2824 var-lauti
1892 2798 1935 2824 del
1957 2805 2022 2824 mu.
2043 2806 2059 2824 a
2078 2806 2105 2831 p.
2127 2804 2179 2831 ¹⁷4
2196 2798 2242 2824 dcl

377 2839 473 2866 “finos
491 2847 508 2866 1.
527 2847 562 2865 ex
581 2847 651 2865 auro
671 2840 834 2870 purissimo,
861 2846 940 2871 pens.
960 2839 1008 2864 lib.
1034 2845 1058 2871 L,
1079 2846 1143 2864 cum
1166 2841 1282 2864 catenas
1338 2839 1501 2866 nuche-ne.
1537 2831 1559 2865 ὲ
1579 2842 1668 2866 molto
1694 2841 1840 2873 probabile
1859 2840 1910 2866 che
1934 2848 1953 2865 n
1971 2841 2071 2866 abbla-
2083 2842 2171 2867 avuto
2184 2839 2240 2866 'fn

376 2882 389 2896 ⁸
400 2884 446 2915 qui
466 2890 544 2915 pens.
566 2883 612 2907 lib.
631 2888 693 2907 xxv
705 2899 729 2915 „.
1210 2904 1212 2906 .
1339 2890 1422 2907 mano
1441 2882 1460 2907 ll
1480 2890 1530 2908 ms.
1550 2882 1756 2916 Neapolitanus,
1775 2883 1825 2915 lv,
1844 2883 1881 2912 A,
1899 2883 1916 2909 8
1935 2883 1979 2908 del
1997 2884 2093 2908 secolo
2112 2883 2174 2909 vn.

465 2923 477 2940 ⁴
497 2924 527 2950 L.
547 2924 594 2950 P..-
614 2924 772 2949 “Coronas
790 2929 840 2949 nn
859 2925 950 2955 etc.„.
1417 2922 1436 2940 ¹¹
1456 2923 1487 2949 L.
1505 2925 1550 2954 P..
1570 2925 1624 2950 vol.
1644 2926 1702 2955 eit„
1720 2932 1749 2957 p.
1769 2930 1819 2958 174
1832 2933 1875 2957 sg.

316 2971 347 2997 ¹5
464 2968 476 2985 ⁵
494 2967 525 2993 L.
543 2968 592 2994 P„-
611 2968 731 2993 “....et
749 2967 779 2991 ln
799 2967 897 2997 latum,
916 2966 967 2991 lib.
986 2974 1038 2997 nn.
1416 2964 1438 2981 ¹²
1456 2965 1485 2991 L.
1505 2966 1550 2995 P..
1569 2967 1623 2992 vol.
1643 2967 1700 2997 cit„
1719 2975 1747 2999 p.
1770 2966 1827 2998 176.
2268 2966 2319 2996 ²5,
2391 2967 2398 2981 ¹

465 3007 476 3025 ⁰
495 3008 525 3034 L.
543 3009 587 3039 P..
606 3010 661 3034 loc.
680 3010 738 3040 cit„
758 3017 803 3042 pp.
826 3014 885 3041 172,
908 3013 966 3040 173,
988 3013 1047 3041 174.
1418 3005 1440 3024 ¹⁸
1458 3009 1504 3033 Da
1525 3009 1716 3035 munuum
1733 3009 1770 3034 ad
1788 3009 1897 3038 Μ,
1915 3010 2067 3034 manea-ln
2083 3009 2115 3035 L.
2134 3009 2165 3034 Ρ.
