<?xml version="1.0" encoding="UTF-8"?>
<!DOCTYPE html PUBLIC "-//W3C//DTD XHTML 1.0 Transitional//EN"
    "http://www.w3.org/TR/xhtml1/DTD/xhtml1-transitional.dtd">
<html xmlns="http://www.w3.org/1999/xhtml" xml:lang="en" lang="en">
 <head>
  <title>
</title>
<meta http-equiv="Content-Type" content="text/html;charset=utf-8" />
  <meta name='ocr-system' content='tesseract 3.04.00' />
  <meta name='ocr-capabilities' content='ocr_page ocr_carea ocr_par ocr_line ocrx_word'/>
</head>
<body>
  <div class='ocr_page' id='page_1' title='image "./rerumitalicarums71murauoft_0355.png"; bbox 0 0 2398 3470; ppageno 0'>
   <div class='ocr_carea' id='block_1_1' title="bbox 0 0 80 3470">
    <p class='ocr_par' dir='ltr' id='par_1_1' title="bbox 0 0 80 3470">
     <span class='ocr_line' id='line_1_1' title="bbox 0 0 80 3470; baseline 0 0"><span class='ocrx_word' id='word_1_1' title='bbox 0 0 80 3470; x_wconf 95' lang='lat' dir='ltr'><strong> </strong></span> 
     </span>
    </p>
   </div>
   <div class='ocr_carea' id='block_1_2' title="bbox 109 2146 143 2165">
    <p class='ocr_par' dir='ltr' id='par_1_2' title="bbox 109 2146 143 2165">
     <span class='ocr_line' id='line_1_2' title="bbox 109 2146 143 2165; baseline -0.029 0"><span class='ocrx_word' id='word_1_2' title='bbox 109 2146 143 2165; x_wconf 64' lang='grc' dir='ltr'><strong>ΣΟ</strong></span> 
     </span>
    </p>
   </div>
   <div class='ocr_carea' id='block_1_3' title="bbox 110 2353 141 2380">
    <p class='ocr_par' dir='ltr' id='par_1_3' title="bbox 110 2353 141 2380">
     <span class='ocr_line' id='line_1_3' title="bbox 110 2353 141 2380; baseline 0 0"><span class='ocrx_word' id='word_1_3' title='bbox 110 2353 141 2380; x_wconf 79' lang='lat'><strong>¹⁵</strong></span> 
     </span>
    </p>
   </div>
   <div class='ocr_carea' id='block_1_4' title="bbox 110 2564 144 2583">
    <p class='ocr_par' dir='ltr' id='par_1_4' title="bbox 110 2564 144 2583">
     <span class='ocr_line' id='line_1_4' title="bbox 110 2564 144 2583; baseline 0 0"><span class='ocrx_word' id='word_1_4' title='bbox 110 2564 144 2583; x_wconf 78' lang='lat'><strong>20</strong></span> 
     </span>
    </p>
   </div>
   <div class='ocr_carea' id='block_1_5' title="bbox 111 2771 143 2798">
    <p class='ocr_par' dir='ltr' id='par_1_5' title="bbox 111 2771 143 2798">
     <span class='ocr_line' id='line_1_5' title="bbox 111 2771 143 2798; baseline 0 0"><span class='ocrx_word' id='word_1_5' title='bbox 111 2771 143 2798; x_wconf 61' lang='grc' dir='ltr'><strong>τε</strong></span> 
     </span>
    </p>
   </div>
   <div class='ocr_carea' id='block_1_6' title="bbox 163 251 382 288">
    <p class='ocr_par' dir='ltr' id='par_1_6' title="bbox 163 251 382 288">
     <span class='ocr_line' id='line_1_6' title="bbox 163 251 382 288; baseline -0.005 -7"><span class='ocrx_word' id='word_1_6' title='bbox 163 252 216 288; x_wconf 77' lang='grc' dir='ltr'><strong>[Α.</strong></span> <span class='ocrx_word' id='word_1_7' title='bbox 234 251 269 280; x_wconf 86' lang='lat' dir='ltr'><strong>c.</strong></span> <span class='ocrx_word' id='word_1_8' title='bbox 289 252 382 288; x_wconf 77' lang='lat'><strong>11⁷⁷]</strong></span> 
     </span>
    </p>
   </div>
   <div class='ocr_carea' id='block_1_7' title="bbox 744 242 1425 282">
    <p class='ocr_par' dir='ltr' id='par_1_7' title="bbox 744 242 1425 282">
     <span class='ocr_line' id='line_1_7' title="bbox 744 242 1425 282; baseline -0.004 0"><span class='ocrx_word' id='word_1_9' title='bbox 744 244 1034 282; x_wconf 87' lang='lat' dir='ltr'>ROMUALDI</span> <span class='ocrx_word' id='word_1_10' title='bbox 1063 242 1425 281; x_wconf 87' lang='lat' dir='ltr'>SALERNITANI</span> 
     </span>
    </p>
   </div>
   <div class='ocr_carea' id='block_1_8' title="bbox 165 363 2011 465">
    <p class='ocr_par' dir='ltr' id='par_1_8' title="bbox 165 363 2011 465">
     <span class='ocr_line' id='line_1_8' title="bbox 166 363 2009 413; baseline -0.003 -11"><span class='ocrx_word' id='word_1_11' title='bbox 166 370 182 387; x_wconf 74' lang='lat'><strong>⁴</strong></span> <span class='ocrx_word' id='word_1_12' title='bbox 194 368 372 412; x_wconf 80' lang='lat' dir='ltr'><strong>poralibus</strong></span> <span class='ocrx_word' id='word_1_13' title='bbox 393 368 539 402; x_wconf 90' lang='lat' dir='ltr'><strong>obedire</strong></span> <span class='ocrx_word' id='word_1_14' title='bbox 563 375 599 403; x_wconf 87' lang='lat' dir='ltr'><strong>et</strong></span> <span class='ocrx_word' id='word_1_15' title='bbox 620 380 684 413; x_wconf 90' lang='lat' dir='ltr'><strong>pro</strong></span> <span class='ocrx_word' id='word_1_16' title='bbox 706 368 894 413; x_wconf 85' lang='lat' dir='ltr'><strong>regalibus,</strong></span> <span class='ocrx_word' id='word_1_17' title='bbox 917 378 985 412; x_wconf 88' lang='lat' dir='ltr'><strong>que</strong></span> <span class='ocrx_word' id='word_1_18' title='bbox 1009 374 1177 407; x_wconf 89' lang='lat' dir='ltr'><strong>tenemus,</strong></span> <span class='ocrx_word' id='word_1_19' title='bbox 1200 371 1404 399; x_wconf 87' lang='lat' dir='ltr'><strong>consuetum</strong></span> <span class='ocrx_word' id='word_1_20' title='bbox 1427 365 1527 399; x_wconf 86' lang='lat' dir='ltr'><strong>uobis</strong></span> <span class='ocrx_word' id='word_1_21' title='bbox 1547 364 1727 399; x_wconf 85' lang='lat' dir='ltr'><strong>seruitium</strong></span> <span class='ocrx_word' id='word_1_22' title='bbox 1751 364 1882 398; x_wconf 78' lang='lat' dir='ltr'><strong>facere.</strong></span> <span class='ocrx_word' id='word_1_23' title='bbox 1928 363 2009 398; x_wconf 89' lang='lat' dir='ltr'><strong>&#39;Sed</strong></span> 
     </span>
     <span class='ocr_line' id='line_1_9' title="bbox 165 416 2011 465; baseline -0.002 -11"><span class='ocrx_word' id='word_1_24' title='bbox 165 419 277 465; x_wconf 79' lang='lat' dir='ltr'><strong>“quia</strong></span> <span class='ocrx_word' id='word_1_25' title='bbox 298 427 492 455; x_wconf 85' lang='lat' dir='ltr'><strong>nostrorum</strong></span> <span class='ocrx_word' id='word_1_26' title='bbox 514 422 598 455; x_wconf 88' lang='lat' dir='ltr'><strong>estis</strong></span> <span class='ocrx_word' id='word_1_27' title='bbox 621 431 818 465; x_wconf 88' lang='lat' dir='ltr'><strong>corporum,</strong></span> <span class='ocrx_word' id='word_1_28' title='bbox 841 431 912 454; x_wconf 89' lang='lat' dir='ltr'><strong>non</strong></span> <span class='ocrx_word' id='word_1_29' title='bbox 936 420 1127 453; x_wconf 83' lang='lat' dir='ltr'><strong>animarum</strong></span> <span class='ocrx_word' id='word_1_30' title='bbox 1152 419 1311 454; x_wconf 88' lang='lat' dir='ltr'><strong>dominus</strong></span> <span class='ocrx_word' id='word_1_31' title='bbox 1333 418 1491 452; x_wconf 87' lang='lat' dir='ltr'><strong>nolumus</strong></span> <span class='ocrx_word' id='word_1_32' title='bbox 1512 428 1577 462; x_wconf 89' lang='lat' dir='ltr'><strong>pro</strong></span> <span class='ocrx_word' id='word_1_33' title='bbox 1599 416 1700 451; x_wconf 91' lang='lat' dir='ltr'><strong>uobis</strong></span> <span class='ocrx_word' id='word_1_34' title='bbox 1721 417 1854 450; x_wconf 86' lang='lat' dir='ltr'><strong>animas</strong></span> <span class='ocrx_word' id='word_1_35' title='bbox 1877 423 2011 451; x_wconf 85' lang='lat' dir='ltr'><strong>nostras</strong></span> 
     </span>
    </p>
   </div>
   <div class='ocr_carea' id='block_1_9' title="bbox 166 474 979 518">
    <p class='ocr_par' dir='ltr' id='par_1_9' title="bbox 166 474 979 518">
     <span class='ocr_line' id='line_1_10' title="bbox 166 474 979 518; baseline -0.001 -11"><span class='ocrx_word' id='word_1_36' title='bbox 166 474 181 491; x_wconf 77' lang='lat'><strong>‘⁴</strong></span> <span class='ocrx_word' id='word_1_37' title='bbox 194 474 344 518; x_wconf 83' lang='lat' dir='ltr'>perdere</span> <span class='ocrx_word' id='word_1_38' title='bbox 369 479 405 507; x_wconf 88' lang='lat' dir='ltr'><strong>et</strong></span> <span class='ocrx_word' id='word_1_39' title='bbox 427 481 563 509; x_wconf 87' lang='lat' dir='ltr'><strong>terrena</strong></span> <span class='ocrx_word' id='word_1_40' title='bbox 586 474 771 508; x_wconf 78' lang='lat' dir='ltr'>celestibus</span> <span class='ocrx_word' id='word_1_41' title='bbox 794 475 979 507; x_wconf 78' lang='lat' dir='ltr'><strong>anteferre.</strong></span> 
     </span>
    </p>
   </div>
   <div class='ocr_carea' id='block_1_10' title="bbox 1026 471 2010 515">
    <p class='ocr_par' dir='ltr' id='par_1_10' title="bbox 1026 471 2010 515">
     <span class='ocr_line' id='line_1_11' title="bbox 1026 471 2010 515; baseline -0.002 -10"><span class='ocrx_word' id='word_1_42' title='bbox 1026 471 1145 511; x_wconf 87' lang='lat' dir='ltr'><strong>Quare</strong></span> <span class='ocrx_word' id='word_1_43' title='bbox 1169 477 1291 505; x_wconf 84' lang='lat' dir='ltr'><strong>noscat</strong></span> <span class='ocrx_word' id='word_1_44' title='bbox 1322 472 1511 515; x_wconf 88' lang='lat' dir='ltr'><strong>imperialis</strong></span> <span class='ocrx_word' id='word_1_45' title='bbox 1541 471 1715 509; x_wconf 88' lang='lat' dir='ltr'><strong>discretio,</strong></span> <span class='ocrx_word' id='word_1_46' title='bbox 1746 471 1841 515; x_wconf 92' lang='lat' dir='ltr'><strong>quod</strong></span> <span class='ocrx_word' id='word_1_47' title='bbox 1870 480 1935 504; x_wconf 89' lang='lat' dir='ltr'><strong>nos</strong></span> <span class='ocrx_word' id='word_1_48' title='bbox 1966 471 2010 503; x_wconf 92' lang='lat' dir='ltr'><strong>de</strong></span> 
     </span>
    </p>
   </div>
   <div class='ocr_carea' id='block_1_11' title="bbox 163 519 2015 834">
    <p class='ocr_par' dir='ltr' id='par_1_11' title="bbox 168 519 2015 625">
     <span class='ocr_line' id='line_1_12' title="bbox 168 519 2015 570; baseline -0.002 -10"><span class='ocrx_word' id='word_1_49' title='bbox 168 529 183 545; x_wconf 77' lang='lat'>⁸</span> <span class='ocrx_word' id='word_1_50' title='bbox 196 519 315 560; x_wconf 85' lang='lat' dir='ltr'><strong>c&#39;etero</strong></span> <span class='ocrx_word' id='word_1_51' title='bbox 337 526 577 560; x_wconf 85' lang='lat' dir='ltr'>Alexandrum</span> <span class='ocrx_word' id='word_1_52' title='bbox 600 528 636 560; x_wconf 91' lang='lat' dir='ltr'><strong>in</strong></span> <span class='ocrx_word' id='word_1_53' title='bbox 659 527 871 561; x_wconf 85' lang='lat' dir='ltr'><strong>catholicum</strong></span> <span class='ocrx_word' id='word_1_54' title='bbox 894 537 1019 570; x_wconf 84' lang='lat' dir='ltr'><strong>papam</strong></span> <span class='ocrx_word' id='word_1_55' title='bbox 1043 525 1239 569; x_wconf 78' lang='lat' dir='ltr'>recipimus,</span> <span class='ocrx_word' id='word_1_56' title='bbox 1255 531 1291 558; x_wconf 92' lang='lat' dir='ltr'><strong>et</strong></span> <span class='ocrx_word' id='word_1_57' title='bbox 1306 524 1338 558; x_wconf 90' lang='lat' dir='ltr'><strong>ei</strong></span> <span class='ocrx_word' id='word_1_58' title='bbox 1353 530 1391 557; x_wconf 91' lang='lat' dir='ltr'><strong>ut</strong></span> <span class='ocrx_word' id='word_1_59' title='bbox 1406 525 1497 568; x_wconf 87' lang='lat' dir='ltr'><strong>patri</strong></span> <span class='ocrx_word' id='word_1_60' title='bbox 1512 525 1549 557; x_wconf 91' lang='lat' dir='ltr'><strong>in</strong></span> <span class='ocrx_word' id='word_1_61' title='bbox 1564 523 1801 568; x_wconf 77' lang='lat' dir='ltr'><strong>spiritualibus</strong></span> <span class='ocrx_word' id='word_1_62' title='bbox 1816 524 2015 557; x_wconf 79' lang='lat' dir='ltr'><strong>obedimus.-</strong></span> 
     </span>
     <span class='ocr_line' id='line_1_13' title="bbox 169 579 1466 625; baseline -0.002 -12"><span class='ocrx_word' id='word_1_63' title='bbox 169 580 331 614; x_wconf 79' lang='lat' dir='ltr'><strong>“Idolum</strong></span> <span class='ocrx_word' id='word_1_64' title='bbox 353 590 439 613; x_wconf 90' lang='lat' dir='ltr'><strong>uero</strong></span> <span class='ocrx_word' id='word_1_65' title='bbox 453 581 476 620; x_wconf 84' lang='lat'><strong>²,</strong></span> <span class='ocrx_word' id='word_1_66' title='bbox 500 581 596 625; x_wconf 88' lang='lat' dir='ltr'><strong>quod</strong></span> <span class='ocrx_word' id='word_1_67' title='bbox 618 580 776 614; x_wconf 86' lang='lat' dir='ltr'><strong>erexistis</strong></span> <span class='ocrx_word' id='word_1_68' title='bbox 798 581 835 613; x_wconf 89' lang='lat' dir='ltr'><strong>in</strong></span> <span class='ocrx_word' id='word_1_69' title='bbox 857 580 998 619; x_wconf 57' lang='lat' dir='ltr'><strong>Tusch,</strong></span> <span class='ocrx_word' id='word_1_70' title='bbox 1022 579 1216 612; x_wconf 78' lang='lat' dir='ltr'><strong>nullatenus</strong></span> <span class='ocrx_word' id='word_1_71' title='bbox 1239 579 1422 612; x_wconf 87' lang='lat' dir='ltr'><strong>adoramus</strong></span> <span class='ocrx_word' id='word_1_72' title='bbox 1436 602 1466 619; x_wconf 89' lang='lat'><strong>„.</strong></span> 
     </span>
    </p>

    <p class='ocr_par' dir='ltr' id='par_1_12' title="bbox 163 630 2012 834">
     <span class='ocr_line' id='line_1_14' title="bbox 253 630 2011 677; baseline -0.002 -10"><span class='ocrx_word' id='word_1_73' title='bbox 253 631 390 671; x_wconf 85' lang='lat' dir='ltr'><strong>Quibus</strong></span> <span class='ocrx_word' id='word_1_74' title='bbox 412 634 550 672; x_wconf 83' lang='lat' dir='ltr'><strong>auditis,</strong></span> <span class='ocrx_word' id='word_1_75' title='bbox 572 634 769 677; x_wconf 86' lang='lat' dir='ltr'><strong>imperator,</strong></span> <span class='ocrx_word' id='word_1_76' title='bbox 794 638 961 676; x_wconf 80' lang='lat' dir='ltr'><strong>operante</strong></span> <span class='ocrx_word' id='word_1_77' title='bbox 985 643 1039 672; x_wconf 87' lang='lat' dir='ltr'><strong>eo,</strong></span> <span class='ocrx_word' id='word_1_78' title='bbox 1063 633 1122 676; x_wconf 90' lang='lat' dir='ltr'><strong>qui</strong></span> <span class='ocrx_word' id='word_1_79' title='bbox 1145 632 1253 665; x_wconf 85' lang='lat' dir='ltr'><strong>corda</strong></span> <span class='ocrx_word' id='word_1_80' title='bbox 1274 632 1483 674; x_wconf 86' lang='lat' dir='ltr'><strong>principum,</strong></span> <span class='ocrx_word' id='word_1_81' title='bbox 1505 632 1594 665; x_wconf 89' lang='lat' dir='ltr'><strong>sicut</strong></span> <span class='ocrx_word' id='word_1_82' title='bbox 1616 631 1691 664; x_wconf 88' lang='lat' dir='ltr'><strong>uult</strong></span> <span class='ocrx_word' id='word_1_83' title='bbox 1714 637 1749 663; x_wconf 89' lang='lat' dir='ltr'><strong>et</strong></span> <span class='ocrx_word' id='word_1_84' title='bbox 1772 630 1911 674; x_wconf 84' lang='lat' dir='ltr'><strong>quando</strong></span> <span class='ocrx_word' id='word_1_85' title='bbox 1926 631 2011 670; x_wconf 87' lang='lat' dir='ltr'><strong>uult,</strong></span> 
     </span>
     <span class='ocr_line' id='line_1_15' title="bbox 164 683 2011 729; baseline -0.002 -10"><span class='ocrx_word' id='word_1_86' title='bbox 164 686 321 719; x_wconf 87' lang='lat' dir='ltr'><strong>humiliat</strong></span> <span class='ocrx_word' id='word_1_87' title='bbox 342 692 378 719; x_wconf 89' lang='lat' dir='ltr'><strong>et</strong></span> <span class='ocrx_word' id='word_1_88' title='bbox 399 686 557 725; x_wconf 87' lang='lat' dir='ltr'><strong>inclinat,</strong></span> <span class='ocrx_word' id='word_1_89' title='bbox 581 687 720 728; x_wconf 77' lang='lat' dir='ltr'><strong>leonina</strong></span> <span class='ocrx_word' id='word_1_90' title='bbox 742 687 883 719; x_wconf 77' lang='lat' dir='ltr'><strong>feritate</strong></span> <span class='ocrx_word' id='word_1_91' title='bbox 906 686 1064 729; x_wconf 83' lang='lat' dir='ltr'><strong>deposita</strong></span> <span class='ocrx_word' id='word_1_92' title='bbox 1088 685 1223 718; x_wconf 88' lang='lat' dir='ltr'><strong>ouinam</strong></span> <span class='ocrx_word' id='word_1_93' title='bbox 1248 685 1548 718; x_wconf 84' lang='lat' dir='ltr'><strong>mansuetudinem</strong></span> <span class='ocrx_word' id='word_1_94' title='bbox 1571 685 1695 723; x_wconf 88' lang='lat' dir='ltr'><strong>induit,</strong></span> <span class='ocrx_word' id='word_1_95' title='bbox 1719 690 1754 718; x_wconf 92' lang='lat' dir='ltr'><strong>et</strong></span> <span class='ocrx_word' id='word_1_96' title='bbox 1768 684 1820 717; x_wconf 89' lang='lat' dir='ltr'><strong>eis</strong></span> <span class='ocrx_word' id='word_1_97' title='bbox 1834 683 2011 717; x_wconf 84' lang='lat' dir='ltr'><strong>humiliter</strong></span> 
     </span>
     <span class='ocr_line' id='line_1_16' title="bbox 163 737 2010 783; baseline -0.001 -11"><span class='ocrx_word' id='word_1_98' title='bbox 163 744 199 772; x_wconf 82' lang='lat' dir='ltr'><strong>et</strong></span> <span class='ocrx_word' id='word_1_99' title='bbox 221 738 372 783; x_wconf 82' lang='lat' dir='ltr'><strong>benigne</strong></span> <span class='ocrx_word' id='word_1_100' title='bbox 395 739 601 782; x_wconf 79' lang='lat' dir='ltr'><strong>respondit’</strong></span> <span class='ocrx_word' id='word_1_101' title='bbox 625 739 762 773; x_wconf 86' lang='lat' dir='ltr'><strong>dicens:</strong></span> <span class='ocrx_word' id='word_1_102' title='bbox 793 739 951 772; x_wconf 83' lang='lat' dir='ltr'><strong>“Noscat</strong></span> <span class='ocrx_word' id='word_1_103' title='bbox 974 744 1088 771; x_wconf 87' lang='lat' dir='ltr'><strong>uestra</strong></span> <span class='ocrx_word' id='word_1_104' title='bbox 1110 737 1268 775; x_wconf 80' lang='lat' dir='ltr'><strong>fidelitas,</strong></span> <span class='ocrx_word' id='word_1_105' title='bbox 1292 738 1516 778; x_wconf 78' lang='lat' dir='ltr'><strong>dilectissimi,</strong></span> <span class='ocrx_word' id='word_1_106' title='bbox 1530 738 1625 781; x_wconf 91' lang='lat' dir='ltr'><strong>quod</strong></span> <span class='ocrx_word' id='word_1_107' title='bbox 1640 749 1712 770; x_wconf 92' lang='lat' dir='ltr'><strong>non</strong></span> <span class='ocrx_word' id='word_1_108' title='bbox 1728 743 1780 770; x_wconf 88' lang='lat' dir='ltr'><strong>est</strong></span> <span class='ocrx_word' id='word_1_109' title='bbox 1795 747 1871 769; x_wconf 93' lang='lat' dir='ltr'><strong>mee</strong></span> <span class='ocrx_word' id='word_1_110' title='bbox 1887 737 2010 770; x_wconf 88' lang='lat' dir='ltr'><strong>uolun-</strong></span> 
     </span>
     <span class='ocr_line' id='line_1_17' title="bbox 170 789 2012 834; baseline -0.001 -10"><span class='ocrx_word' id='word_1_111' title='bbox 170 792 279 825; x_wconf 83' lang='lat' dir='ltr'><strong>“tatis</strong></span> <span class='ocrx_word' id='word_1_112' title='bbox 301 792 483 825; x_wconf 90' lang='lat' dir='ltr'><strong>consilium</strong></span> <span class='ocrx_word' id='word_1_113' title='bbox 507 798 658 825; x_wconf 88' lang='lat' dir='ltr'><strong>uestrum</strong></span> <span class='ocrx_word' id='word_1_114' title='bbox 682 793 855 831; x_wconf 87' lang='lat' dir='ltr'><strong>deserere,</strong></span> <span class='ocrx_word' id='word_1_115' title='bbox 879 798 914 825; x_wconf 88' lang='lat' dir='ltr'><strong>et</strong></span> <span class='ocrx_word' id='word_1_116' title='bbox 935 792 1033 834; x_wconf 88' lang='lat' dir='ltr'><strong>pacis</strong></span> <span class='ocrx_word' id='word_1_117' title='bbox 1055 801 1119 834; x_wconf 90' lang='lat' dir='ltr'><strong>per</strong></span> <span class='ocrx_word' id='word_1_118' title='bbox 1140 801 1204 824; x_wconf 89' lang='lat' dir='ltr'><strong>uos</strong></span> <span class='ocrx_word' id='word_1_119' title='bbox 1224 795 1369 824; x_wconf 86' lang='lat' dir='ltr'><strong>tractate</strong></span> <span class='ocrx_word' id='word_1_120' title='bbox 1392 790 1608 833; x_wconf 88' lang='lat' dir='ltr'><strong>propositum</strong></span> <span class='ocrx_word' id='word_1_121' title='bbox 1631 791 1772 829; x_wconf 85' lang='lat' dir='ltr'><strong>euitare,</strong></span> <span class='ocrx_word' id='word_1_122' title='bbox 1795 789 1879 834; x_wconf 90' lang='lat' dir='ltr'><strong>quin</strong></span> <span class='ocrx_word' id='word_1_123' title='bbox 1895 789 2012 833; x_wconf 88' lang='lat' dir='ltr'><strong>potius</strong></span> 
     </span>
    </p>
   </div>
   <div class='ocr_carea' id='block_1_12' title="bbox 44 839 2012 888">
    <p class='ocr_par' dir='ltr' id='par_1_13' title="bbox 44 839 2012 888">
     <span class='ocr_line' id='line_1_18' title="bbox 44 839 2012 888; baseline -0.001 -11"><span class='ocrx_word' id='word_1_124' title='bbox 44 839 46 842; x_wconf 64' lang='grc'>’</span> <span class='ocrx_word' id='word_1_125' title='bbox 101 845 141 878; x_wconf 86' lang='lat'><strong>10</strong></span> <span class='ocrx_word' id='word_1_126' title='bbox 169 845 358 878; x_wconf 81' lang='lat' dir='ltr'><strong>“uolumus</strong></span> <span class='ocrx_word' id='word_1_127' title='bbox 381 854 434 884; x_wconf 82' lang='lat' dir='ltr'><strong>ea,</strong></span> <span class='ocrx_word' id='word_1_128' title='bbox 458 855 526 888; x_wconf 91' lang='lat' dir='ltr'><strong>que</strong></span> <span class='ocrx_word' id='word_1_129' title='bbox 549 850 666 879; x_wconf 88' lang='lat' dir='ltr'><strong>uestro</strong></span> <span class='ocrx_word' id='word_1_130' title='bbox 689 850 767 877; x_wconf 87' lang='lat' dir='ltr'><strong>sunt</strong></span> <span class='ocrx_word' id='word_1_131' title='bbox 789 844 952 878; x_wconf 87' lang='lat' dir='ltr'><strong>ordinata</strong></span> <span class='ocrx_word' id='word_1_132' title='bbox 975 843 1131 881; x_wconf 88' lang='lat' dir='ltr'><strong>consilio,</strong></span> <span class='ocrx_word' id='word_1_133' title='bbox 1153 843 1296 876; x_wconf 83' lang='lat' dir='ltr'><strong>firmiter</strong></span> <span class='ocrx_word' id='word_1_134' title='bbox 1319 843 1518 876; x_wconf 86' lang='lat' dir='ltr'><strong>observare.</strong></span> <span class='ocrx_word' id='word_1_135' title='bbox 1563 843 1613 876; x_wconf 91' lang='lat' dir='ltr'><strong>Ut</strong></span> <span class='ocrx_word' id='word_1_136' title='bbox 1628 849 1743 876; x_wconf 90' lang='lat' dir='ltr'><strong>autem</strong></span> <span class='ocrx_word' id='word_1_137' title='bbox 1759 854 1780 876; x_wconf 91' lang='lat' dir='ltr'><strong>a</strong></span> <span class='ocrx_word' id='word_1_138' title='bbox 1794 843 1918 876; x_wconf 86' lang='lat' dir='ltr'><strong>uestris</strong></span> <span class='ocrx_word' id='word_1_139' title='bbox 1935 853 2012 876; x_wconf 89' lang='lat' dir='ltr'><strong>cor-</strong></span> 
     </span>
    </p>
   </div>
   <div class='ocr_carea' id='block_1_13' title="bbox 101 895 2013 1151">
    <p class='ocr_par' dir='ltr' id='par_1_14' title="bbox 101 895 2013 1151">
     <span class='ocr_line' id='line_1_19' title="bbox 166 895 2012 941; baseline -0.001 -11"><span class='ocrx_word' id='word_1_140' title='bbox 166 899 181 914; x_wconf 81' lang='lat'><strong>“</strong></span> <span class='ocrx_word' id='word_1_141' title='bbox 197 897 301 931; x_wconf 86' lang='lat' dir='ltr'><strong>dibus</strong></span> <span class='ocrx_word' id='word_1_142' title='bbox 325 899 437 931; x_wconf 87' lang='lat' dir='ltr'><strong>omnis</strong></span> <span class='ocrx_word' id='word_1_143' title='bbox 459 908 563 941; x_wconf 82' lang='lat' dir='ltr'><strong>super</strong></span> <span class='ocrx_word' id='word_1_144' title='bbox 586 898 653 931; x_wconf 87' lang='lat' dir='ltr'><strong>hoc</strong></span> <span class='ocrx_word' id='word_1_145' title='bbox 677 897 900 931; x_wconf 87' lang='lat' dir='ltr'><strong>dubitationis</strong></span> <span class='ocrx_word' id='word_1_146' title='bbox 922 896 1103 940; x_wconf 87' lang='lat' dir='ltr'><strong>scrupulus</strong></span> <span class='ocrx_word' id='word_1_147' title='bbox 1126 896 1342 935; x_wconf 85' lang='lat' dir='ltr'><strong>excludatur,</strong></span> <span class='ocrx_word' id='word_1_148' title='bbox 1367 897 1486 930; x_wconf 90' lang='lat' dir='ltr'><strong>comiti</strong></span> <span class='ocrx_word' id='word_1_149' title='bbox 1509 897 1663 930; x_wconf 86' lang='lat' dir='ltr'><strong>Henrico</strong></span> <span class='ocrx_word' id='word_1_150' title='bbox 1686 895 1731 930; x_wconf 83' lang='lat' dir='ltr'><strong>de</strong></span> <span class='ocrx_word' id='word_1_151' title='bbox 1763 897 1887 929; x_wconf 87' lang='lat' dir='ltr'><strong>Diessa</strong></span> <span class='ocrx_word' id='word_1_152' title='bbox 1898 896 1921 935; x_wconf 78' lang='lat'><strong>⁸,</strong></span> <span class='ocrx_word' id='word_1_153' title='bbox 1952 897 2012 940; x_wconf 91' lang='lat' dir='ltr'><strong>qui</strong></span> 
     </span>
     <span class='ocr_line' id='line_1_20' title="bbox 169 949 2011 994; baseline -0.001 -11"><span class='ocrx_word' id='word_1_154' title='bbox 169 953 248 983; x_wconf 82' lang='lat' dir='ltr'><strong>“est</strong></span> <span class='ocrx_word' id='word_1_155' title='bbox 271 951 306 983; x_wconf 86' lang='lat' dir='ltr'><strong>in</strong></span> <span class='ocrx_word' id='word_1_156' title='bbox 330 951 594 994; x_wconf 76' lang='lat' dir='ltr'><strong>presentiarum,</strong></span> <span class='ocrx_word' id='word_1_157' title='bbox 617 951 839 994; x_wconf 84' lang='lat' dir='ltr'><strong>precipimus,</strong></span> <span class='ocrx_word' id='word_1_158' title='bbox 861 955 899 983; x_wconf 91' lang='lat' dir='ltr'><strong>ut</strong></span> <span class='ocrx_word' id='word_1_159' title='bbox 920 949 1100 983; x_wconf 88' lang='lat' dir='ltr'><strong>uobiscum</strong></span> <span class='ocrx_word' id='word_1_160' title='bbox 1124 955 1159 982; x_wconf 92' lang='lat' dir='ltr'><strong>et</strong></span> <span class='ocrx_word' id='word_1_161' title='bbox 1181 960 1259 983; x_wconf 87' lang='lat' dir='ltr'><strong>cum</strong></span> <span class='ocrx_word' id='word_1_162' title='bbox 1283 949 1518 983; x_wconf 79' lang='lat' dir='ltr'><strong>cardinalibus</strong></span> <span class='ocrx_word' id='word_1_163' title='bbox 1539 950 1708 983; x_wconf 71' lang='lat' dir='ltr'><strong>Uenetiae</strong></span> <span class='ocrx_word' id='word_1_164' title='bbox 1723 949 1878 989; x_wconf 84' lang='lat' dir='ltr'><strong>ueniens,</strong></span> <span class='ocrx_word' id='word_1_165' title='bbox 1895 959 2011 982; x_wconf 89' lang='lat' dir='ltr'><strong>coram</strong></span> 
     </span>
     <span class='ocr_line' id='line_1_21' title="bbox 168 1002 2011 1046; baseline -0.001 -10"><span class='ocrx_word' id='word_1_166' title='bbox 168 1005 290 1046; x_wconf 81' lang='lat' dir='ltr'><strong>“papa</strong></span> <span class='ocrx_word' id='word_1_167' title='bbox 312 1003 347 1035; x_wconf 86' lang='lat' dir='ltr'><strong>in</strong></span> <span class='ocrx_word' id='word_1_168' title='bbox 372 1003 485 1036; x_wconf 85' lang='lat' dir='ltr'><strong>anima</strong></span> <span class='ocrx_word' id='word_1_169' title='bbox 507 1015 585 1036; x_wconf 88' lang='lat' dir='ltr'><strong>mea</strong></span> <span class='ocrx_word' id='word_1_170' title='bbox 608 1004 708 1042; x_wconf 88' lang='lat' dir='ltr'><strong>iuret,</strong></span> <span class='ocrx_word' id='word_1_171' title='bbox 732 1004 827 1046; x_wconf 87' lang='lat' dir='ltr'><strong>quod</strong></span> <span class='ocrx_word' id='word_1_172' title='bbox 849 1013 893 1036; x_wconf 88' lang='lat' dir='ltr'><strong>ex</strong></span> <span class='ocrx_word' id='word_1_173' title='bbox 916 1013 984 1046; x_wconf 88' lang='lat' dir='ltr'><strong>quo</strong></span> <span class='ocrx_word' id='word_1_174' title='bbox 1007 1002 1175 1037; x_wconf 86' lang='lat' dir='ltr'><strong>Uenetias</strong></span> <span class='ocrx_word' id='word_1_175' title='bbox 1197 1003 1384 1041; x_wconf 80' lang='lat' dir='ltr'><strong>intrauere,</strong></span> <span class='ocrx_word' id='word_1_176' title='bbox 1409 1003 1446 1035; x_wconf 88' lang='lat' dir='ltr'><strong>in</strong></span> <span class='ocrx_word' id='word_1_177' title='bbox 1468 1002 1586 1035; x_wconf 82' lang='lat' dir='ltr'><strong>anima</strong></span> <span class='ocrx_word' id='word_1_178' title='bbox 1617 1013 1696 1036; x_wconf 89' lang='lat' dir='ltr'><strong>mea</strong></span> <span class='ocrx_word' id='word_1_179' title='bbox 1725 1002 1840 1035; x_wconf 85' lang='lat' dir='ltr'><strong>iurare</strong></span> <span class='ocrx_word' id='word_1_180' title='bbox 1871 1003 2011 1041; x_wconf 82' lang='lat' dir='ltr'><strong>faciam,</strong></span> 
     </span>
     <span class='ocr_line' id='line_1_22' title="bbox 169 1055 2013 1100; baseline -0.001 -11"><span class='ocrx_word' id='word_1_181' title='bbox 169 1060 184 1074; x_wconf 74' lang='lat'><strong>‘⁶</strong></span> <span class='ocrx_word' id='word_1_182' title='bbox 200 1057 295 1100; x_wconf 87' lang='lat' dir='ltr'><strong>quod</strong></span> <span class='ocrx_word' id='word_1_183' title='bbox 317 1067 442 1100; x_wconf 87' lang='lat' dir='ltr'><strong>pacem</strong></span> <span class='ocrx_word' id='word_1_184' title='bbox 466 1056 615 1089; x_wconf 84' lang='lat' dir='ltr'><strong>ecclesie</strong></span> <span class='ocrx_word' id='word_1_185' title='bbox 639 1062 676 1089; x_wconf 87' lang='lat' dir='ltr'><strong>et</strong></span> <span class='ocrx_word' id='word_1_186' title='bbox 697 1057 847 1100; x_wconf 89' lang='lat' dir='ltr'><strong>imperii,</strong></span> <span class='ocrx_word' id='word_1_187' title='bbox 869 1056 964 1100; x_wconf 83' lang='lat' dir='ltr'><strong>regis</strong></span> <span class='ocrx_word' id='word_1_188' title='bbox 987 1056 1109 1089; x_wconf 86' lang='lat' dir='ltr'><strong>Sicilie</strong></span> <span class='ocrx_word' id='word_1_189' title='bbox 1132 1062 1168 1089; x_wconf 87' lang='lat' dir='ltr'><strong>et</strong></span> <span class='ocrx_word' id='word_1_190' title='bbox 1189 1055 1478 1093; x_wconf 85' lang='lat' dir='ltr'><strong>Lombardorum,</strong></span> <span class='ocrx_word' id='word_1_191' title='bbox 1500 1055 1588 1088; x_wconf 90' lang='lat' dir='ltr'><strong>sicut</strong></span> <span class='ocrx_word' id='word_1_192' title='bbox 1611 1056 1779 1099; x_wconf 90' lang='lat' dir='ltr'><strong>disposita</strong></span> <span class='ocrx_word' id='word_1_193' title='bbox 1803 1062 1854 1088; x_wconf 88' lang='lat' dir='ltr'><strong>est</strong></span> <span class='ocrx_word' id='word_1_194' title='bbox 1877 1062 1912 1088; x_wconf 90' lang='lat' dir='ltr'><strong>et</strong></span> <span class='ocrx_word' id='word_1_195' title='bbox 1942 1061 2013 1089; x_wconf 87' lang='lat' dir='ltr'><strong>tra-</strong></span> 
     </span>
     <span class='ocr_line' id='line_1_23' title="bbox 101 1109 2013 1151; baseline 0 -9"><span class='ocrx_word' id='word_1_196' title='bbox 101 1109 138 1143; x_wconf 87' lang='lat'><strong>15</strong></span> <span class='ocrx_word' id='word_1_197' title='bbox 168 1111 182 1127; x_wconf 77' lang='lat'><strong>‘⁴</strong></span> <span class='ocrx_word' id='word_1_198' title='bbox 196 1115 300 1147; x_wconf 75' lang='lat' dir='ltr'><strong>crata,</strong></span> <span class='ocrx_word' id='word_1_199' title='bbox 324 1109 467 1143; x_wconf 86' lang='lat' dir='ltr'><strong>firmiter</strong></span> <span class='ocrx_word' id='word_1_200' title='bbox 489 1109 695 1147; x_wconf 83' lang='lat' dir='ltr'><strong>obsemabo,</strong></span> <span class='ocrx_word' id='word_1_201' title='bbox 719 1115 756 1143; x_wconf 88' lang='lat' dir='ltr'><strong>et</strong></span> <span class='ocrx_word' id='word_1_202' title='bbox 778 1109 823 1142; x_wconf 89' lang='lat' dir='ltr'><strong>de</strong></span> <span class='ocrx_word' id='word_1_203' title='bbox 847 1119 888 1141; x_wconf 89' lang='lat' dir='ltr'><strong>ea</strong></span> <span class='ocrx_word' id='word_1_204' title='bbox 911 1109 1131 1142; x_wconf 87' lang='lat' dir='ltr'><strong>obseruanda</strong></span> <span class='ocrx_word' id='word_1_205' title='bbox 1154 1114 1322 1151; x_wconf 84' lang='lat' dir='ltr'><strong>precepto</strong></span> <span class='ocrx_word' id='word_1_206' title='bbox 1346 1115 1464 1142; x_wconf 89' lang='lat' dir='ltr'><strong>nostro</strong></span> <span class='ocrx_word' id='word_1_207' title='bbox 1489 1109 1673 1142; x_wconf 89' lang='lat' dir='ltr'><strong>duodecim</strong></span> <span class='ocrx_word' id='word_1_208' title='bbox 1697 1109 1877 1151; x_wconf 89' lang='lat' dir='ltr'><strong>principes</strong></span> <span class='ocrx_word' id='word_1_209' title='bbox 1908 1110 2013 1143; x_wconf 85' lang='lat' dir='ltr'><strong>nostri</strong></span> 
     </span>
    </p>
   </div>
   <div class='ocr_carea' id='block_1_14' title="bbox 171 1162 831 1205">
    <p class='ocr_par' dir='ltr' id='par_1_15' title="bbox 171 1162 831 1205">
     <span class='ocr_line' id='line_1_24' title="bbox 171 1162 831 1205; baseline 0 -10"><span class='ocrx_word' id='word_1_210' title='bbox 171 1164 186 1181; x_wconf 75' lang='lat'><strong>¹⁴</strong></span> <span class='ocrx_word' id='word_1_211' title='bbox 197 1162 310 1195; x_wconf 89' lang='lat' dir='ltr'><strong>simile</strong></span> <span class='ocrx_word' id='word_1_212' title='bbox 331 1163 561 1196; x_wconf 87' lang='lat' dir='ltr'><strong>iuramentum</strong></span> <span class='ocrx_word' id='word_1_213' title='bbox 583 1162 787 1205; x_wconf 75' lang='lat' dir='ltr'><strong>prestabant</strong></span> <span class='ocrx_word' id='word_1_214' title='bbox 800 1186 831 1203; x_wconf 85' lang='lat'><strong>„.</strong></span> 
     </span>
    </p>
   </div>
   <div class='ocr_carea' id='block_1_15' title="bbox 165 1215 2012 1312">
    <p class='ocr_par' dir='ltr' id='par_1_16' title="bbox 165 1215 2012 1312">
     <span class='ocr_line' id='line_1_25' title="bbox 220 1215 2011 1259; baseline -0.001 -10"><span class='ocrx_word' id='word_1_215' title='bbox 220 1246 222 1249; x_wconf 80' lang='grc'>,</span> <span class='ocrx_word' id='word_1_216' title='bbox 253 1215 494 1249; x_wconf 86' lang='lat' dir='ltr'><strong>Cancellarius</strong></span> <span class='ocrx_word' id='word_1_217' title='bbox 517 1221 631 1248; x_wconf 88' lang='lat' dir='ltr'><strong>autem</strong></span> <span class='ocrx_word' id='word_1_218' title='bbox 655 1221 690 1248; x_wconf 89' lang='lat' dir='ltr'><strong>et</strong></span> <span class='ocrx_word' id='word_1_219' title='bbox 713 1215 838 1259; x_wconf 88' lang='lat' dir='ltr'><strong>reliqui</strong></span> <span class='ocrx_word' id='word_1_220' title='bbox 862 1215 1071 1249; x_wconf 78' lang='lat' dir='ltr'><strong>mediatores</strong></span> <span class='ocrx_word' id='word_1_221' title='bbox 1093 1215 1192 1258; x_wconf 85' lang='lat' dir='ltr'><strong>pacis</strong></span> <span class='ocrx_word' id='word_1_222' title='bbox 1215 1226 1292 1248; x_wconf 90' lang='lat' dir='ltr'><strong>cum</strong></span> <span class='ocrx_word' id='word_1_223' title='bbox 1317 1215 1550 1248; x_wconf 84' lang='lat' dir='ltr'><strong>cardinalibus</strong></span> <span class='ocrx_word' id='word_1_224' title='bbox 1573 1215 1639 1248; x_wconf 86' lang='lat' dir='ltr'><strong>hec</strong></span> <span class='ocrx_word' id='word_1_225' title='bbox 1663 1216 1846 1248; x_wconf 86' lang='lat' dir='ltr'><strong>audientes</strong></span> <span class='ocrx_word' id='word_1_226' title='bbox 1869 1215 2011 1248; x_wconf 87' lang='lat' dir='ltr'><strong>multum</strong></span> 
     </span>
     <span class='ocr_line' id='line_1_26' title="bbox 165 1268 2012 1312; baseline -0.001 -10"><span class='ocrx_word' id='word_1_227' title='bbox 165 1269 227 1302; x_wconf 85' lang='lat' dir='ltr'><strong>leti</strong></span> <span class='ocrx_word' id='word_1_228' title='bbox 249 1268 380 1307; x_wconf 85' lang='lat' dir='ltr'><strong>effecti,</strong></span> <span class='ocrx_word' id='word_1_229' title='bbox 404 1269 531 1301; x_wconf 74' lang='lat' dir='ltr'><strong>festino</strong></span> <span class='ocrx_word' id='word_1_230' title='bbox 550 1278 670 1312; x_wconf 86' lang='lat' dir='ltr'><strong>gressu</strong></span> <span class='ocrx_word' id='word_1_231' title='bbox 692 1268 860 1301; x_wconf 83' lang='lat' dir='ltr'><strong>Uenetias</strong></span> <span class='ocrx_word' id='word_1_232' title='bbox 882 1268 1076 1307; x_wconf 87' lang='lat' dir='ltr'><strong>redeuntes,</strong></span> <span class='ocrx_word' id='word_1_233' title='bbox 1099 1278 1142 1300; x_wconf 89' lang='lat' dir='ltr'><strong>ea</strong></span> <span class='ocrx_word' id='word_1_234' title='bbox 1157 1279 1225 1312; x_wconf 88' lang='lat' dir='ltr'><strong>que</strong></span> <span class='ocrx_word' id='word_1_235' title='bbox 1242 1268 1285 1301; x_wconf 91' lang='lat' dir='ltr'><strong>ab</strong></span> <span class='ocrx_word' id='word_1_236' title='bbox 1300 1268 1508 1312; x_wconf 86' lang='lat' dir='ltr'><strong>imperatore</strong></span> <span class='ocrx_word' id='word_1_237' title='bbox 1524 1268 1619 1301; x_wconf 87' lang='lat' dir='ltr'><strong>dicta</strong></span> <span class='ocrx_word' id='word_1_238' title='bbox 1634 1274 1669 1301; x_wconf 92' lang='lat' dir='ltr'><strong>et</strong></span> <span class='ocrx_word' id='word_1_239' title='bbox 1685 1269 1846 1311; x_wconf 88' lang='lat' dir='ltr'><strong>ordinata</strong></span> <span class='ocrx_word' id='word_1_240' title='bbox 1861 1269 2012 1306; x_wconf 73' lang='lat' dir='ltr'><strong>fuerant,</strong></span> 
     </span>
    </p>
   </div>
   <div class='ocr_carea' id='block_1_16' title="bbox 164 1321 750 1364">
    <p class='ocr_par' dir='ltr' id='par_1_17' title="bbox 164 1321 750 1364">
     <span class='ocr_line' id='line_1_27' title="bbox 164 1321 750 1364; baseline 0 -10"><span class='ocrx_word' id='word_1_241' title='bbox 164 1331 256 1364; x_wconf 86' lang='lat' dir='ltr'><strong>pape</strong></span> <span class='ocrx_word' id='word_1_242' title='bbox 280 1331 343 1364; x_wconf 88' lang='lat' dir='ltr'><strong>per</strong></span> <span class='ocrx_word' id='word_1_243' title='bbox 366 1322 525 1355; x_wconf 91' lang='lat' dir='ltr'><strong>ordinem</strong></span> <span class='ocrx_word' id='word_1_244' title='bbox 548 1321 750 1354; x_wconf 82' lang='lat' dir='ltr'><strong>retulerunt.</strong></span> 
     </span>
    </p>
   </div>
   <div class='ocr_carea' id='block_1_17' title="bbox 33 1320 2012 1417">
    <p class='ocr_par' dir='ltr' id='par_1_18' title="bbox 33 1320 2012 1417">
     <span class='ocr_line' id='line_1_28' title="bbox 45 1320 2012 1366; baseline 0.001 -13"><span class='ocrx_word' id='word_1_245' title='bbox 45 1359 47 1362; x_wconf 15' lang='lat' dir='ltr'>y</span> <span class='ocrx_word' id='word_1_246' title='bbox 798 1320 871 1360; x_wconf 83' lang='lat' dir='ltr'><strong>Qui</strong></span> <span class='ocrx_word' id='word_1_247' title='bbox 892 1321 1058 1364; x_wconf 88' lang='lat' dir='ltr'><strong>protinus&#39;</strong></span> <span class='ocrx_word' id='word_1_248' title='bbox 1081 1331 1144 1364; x_wconf 90' lang='lat' dir='ltr'><strong>per</strong></span> <span class='ocrx_word' id='word_1_249' title='bbox 1169 1321 1308 1354; x_wconf 87' lang='lat' dir='ltr'><strong>nuntios</strong></span> <span class='ocrx_word' id='word_1_250' title='bbox 1338 1331 1418 1354; x_wconf 90' lang='lat' dir='ltr'><strong>suos</strong></span> <span class='ocrx_word' id='word_1_251' title='bbox 1448 1327 1605 1354; x_wconf 88' lang='lat' dir='ltr'><strong>rectores</strong></span> <span class='ocrx_word' id='word_1_252' title='bbox 1635 1321 1856 1360; x_wconf 87' lang='lat' dir='ltr'><strong>Lombardie,</strong></span> <span class='ocrx_word' id='word_1_253' title='bbox 1887 1323 1945 1366; x_wconf 91' lang='lat' dir='ltr'><strong>qui</strong></span> <span class='ocrx_word' id='word_1_254' title='bbox 1977 1321 2012 1353; x_wconf 89' lang='lat' dir='ltr'><strong>in</strong></span> 
     </span>
     <span class='ocr_line' id='line_1_29' title="bbox 33 1374 1114 1417; baseline 0.003 -12"><span class='ocrx_word' id='word_1_255' title='bbox 33 1375 48 1406; x_wconf 72' lang='grc' dir='ltr'><strong>,ἱ</strong></span> <span class='ocrx_word' id='word_1_256' title='bbox 99 1376 142 1408; x_wconf 82' lang='grc'><strong>20</strong></span> <span class='ocrx_word' id='word_1_257' title='bbox 163 1380 282 1417; x_wconf 80' lang='lat' dir='ltr'><strong>partes</strong></span> <span class='ocrx_word' id='word_1_258' title='bbox 305 1374 456 1407; x_wconf 89' lang='lat' dir='ltr'><strong>Triuisie</strong></span> <span class='ocrx_word' id='word_1_259' title='bbox 479 1381 707 1412; x_wconf 84' lang='lat' dir='ltr'><strong>secesserant,</strong></span> <span class='ocrx_word' id='word_1_260' title='bbox 730 1374 900 1407; x_wconf 79' lang='lat' dir='ltr'><strong>Uenetiae</strong></span> <span class='ocrx_word' id='word_1_261' title='bbox 926 1375 1114 1408; x_wconf 88' lang='lat' dir='ltr'><strong>reuocauit.</strong></span> 
     </span>
    </p>
   </div>
   <div class='ocr_carea' id='block_1_18' title="bbox 165 1426 2015 1526">
    <p class='ocr_par' dir='ltr' id='par_1_19' title="bbox 165 1426 2015 1526">
     <span class='ocr_line' id='line_1_30' title="bbox 253 1426 2015 1472; baseline 0.001 -12"><span class='ocrx_word' id='word_1_262' title='bbox 253 1426 375 1461; x_wconf 85' lang='lat' dir='ltr'><strong>Altera</strong></span> <span class='ocrx_word' id='word_1_263' title='bbox 397 1434 512 1461; x_wconf 87' lang='lat' dir='ltr'><strong>autem</strong></span> <span class='ocrx_word' id='word_1_264' title='bbox 536 1428 593 1460; x_wconf 89' lang='lat' dir='ltr'><strong>die</strong></span> <span class='ocrx_word' id='word_1_265' title='bbox 618 1438 733 1461; x_wconf 86' lang='lat' dir='ltr'><strong>coram</strong></span> <span class='ocrx_word' id='word_1_266' title='bbox 765 1438 856 1471; x_wconf 87' lang='lat' dir='ltr'><strong>papa</strong></span> <span class='ocrx_word' id='word_1_267' title='bbox 885 1434 920 1461; x_wconf 91' lang='lat' dir='ltr'><strong>et</strong></span> <span class='ocrx_word' id='word_1_268' title='bbox 950 1428 1196 1467; x_wconf 81' lang='lat' dir='ltr'><strong>cardinalibus,</strong></span> <span class='ocrx_word' id='word_1_269' title='bbox 1227 1429 1357 1462; x_wconf 91' lang='lat' dir='ltr'><strong>nuntiis</strong></span> <span class='ocrx_word' id='word_1_270' title='bbox 1387 1439 1526 1472; x_wconf 89' lang='lat' dir='ltr'><strong>quoque</strong></span> <span class='ocrx_word' id='word_1_271' title='bbox 1556 1429 1649 1472; x_wconf 88' lang='lat' dir='ltr'><strong>regis</strong></span> <span class='ocrx_word' id='word_1_272' title='bbox 1679 1435 1715 1462; x_wconf 88' lang='lat' dir='ltr'><strong>et</strong></span> <span class='ocrx_word' id='word_1_273' title='bbox 1744 1428 1950 1463; x_wconf 87' lang='lat' dir='ltr'><strong>Lombardis</strong></span> <span class='ocrx_word' id='word_1_274' title='bbox 1980 1435 2015 1461; x_wconf 90' lang='lat' dir='ltr'><strong>et</strong></span> 
     </span>
     <span class='ocr_line' id='line_1_31' title="bbox 165 1481 2015 1526; baseline 0.001 -12"><span class='ocrx_word' id='word_1_275' title='bbox 165 1491 292 1526; x_wconf 84' lang='lat' dir='ltr'><strong>magna</strong></span> <span class='ocrx_word' id='word_1_276' title='bbox 314 1481 436 1524; x_wconf 89' lang='lat' dir='ltr'><strong>populi</strong></span> <span class='ocrx_word' id='word_1_277' title='bbox 460 1481 692 1520; x_wconf 90' lang='lat' dir='ltr'><strong>multitudine,</strong></span> <span class='ocrx_word' id='word_1_278' title='bbox 717 1491 833 1514; x_wconf 90' lang='lat' dir='ltr'><strong>comes</strong></span> <span class='ocrx_word' id='word_1_279' title='bbox 856 1481 1028 1515; x_wconf 89' lang='lat' dir='ltr'><strong>Henricus</strong></span> <span class='ocrx_word' id='word_1_280' title='bbox 1050 1482 1095 1514; x_wconf 89' lang='lat' dir='ltr'><strong>de</strong></span> <span class='ocrx_word' id='word_1_281' title='bbox 1117 1481 1251 1520; x_wconf 85' lang='lat' dir='ltr'><strong>Diessa,</strong></span> <span class='ocrx_word' id='word_1_282' title='bbox 1273 1482 1363 1515; x_wconf 88' lang='lat' dir='ltr'><strong>sicut</strong></span> <span class='ocrx_word' id='word_1_283' title='bbox 1387 1482 1419 1515; x_wconf 88' lang='lat' dir='ltr'><strong>ei</strong></span> <span class='ocrx_word' id='word_1_284' title='bbox 1437 1481 1481 1515; x_wconf 89' lang='lat' dir='ltr'><strong>ab</strong></span> <span class='ocrx_word' id='word_1_285' title='bbox 1496 1482 1704 1525; x_wconf 88' lang='lat' dir='ltr'><strong>imperatore</strong></span> <span class='ocrx_word' id='word_1_286' title='bbox 1720 1483 1921 1516; x_wconf 85' lang='lat' dir='ltr'><strong>mandatum</strong></span> <span class='ocrx_word' id='word_1_287' title='bbox 1937 1482 2015 1515; x_wconf 79' lang='lat' dir='ltr'><strong>fue-</strong></span> 
     </span>
    </p>
   </div>
   <div class='ocr_carea' id='block_1_19' title="bbox 165 1534 1530 1577">
    <p class='ocr_par' dir='ltr' id='par_1_20' title="bbox 165 1534 1530 1577">
     <span class='ocr_line' id='line_1_32' title="bbox 165 1534 1530 1577; baseline 0.001 -11"><span class='ocrx_word' id='word_1_288' title='bbox 165 1540 229 1574; x_wconf 83' lang='lat' dir='ltr'><strong>rat,</strong></span> <span class='ocrx_word' id='word_1_289' title='bbox 243 1535 280 1567; x_wconf 91' lang='lat' dir='ltr'><strong>in</strong></span> <span class='ocrx_word' id='word_1_290' title='bbox 296 1534 409 1568; x_wconf 88' lang='lat' dir='ltr'><strong>anima</strong></span> <span class='ocrx_word' id='word_1_291' title='bbox 425 1535 500 1566; x_wconf 88' lang='lat' dir='ltr'><strong>eius</strong></span> <span class='ocrx_word' id='word_1_292' title='bbox 517 1534 561 1567; x_wconf 89' lang='lat' dir='ltr'><strong>de</strong></span> <span class='ocrx_word' id='word_1_293' title='bbox 585 1535 774 1576; x_wconf 85' lang='lat' dir='ltr'><strong>prestando</strong></span> <span class='ocrx_word' id='word_1_294' title='bbox 797 1535 991 1568; x_wconf 89' lang='lat' dir='ltr'><strong>iuramento</strong></span> <span class='ocrx_word' id='word_1_295' title='bbox 1014 1535 1112 1577; x_wconf 84' lang='lat' dir='ltr'><strong>pacis</strong></span> <span class='ocrx_word' id='word_1_296' title='bbox 1134 1534 1353 1568; x_wconf 87' lang='lat' dir='ltr'><strong>obseruande</strong></span> <span class='ocrx_word' id='word_1_297' title='bbox 1369 1535 1497 1568; x_wconf 84' lang='lat' dir='ltr'><strong>iurauit</strong></span> <span class='ocrx_word' id='word_1_298' title='bbox 1508 1538 1530 1567; x_wconf 86' lang='lat'><strong>⁴.</strong></span> 
     </span>
    </p>
   </div>
   <div class='ocr_carea' id='block_1_20' title="bbox 457 1628 589 1631">
    <p class='ocr_par' dir='ltr' id='par_1_21' title="bbox 457 1628 589 1631">
     <span class='ocr_line' id='line_1_33' title="bbox 457 1628 589 1631; baseline 0 0"><span class='ocrx_word' id='word_1_299' title='bbox 457 1628 589 1631; x_wconf 95' lang='lat' dir='ltr'><strong> </strong></span> 
     </span>
    </p>
   </div>
   <div class='ocr_carea' id='block_1_21' title="bbox 1576 1535 2014 1578">
    <p class='ocr_par' dir='ltr' id='par_1_22' title="bbox 1576 1535 2014 1578">
     <span class='ocr_line' id='line_1_34' title="bbox 1576 1535 2014 1578; baseline 0.002 -11"><span class='ocrx_word' id='word_1_300' title='bbox 1576 1535 1810 1578; x_wconf 81' lang='lat' dir='ltr'><strong>Cappellanus</strong></span> <span class='ocrx_word' id='word_1_301' title='bbox 1827 1536 1930 1568; x_wconf 82' lang='lat' dir='ltr'><strong>etiam</strong></span> <span class='ocrx_word' id='word_1_302' title='bbox 1945 1536 2014 1570; x_wconf 92' lang='lat' dir='ltr'><strong>Co-</strong></span> 
     </span>
    </p>
   </div>
   <div class='ocr_carea' id='block_1_22' title="bbox 170 1688 2013 1771">
    <p class='ocr_par' dir='ltr' id='par_1_23' title="bbox 170 1688 2013 1771">
     <span class='ocr_line' id='line_1_35' title="bbox 260 1688 2013 1725; baseline 0.001 -12"><span class='ocrx_word' id='word_1_303' title='bbox 260 1696 282 1713; x_wconf 90' lang='lat'><strong>1.</strong></span> <span class='ocrx_word' id='word_1_304' title='bbox 301 1689 349 1714; x_wconf 88' lang='lat' dir='ltr'><strong>Set</strong></span> <span class='ocrx_word' id='word_1_305' title='bbox 370 1690 394 1714; x_wconf 83' lang='lat' dir='ltr'><em>C</em></span> <span class='ocrx_word' id='word_1_306' title='bbox 409 1697 423 1712; x_wconf 79' lang='lat' dir='ltr'><strong>e</strong></span> <span class='ocrx_word' id='word_1_307' title='bbox 441 1689 532 1714; x_wconf 73' lang='lat' dir='ltr'><strong>Arndt</strong></span> <span class='ocrx_word' id='word_1_308' title='bbox 554 1703 583 1707; x_wconf 82' lang='lat'><strong>—</strong></span> <span class='ocrx_word' id='word_1_309' title='bbox 604 1688 629 1714; x_wconf 89' lang='lat'><strong>8.</strong></span> <span class='ocrx_word' id='word_1_310' title='bbox 650 1697 710 1725; x_wconf 64' lang='lat' dir='ltr'><strong>meg</strong></span> <span class='ocrx_word' id='word_1_311' title='bbox 728 1689 751 1714; x_wconf 76' lang='lat' dir='ltr'><em>A</em></span> <span class='ocrx_word' id='word_1_312' title='bbox 771 1703 803 1707; x_wconf 97' lang='lat'><strong>—</strong></span> <span class='ocrx_word' id='word_1_313' title='bbox 827 1696 865 1714; x_wconf 83' lang='lat'><strong>12.</strong></span> <span class='ocrx_word' id='word_1_314' title='bbox 884 1689 1022 1714; x_wconf 83' lang='lat' dir='ltr'><strong>Venecias</strong></span> <span class='ocrx_word' id='word_1_315' title='bbox 1040 1690 1073 1721; x_wconf 73' lang='lat' dir='ltr'><strong>A,</strong></span> <span class='ocrx_word' id='word_1_316' title='bbox 1095 1691 1119 1714; x_wconf 91' lang='lat' dir='ltr'><em>C</em></span> <span class='ocrx_word' id='word_1_317' title='bbox 1135 1697 1149 1713; x_wconf 79' lang='lat' dir='ltr'><strong>e</strong></span> <span class='ocrx_word' id='word_1_318' title='bbox 1167 1689 1255 1714; x_wconf 72' lang='lat' dir='ltr'><strong>Arndt</strong></span> <span class='ocrx_word' id='word_1_319' title='bbox 1276 1704 1305 1708; x_wconf 90' lang='lat'><strong>—-</strong></span> <span class='ocrx_word' id='word_1_320' title='bbox 1330 1697 1369 1722; x_wconf 87' lang='lat'><strong>¹3·</strong></span> <span class='ocrx_word' id='word_1_321' title='bbox 1389 1690 1524 1715; x_wconf 82' lang='lat' dir='ltr'><strong>venecias</strong></span> <span class='ocrx_word' id='word_1_322' title='bbox 1546 1692 1569 1715; x_wconf 88' lang='lat' dir='ltr'><em>C</em></span> <span class='ocrx_word' id='word_1_323' title='bbox 1586 1690 1700 1715; x_wconf 73' lang='lat' dir='ltr'><strong>eArndt</strong></span> <span class='ocrx_word' id='word_1_324' title='bbox 1720 1705 1751 1708; x_wconf 39' lang='grc' dir='ltr'><strong><em>Μ</em></strong></span> <span class='ocrx_word' id='word_1_325' title='bbox 1774 1690 1815 1715; x_wconf 82' lang='lat'><strong>18.</strong></span> <span class='ocrx_word' id='word_1_326' title='bbox 1836 1691 1971 1716; x_wconf 75' lang='lat' dir='ltr'><strong>Venecias</strong></span> <span class='ocrx_word' id='word_1_327' title='bbox 1989 1691 2013 1715; x_wconf 83' lang='grc' dir='ltr'><em>Α</em></span> 
     </span>
     <span class='ocr_line' id='line_1_36' title="bbox 170 1730 1407 1771; baseline 0 -15"><span class='ocrx_word' id='word_1_328' title='bbox 170 1744 203 1750; x_wconf 92' lang='grc'>-</span> <span class='ocrx_word' id='word_1_329' title='bbox 223 1738 265 1756; x_wconf 85' lang='lat'><strong>20.</strong></span> <span class='ocrx_word' id='word_1_330' title='bbox 284 1731 416 1756; x_wconf 81' lang='lat' dir='ltr'><strong>Tarvisie</strong></span> <span class='ocrx_word' id='word_1_331' title='bbox 438 1732 463 1755; x_wconf 89' lang='lat' dir='ltr'><em>B</em></span> <span class='ocrx_word' id='word_1_332' title='bbox 480 1738 493 1754; x_wconf 77' lang='lat' dir='ltr'><strong>e</strong></span> <span class='ocrx_word' id='word_1_333' title='bbox 512 1730 590 1757; x_wconf 77' lang='lat' dir='ltr'><strong>Sam</strong></span> <span class='ocrx_word' id='word_1_334' title='bbox 609 1745 618 1749; x_wconf 92' lang='lat'>-</span> <span class='ocrx_word' id='word_1_335' title='bbox 640 1731 776 1756; x_wconf 83' lang='lat' dir='ltr'><strong>Venecias</strong></span> <span class='ocrx_word' id='word_1_336' title='bbox 794 1732 818 1756; x_wconf 75' lang='grc' dir='ltr'><em>Δ</em></span> <span class='ocrx_word' id='word_1_337' title='bbox 838 1744 871 1750; x_wconf 95' lang='grc'><strong>-</strong></span> <span class='ocrx_word' id='word_1_338' title='bbox 893 1738 934 1756; x_wconf 88' lang='lat'><strong>21.</strong></span> <span class='ocrx_word' id='word_1_339' title='bbox 955 1733 1068 1756; x_wconf 86' lang='lat' dir='ltr'><strong>nunciis</strong></span> <span class='ocrx_word' id='word_1_340' title='bbox 1088 1732 1121 1760; x_wconf 86' lang='lat' dir='ltr'><strong>B,</strong></span> <span class='ocrx_word' id='word_1_341' title='bbox 1143 1733 1172 1760; x_wconf 85' lang='lat' dir='ltr'><strong>C.</strong></span> <span class='ocrx_word' id='word_1_342' title='bbox 1191 1731 1268 1757; x_wconf 77' lang='lat' dir='ltr'><strong>Sasso</strong></span> <span class='ocrx_word' id='word_1_343' title='bbox 1285 1740 1299 1756; x_wconf 84' lang='lat' dir='ltr'><strong>e</strong></span> <span class='ocrx_word' id='word_1_344' title='bbox 1316 1732 1407 1771; x_wconf 49' lang='lat' dir='ltr'><strong>arnae</strong></span> 
     </span>
    </p>
   </div>
   <div class='ocr_carea' id='block_1_23' title="bbox 167 1840 1066 2972">
    <p class='ocr_par' dir='ltr' id='par_1_24' title="bbox 167 1840 1064 2128">
     <span class='ocr_line' id='line_1_37' title="bbox 257 1840 1064 1874; baseline -0.001 -7"><span class='ocrx_word' id='word_1_345' title='bbox 257 1840 262 1855; x_wconf 80' lang='lat'><strong>¹</strong></span> <span class='ocrx_word' id='word_1_346' title='bbox 285 1841 400 1867; x_wconf 76' lang='lat' dir='ltr'><strong>Calisto</strong></span> <span class='ocrx_word' id='word_1_347' title='bbox 413 1842 462 1870; x_wconf 80' lang='lat'>111.</span> <span class='ocrx_word' id='word_1_348' title='bbox 476 1842 620 1874; x_wconf 83' lang='lat' dir='ltr'><strong>antipapa.</strong></span> <span class='ocrx_word' id='word_1_349' title='bbox 659 1843 758 1867; x_wconf 81' lang='lat' dir='ltr'><strong>Anche</strong></span> <span class='ocrx_word' id='word_1_350' title='bbox 771 1843 857 1870; x_wconf 80' lang='lat' dir='ltr'><strong>Boso,</strong></span> <span class='ocrx_word' id='word_1_351' title='bbox 877 1842 937 1866; x_wconf 67' lang='lat' dir='ltr'><strong>Vita</strong></span> <span class='ocrx_word' id='word_1_352' title='bbox 949 1842 1064 1867; x_wconf 70' lang='lat' dir='ltr'><strong>Alexan-</strong></span> 
     </span>
     <span class='ocr_line' id='line_1_38' title="bbox 167 1882 1062 1917; baseline 0 -8"><span class='ocrx_word' id='word_1_353' title='bbox 167 1884 215 1910; x_wconf 72' lang='lat' dir='ltr'><strong>dri</strong></span> <span class='ocrx_word' id='word_1_354' title='bbox 230 1883 283 1914; x_wconf 77' lang='lat'><strong>111,</strong></span> <span class='ocrx_word' id='word_1_355' title='bbox 301 1884 381 1908; x_wconf 63' lang='lat' dir='ltr'><strong>Liber</strong></span> <span class='ocrx_word' id='word_1_356' title='bbox 399 1883 509 1915; x_wconf 64' lang='lat' dir='ltr'><strong>Pontis„</strong></span> <span class='ocrx_word' id='word_1_357' title='bbox 527 1884 562 1913; x_wconf 81' lang='lat'><strong>11,</strong></span> <span class='ocrx_word' id='word_1_358' title='bbox 583 1890 643 1917; x_wconf 81' lang='lat'><strong>405,</strong></span> <span class='ocrx_word' id='word_1_359' title='bbox 662 1882 698 1909; x_wconf 65' lang='lat' dir='ltr'><strong>da</strong></span> <span class='ocrx_word' id='word_1_360' title='bbox 718 1892 733 1909; x_wconf 91' lang='lat' dir='ltr'><strong>a</strong></span> <span class='ocrx_word' id='word_1_361' title='bbox 752 1884 864 1909; x_wconf 86' lang='lat' dir='ltr'><strong>Calisto</strong></span> <span class='ocrx_word' id='word_1_362' title='bbox 885 1885 906 1908; x_wconf 85' lang='lat' dir='ltr'><strong>il</strong></span> <span class='ocrx_word' id='word_1_363' title='bbox 927 1883 1015 1910; x_wconf 82' lang='lat' dir='ltr'><strong>titolo</strong></span> <span class='ocrx_word' id='word_1_364' title='bbox 1034 1885 1062 1909; x_wconf 89' lang='lat' dir='ltr'><strong>di</strong></span> 
     </span>
     <span class='ocr_line' id='line_1_39' title="bbox 169 1925 1064 1960; baseline 0 -9"><span class='ocrx_word' id='word_1_365' title='bbox 169 1925 265 1952; x_wconf 83' lang='lat' dir='ltr'><strong>idolo:</strong></span> <span class='ocrx_word' id='word_1_366' title='bbox 285 1926 298 1940; x_wconf 84' lang='lat'><strong>&#39;¹</strong></span> <span class='ocrx_word' id='word_1_367' title='bbox 308 1926 419 1951; x_wconf 84' lang='lat' dir='ltr'><strong>Interea</strong></span> <span class='ocrx_word' id='word_1_368' title='bbox 439 1925 604 1951; x_wconf 82' lang='lat' dir='ltr'><strong>Frederlcus</strong></span> <span class='ocrx_word' id='word_1_369' title='bbox 615 1944 622 1951; x_wconf 93' lang='lat'><strong><em>.</em></strong></span> <span class='ocrx_word' id='word_1_370' title='bbox 634 1946 639 1951; x_wconf 90' lang='lat'><em>.</em></span> <span class='ocrx_word' id='word_1_371' title='bbox 650 1944 658 1951; x_wconf 87' lang='lat'><strong>.</strong></span> <span class='ocrx_word' id='word_1_372' title='bbox 670 1946 674 1950; x_wconf 93' lang='lat'><em>.</em></span> <span class='ocrx_word' id='word_1_373' title='bbox 696 1927 770 1960; x_wconf 83' lang='lat' dir='ltr'><strong>apud</strong></span> <span class='ocrx_word' id='word_1_374' title='bbox 783 1934 812 1951; x_wconf 80' lang='lat' dir='ltr'><strong>se</strong></span> <span class='ocrx_word' id='word_1_375' title='bbox 826 1928 976 1958; x_wconf 78' lang='lat' dir='ltr'><strong>cogitavit,</strong></span> <span class='ocrx_word' id='word_1_376' title='bbox 990 1928 1064 1951; x_wconf 76' lang='lat' dir='ltr'><strong>sicut</strong></span> 
     </span>
     <span class='ocr_line' id='line_1_40' title="bbox 170 1967 1063 2002; baseline -0.001 -8"><span class='ocrx_word' id='word_1_377' title='bbox 170 1967 184 1982; x_wconf 80' lang='lat'><strong>‘¹</strong></span> <span class='ocrx_word' id='word_1_378' title='bbox 196 1969 283 1994; x_wconf 86' lang='lat' dir='ltr'><strong>homo</strong></span> <span class='ocrx_word' id='word_1_379' title='bbox 302 1969 387 1994; x_wconf 88' lang='lat' dir='ltr'><strong>huius</strong></span> <span class='ocrx_word' id='word_1_380' title='bbox 406 1969 494 1993; x_wconf 87' lang='lat' dir='ltr'><strong>seculi</strong></span> <span class='ocrx_word' id='word_1_381' title='bbox 515 1970 761 2001; x_wconf 84' lang='lat' dir='ltr'><strong>prudentissimus,</strong></span> <span class='ocrx_word' id='word_1_382' title='bbox 781 1976 867 2002; x_wconf 83' lang='lat' dir='ltr'><strong>sagax</strong></span> <span class='ocrx_word' id='word_1_383' title='bbox 886 1971 914 1993; x_wconf 83' lang='lat' dir='ltr'><strong>et</strong></span> <span class='ocrx_word' id='word_1_384' title='bbox 933 1969 1063 1998; x_wconf 76' lang='lat' dir='ltr'><strong>callidus,</strong></span> 
     </span>
     <span class='ocr_line' id='line_1_41' title="bbox 169 2010 1063 2043; baseline 0 -8"><span class='ocrx_word' id='word_1_385' title='bbox 169 2010 318 2043; x_wconf 77' lang='lat' dir='ltr'><strong>“qualiter</strong></span> <span class='ocrx_word' id='word_1_386' title='bbox 337 2013 433 2043; x_wconf 81' lang='lat' dir='ltr'><strong>posset</strong></span> <span class='ocrx_word' id='word_1_387' title='bbox 452 2011 648 2036; x_wconf 83' lang='lat' dir='ltr'><strong>Alexandrum</strong></span> <span class='ocrx_word' id='word_1_388' title='bbox 667 2013 695 2036; x_wconf 91' lang='lat' dir='ltr'><strong>et</strong></span> <span class='ocrx_word' id='word_1_389' title='bbox 716 2010 828 2042; x_wconf 76' lang='lat' dir='ltr'><strong>ydolum</strong></span> <span class='ocrx_word' id='word_1_390' title='bbox 852 2018 930 2035; x_wconf 74' lang='lat' dir='ltr'><strong>suum</strong></span> <span class='ocrx_word' id='word_1_391' title='bbox 954 2011 1063 2036; x_wconf 85' lang='lat' dir='ltr'><strong>iudicio</strong></span> 
     </span>
     <span class='ocr_line' id='line_1_42' title="bbox 170 2051 1062 2086; baseline -0.001 -8"><span class='ocrx_word' id='word_1_392' title='bbox 170 2051 368 2078; x_wconf 71' lang='lat' dir='ltr'><strong>“universalis</strong></span> <span class='ocrx_word' id='word_1_393' title='bbox 390 2053 515 2077; x_wconf 83' lang='lat' dir='ltr'><strong>Ecclesie</strong></span> <span class='ocrx_word' id='word_1_394' title='bbox 540 2054 648 2086; x_wconf 85' lang='lat' dir='ltr'><strong>pariter</strong></span> <span class='ocrx_word' id='word_1_395' title='bbox 674 2053 781 2078; x_wconf 87' lang='lat' dir='ltr'><strong>deicere</strong></span> <span class='ocrx_word' id='word_1_396' title='bbox 806 2054 888 2085; x_wconf 82' lang='lat' dir='ltr'><strong>atque</strong></span> <span class='ocrx_word' id='word_1_397' title='bbox 916 2060 1062 2085; x_wconf 84' lang='lat' dir='ltr'><strong>personam</strong></span> 
     </span>
     <span class='ocr_line' id='line_1_43' title="bbox 171 2094 905 2128; baseline -0.001 -8"><span class='ocrx_word' id='word_1_398' title='bbox 171 2094 307 2120; x_wconf 75' lang='lat' dir='ltr'><strong>“tertiam</strong></span> <span class='ocrx_word' id='word_1_399' title='bbox 328 2096 358 2119; x_wconf 89' lang='lat' dir='ltr'><strong>in</strong></span> <span class='ocrx_word' id='word_1_400' title='bbox 372 2094 533 2119; x_wconf 81' lang='lat' dir='ltr'><strong>Romanum</strong></span> <span class='ocrx_word' id='word_1_401' title='bbox 554 2094 716 2128; x_wconf 87' lang='lat' dir='ltr'><strong>pontificem</strong></span> <span class='ocrx_word' id='word_1_402' title='bbox 738 2095 872 2120; x_wconf 83' lang='lat' dir='ltr'><strong>ordinare</strong></span> <span class='ocrx_word' id='word_1_403' title='bbox 882 2111 905 2125; x_wconf 82' lang='grc'><strong>,.</strong></span> 
     </span>
    </p>

    <p class='ocr_par' dir='ltr' id='par_1_25' title="bbox 169 2134 1066 2422">
     <span class='ocr_line' id='line_1_44' title="bbox 257 2134 1063 2170; baseline 0.001 -10"><span class='ocrx_word' id='word_1_404' title='bbox 257 2134 268 2152; x_wconf 78' lang='lat'>⁸</span> <span class='ocrx_word' id='word_1_405' title='bbox 286 2137 371 2168; x_wconf 85' lang='lat' dir='ltr'><strong>Boso,</strong></span> <span class='ocrx_word' id='word_1_406' title='bbox 390 2135 471 2161; x_wconf 66' lang='lat' dir='ltr'><strong>Liber</strong></span> <span class='ocrx_word' id='word_1_407' title='bbox 489 2135 602 2167; x_wconf 72' lang='lat' dir='ltr'><strong>Ponetfi,</strong></span> <span class='ocrx_word' id='word_1_408' title='bbox 616 2136 649 2166; x_wconf 85' lang='lat'><strong>11,</strong></span> <span class='ocrx_word' id='word_1_409' title='bbox 663 2144 729 2169; x_wconf 77' lang='lat'><strong>439:</strong></span> <span class='ocrx_word' id='word_1_410' title='bbox 746 2136 758 2149; x_wconf 76' lang='lat'><strong><em>⁴</em></strong></span> <span class='ocrx_word' id='word_1_411' title='bbox 771 2156 776 2160; x_wconf 93' lang='lat'>.</span> <span class='ocrx_word' id='word_1_412' title='bbox 789 2153 828 2161; x_wconf 85' lang='lat'><strong>...</strong></span> <span class='ocrx_word' id='word_1_413' title='bbox 840 2137 1011 2170; x_wconf 82' lang='lat' dir='ltr'><strong>Imperator.</strong></span> <span class='ocrx_word' id='word_1_414' title='bbox 1023 2154 1063 2162; x_wconf 83' lang='grc'><strong>.,.</strong></span> 
     </span>
     <span class='ocr_line' id='line_1_45' title="bbox 171 2177 1064 2211; baseline 0.001 -9"><span class='ocrx_word' id='word_1_415' title='bbox 171 2178 185 2191; x_wconf 82' lang='lat'><strong>‘⁴</strong></span> <span class='ocrx_word' id='word_1_416' title='bbox 197 2177 304 2203; x_wconf 77' lang='lat' dir='ltr'><strong>auditis</strong></span> <span class='ocrx_word' id='word_1_417' title='bbox 323 2178 422 2210; x_wconf 87' lang='lat' dir='ltr'><strong>itaque</strong></span> <span class='ocrx_word' id='word_1_418' title='bbox 441 2179 575 2203; x_wconf 88' lang='lat' dir='ltr'><strong>omnibus</strong></span> <span class='ocrx_word' id='word_1_419' title='bbox 595 2186 648 2211; x_wconf 87' lang='lat' dir='ltr'><strong>que</strong></span> <span class='ocrx_word' id='word_1_420' title='bbox 666 2180 745 2211; x_wconf 80' lang='lat' dir='ltr'><strong>gesta</strong></span> <span class='ocrx_word' id='word_1_421' title='bbox 766 2179 878 2203; x_wconf 83' lang='lat' dir='ltr'><strong>fuerant</strong></span> <span class='ocrx_word' id='word_1_422' title='bbox 897 2179 924 2202; x_wconf 78' lang='lat' dir='ltr'><strong>et</strong></span> <span class='ocrx_word' id='word_1_423' title='bbox 936 2179 1064 2211; x_wconf 73' lang='lat' dir='ltr'><strong>plenarie</strong></span> 
     </span>
     <span class='ocr_line' id='line_1_46' title="bbox 171 2219 1064 2253; baseline 0.001 -9"><span class='ocrx_word' id='word_1_424' title='bbox 171 2219 360 2248; x_wconf 78' lang='lat' dir='ltr'><strong>“intellectis,</strong></span> <span class='ocrx_word' id='word_1_425' title='bbox 380 2220 448 2244; x_wconf 86' lang='lat' dir='ltr'><strong>iicet</strong></span> <span class='ocrx_word' id='word_1_426' title='bbox 467 2220 502 2244; x_wconf 84' lang='lat' dir='ltr'><strong>ab</strong></span> <span class='ocrx_word' id='word_1_427' title='bbox 520 2220 578 2245; x_wconf 82' lang='lat' dir='ltr'><strong>hiis</strong></span> <span class='ocrx_word' id='word_1_428' title='bbox 597 2222 643 2252; x_wconf 87' lang='lat' dir='ltr'><strong>qui</strong></span> <span class='ocrx_word' id='word_1_429' title='bbox 665 2221 786 2245; x_wconf 74' lang='lat' dir='ltr'><strong>oderant</strong></span> <span class='ocrx_word' id='word_1_430' title='bbox 801 2228 895 2253; x_wconf 79' lang='lat' dir='ltr'><strong>pacem</strong></span> <span class='ocrx_word' id='word_1_431' title='bbox 912 2220 994 2246; x_wconf 83' lang='lat' dir='ltr'><strong>valde</strong></span> <span class='ocrx_word' id='word_1_432' title='bbox 1007 2222 1064 2245; x_wconf 89' lang='lat' dir='ltr'><strong>tur-</strong></span> 
     </span>
     <span class='ocr_line' id='line_1_47' title="bbox 172 2261 1064 2296; baseline 0 -9"><span class='ocrx_word' id='word_1_433' title='bbox 172 2261 278 2287; x_wconf 77' lang='lat' dir='ltr'><strong>“batus</strong></span> <span class='ocrx_word' id='word_1_434' title='bbox 298 2262 384 2287; x_wconf 81' lang='lat' dir='ltr'><strong>fuerit</strong></span> <span class='ocrx_word' id='word_1_435' title='bbox 403 2264 431 2286; x_wconf 87' lang='lat' dir='ltr'><strong>et</strong></span> <span class='ocrx_word' id='word_1_436' title='bbox 457 2263 626 2293; x_wconf 83' lang='lat' dir='ltr'><strong>commotus,</strong></span> <span class='ocrx_word' id='word_1_437' title='bbox 650 2264 717 2295; x_wconf 79' lang='lat' dir='ltr'><strong>quia</strong></span> <span class='ocrx_word' id='word_1_438' title='bbox 743 2265 836 2287; x_wconf 81' lang='lat' dir='ltr'><strong>tamen</strong></span> <span class='ocrx_word' id='word_1_439' title='bbox 863 2263 1008 2296; x_wconf 75' lang='lat' dir='ltr'><strong>principes</strong></span> <span class='ocrx_word' id='word_1_440' title='bbox 1035 2265 1064 2287; x_wconf 88' lang='lat' dir='ltr'><strong>in</strong></span> 
     </span>
     <span class='ocr_line' id='line_1_48' title="bbox 170 2304 1066 2336; baseline 0.001 -7"><span class='ocrx_word' id='word_1_441' title='bbox 170 2304 184 2319; x_wconf 81' lang='lat'><strong>¹¹</strong></span> <span class='ocrx_word' id='word_1_442' title='bbox 195 2304 297 2329; x_wconf 76' lang='lat' dir='ltr'><strong>faeiem</strong></span> <span class='ocrx_word' id='word_1_443' title='bbox 311 2304 368 2329; x_wconf 87' lang='lat' dir='ltr'><strong>sibi</strong></span> <span class='ocrx_word' id='word_1_444' title='bbox 388 2304 514 2330; x_wconf 84' lang='lat' dir='ltr'><strong>viriliter</strong></span> <span class='ocrx_word' id='word_1_445' title='bbox 534 2305 709 2336; x_wconf 85' lang='lat' dir='ltr'><strong>restiterunt,</strong></span> <span class='ocrx_word' id='word_1_446' title='bbox 730 2305 827 2330; x_wconf 82' lang='lat' dir='ltr'><strong>omnia</strong></span> <span class='ocrx_word' id='word_1_447' title='bbox 847 2305 971 2335; x_wconf 81' lang='lat' dir='ltr'><strong>tandem,</strong></span> <span class='ocrx_word' id='word_1_448' title='bbox 992 2307 1066 2330; x_wconf 88' lang='lat' dir='ltr'><strong>sicut</strong></span> 
     </span>
     <span class='ocr_line' id='line_1_49' title="bbox 169 2346 1065 2381; baseline 0 -9"><span class='ocrx_word' id='word_1_449' title='bbox 169 2346 225 2372; x_wconf 78' lang='lat' dir='ltr'><strong>‘in</strong></span> <span class='ocrx_word' id='word_1_450' title='bbox 251 2347 394 2379; x_wconf 83' lang='lat' dir='ltr'><strong>presentia</strong></span> <span class='ocrx_word' id='word_1_451' title='bbox 419 2347 565 2381; x_wconf 82' lang='lat' dir='ltr'><strong>pontificis</strong></span> <span class='ocrx_word' id='word_1_452' title='bbox 592 2349 671 2379; x_wconf 78' lang='lat' dir='ltr'><strong>gesta</strong></span> <span class='ocrx_word' id='word_1_453' title='bbox 698 2348 814 2372; x_wconf 81' lang='lat' dir='ltr'><strong>fuerant</strong></span> <span class='ocrx_word' id='word_1_454' title='bbox 839 2350 867 2372; x_wconf 88' lang='lat' dir='ltr'><strong>et</strong></span> <span class='ocrx_word' id='word_1_455' title='bbox 893 2349 1065 2380; x_wconf 84' lang='lat' dir='ltr'><strong>conscripta,</strong></span> 
     </span>
     <span class='ocr_line' id='line_1_50' title="bbox 169 2389 994 2422; baseline 0 -8"><span class='ocrx_word' id='word_1_456' title='bbox 169 2389 255 2414; x_wconf 76' lang='lat' dir='ltr'><strong>“rata</strong></span> <span class='ocrx_word' id='word_1_457' title='bbox 274 2389 374 2414; x_wconf 79' lang='lat' dir='ltr'><strong>habuit</strong></span> <span class='ocrx_word' id='word_1_458' title='bbox 393 2391 420 2413; x_wconf 86' lang='lat' dir='ltr'><strong>et</strong></span> <span class='ocrx_word' id='word_1_459' title='bbox 441 2397 455 2414; x_wconf 87' lang='lat' dir='ltr'><strong>a</strong></span> <span class='ocrx_word' id='word_1_460' title='bbox 475 2395 503 2414; x_wconf 83' lang='lat' dir='ltr'><strong>se</strong></span> <span class='ocrx_word' id='word_1_461' title='bbox 522 2389 683 2414; x_wconf 84' lang='lat' dir='ltr'><strong>confirmari</strong></span> <span class='ocrx_word' id='word_1_462' title='bbox 705 2391 807 2422; x_wconf 87' lang='lat' dir='ltr'><strong>sponte</strong></span> <span class='ocrx_word' id='word_1_463' title='bbox 826 2390 994 2422; x_wconf 72' lang='lat' dir='ltr'><strong>promisit„.</strong></span> 
     </span>
    </p>

    <p class='ocr_par' dir='ltr' id='par_1_26' title="bbox 170 2429 1066 2677">
     <span class='ocr_line' id='line_1_51' title="bbox 258 2429 1063 2461; baseline 0.004 -6"><span class='ocrx_word' id='word_1_464' title='bbox 258 2429 270 2447; x_wconf 75' lang='lat'>⁸</span> <span class='ocrx_word' id='word_1_465' title='bbox 287 2431 422 2456; x_wconf 73' lang='lat' dir='ltr'><strong>Hmrtcus</strong></span> <span class='ocrx_word' id='word_1_466' title='bbox 439 2431 471 2455; x_wconf 75' lang='lat' dir='ltr'><strong>de</strong></span> <span class='ocrx_word' id='word_1_467' title='bbox 489 2433 556 2459; x_wconf 70' lang='lat' dir='ltr'><strong>Det,</strong></span> <span class='ocrx_word' id='word_1_468' title='bbox 569 2440 586 2456; x_wconf 91' lang='lat' dir='ltr'><strong>o</strong></span> <span class='ocrx_word' id='word_1_469' title='bbox 599 2432 631 2455; x_wconf 78' lang='lat' dir='ltr'><strong>de</strong></span> <span class='ocrx_word' id='word_1_470' title='bbox 642 2432 747 2460; x_wconf 72' lang='lat' dir='ltr'><strong>Diem,</strong></span> <span class='ocrx_word' id='word_1_471' title='bbox 759 2439 841 2456; x_wconf 71' lang='lat' dir='ltr'><strong>coms</strong></span> <span class='ocrx_word' id='word_1_472' title='bbox 856 2432 1000 2461; x_wconf 64' lang='lat' dir='ltr'><strong>Trecenta,</strong></span> <span class='ocrx_word' id='word_1_473' title='bbox 1014 2433 1063 2458; x_wconf 78' lang='lat' dir='ltr'><strong>che</strong></span> 
     </span>
     <span class='ocr_line' id='line_1_52' title="bbox 170 2473 1063 2506; baseline 0.001 -8"><span class='ocrx_word' id='word_1_474' title='bbox 170 2473 306 2498; x_wconf 77' lang='lat' dir='ltr'><strong>Federico</strong></span> <span class='ocrx_word' id='word_1_475' title='bbox 334 2473 513 2502; x_wconf 82' lang='lat' dir='ltr'><strong>Barbarossa,</strong></span> <span class='ocrx_word' id='word_1_476' title='bbox 543 2473 642 2499; x_wconf 83' lang='lat' dir='ltr'><strong>“sicut</strong></span> <span class='ocrx_word' id='word_1_477' title='bbox 670 2475 825 2506; x_wconf 84' lang='lat' dir='ltr'><strong>temptator</strong></span> <span class='ocrx_word' id='word_1_478' title='bbox 854 2473 888 2498; x_wconf 84' lang='lat' dir='ltr'><strong>ad</strong></span> <span class='ocrx_word' id='word_1_479' title='bbox 915 2474 1063 2499; x_wconf 86' lang='lat' dir='ltr'><strong>dominum</strong></span> 
     </span>
     <span class='ocr_line' id='line_1_53' title="bbox 173 2514 1064 2548; baseline 0.001 -8"><span class='ocrx_word' id='word_1_480' title='bbox 173 2514 277 2540; x_wconf 79' lang='lat' dir='ltr'><strong>“suum</strong></span> <span class='ocrx_word' id='word_1_481' title='bbox 296 2522 390 2548; x_wconf 85' lang='lat' dir='ltr'><strong>regem</strong></span> <span class='ocrx_word' id='word_1_482' title='bbox 410 2514 592 2544; x_wconf 77' lang='lat' dir='ltr'><strong>Francorum.</strong></span> <span class='ocrx_word' id='word_1_483' title='bbox 614 2517 705 2540; x_wconf 87' lang='lat' dir='ltr'><strong>virum</strong></span> <span class='ocrx_word' id='word_1_484' title='bbox 725 2515 865 2548; x_wconf 84' lang='lat' dir='ltr'><strong>siquidem</strong></span> <span class='ocrx_word' id='word_1_485' title='bbox 888 2517 966 2548; x_wconf 90' lang='lat' dir='ltr'><strong>pium</strong></span> <span class='ocrx_word' id='word_1_486' title='bbox 979 2518 1007 2541; x_wconf 84' lang='lat' dir='ltr'><strong>et</strong></span> <span class='ocrx_word' id='word_1_487' title='bbox 1020 2523 1064 2541; x_wconf 85' lang='lat' dir='ltr'><strong>co-</strong></span> 
     </span>
     <span class='ocr_line' id='line_1_54' title="bbox 171 2556 1065 2592; baseline 0.002 -11"><span class='ocrx_word' id='word_1_488' title='bbox 171 2556 184 2570; x_wconf 80' lang='lat'><strong>‘⁴</strong></span> <span class='ocrx_word' id='word_1_489' title='bbox 197 2557 324 2582; x_wconf 88' lang='lat' dir='ltr'><strong>iumbine</strong></span> <span class='ocrx_word' id='word_1_490' title='bbox 343 2557 548 2590; x_wconf 75' lang='lat' dir='ltr'><strong>simplicitatis,</strong></span> <span class='ocrx_word' id='word_1_491' title='bbox 568 2557 673 2583; x_wconf 87' lang='lat' dir='ltr'><strong>callide</strong></span> <span class='ocrx_word' id='word_1_492' title='bbox 692 2560 720 2582; x_wconf 93' lang='lat' dir='ltr'><strong>et</strong></span> <span class='ocrx_word' id='word_1_493' title='bbox 740 2557 934 2583; x_wconf 77' lang='lat' dir='ltr'><strong>fraudulenter</strong></span> <span class='ocrx_word' id='word_1_494' title='bbox 952 2565 1065 2592; x_wconf 76' lang='lat' dir='ltr'><strong>sugges-</strong></span> 
     </span>
     <span class='ocr_line' id='line_1_55' title="bbox 173 2599 1066 2634; baseline 0.002 -9"><span class='ocrx_word' id='word_1_495' title='bbox 173 2599 187 2613; x_wconf 83' lang='lat'><strong>‘&#39;</strong></span> <span class='ocrx_word' id='word_1_496' title='bbox 196 2600 237 2625; x_wconf 76' lang='lat' dir='ltr'><strong>sit</strong></span> <span class='ocrx_word' id='word_1_497' title='bbox 246 2618 251 2625; x_wconf 94' lang='lat'>.</span> <span class='ocrx_word' id='word_1_498' title='bbox 261 2616 270 2626; x_wconf 83' lang='lat'><em>.</em></span> <span class='ocrx_word' id='word_1_499' title='bbox 282 2619 286 2625; x_wconf 92' lang='lat'>.</span> <span class='ocrx_word' id='word_1_500' title='bbox 297 2617 305 2625; x_wconf 90' lang='lat'>.</span> <span class='ocrx_word' id='word_1_501' title='bbox 314 2600 422 2625; x_wconf 86' lang='lat' dir='ltr'><strong>bonum</strong></span> <span class='ocrx_word' id='word_1_502' title='bbox 435 2600 601 2625; x_wconf 77' lang='lat' dir='ltr'><strong>simulatum</strong></span> <span class='ocrx_word' id='word_1_503' title='bbox 614 2600 649 2625; x_wconf 90' lang='lat' dir='ltr'><strong>de</strong></span> <span class='ocrx_word' id='word_1_504' title='bbox 662 2600 844 2626; x_wconf 76' lang='lat' dir='ltr'><strong>reformanda</strong></span> <span class='ocrx_word' id='word_1_505' title='bbox 857 2608 924 2634; x_wconf 79' lang='lat' dir='ltr'><strong>pace</strong></span> <span class='ocrx_word' id='word_1_506' title='bbox 939 2601 1066 2628; x_wconf 85' lang='lat' dir='ltr'><strong>Romane</strong></span> 
     </span>
     <span class='ocr_line' id='line_1_56' title="bbox 171 2642 1065 2677; baseline 0.003 -10"><span class='ocrx_word' id='word_1_507' title='bbox 171 2642 421 2676; x_wconf 72' lang='lat' dir='ltr'><strong>&#39;ecclesie-...„;</strong></span> <span class='ocrx_word' id='word_1_508' title='bbox 442 2642 528 2671; x_wconf 77' lang='lat' dir='ltr'><strong>Boeo,</strong></span> <span class='ocrx_word' id='word_1_509' title='bbox 546 2642 626 2668; x_wconf 71' lang='lat' dir='ltr'><strong>Liber</strong></span> <span class='ocrx_word' id='word_1_510' title='bbox 643 2642 753 2673; x_wconf 63' lang='lat' dir='ltr'><strong>Por-usi,</strong></span> <span class='ocrx_word' id='word_1_511' title='bbox 778 2642 812 2671; x_wconf 77' lang='lat'><strong>11,</strong></span> <span class='ocrx_word' id='word_1_512' title='bbox 837 2650 897 2677; x_wconf 84' lang='lat'><strong>405,</strong></span> <span class='ocrx_word' id='word_1_513' title='bbox 922 2644 957 2668; x_wconf 79' lang='lat' dir='ltr'><strong>cs.</strong></span> <span class='ocrx_word' id='word_1_514' title='bbox 978 2645 1065 2670; x_wconf 80' lang='lat' dir='ltr'><strong>anche</strong></span> 
     </span>
    </p>

    <p class='ocr_par' dir='ltr' id='par_1_27' title="bbox 225 2691 313 2714">
     <span class='ocr_line' id='line_1_57' title="bbox 225 2691 313 2714; baseline 0.011 -5"><span class='ocrx_word' id='word_1_515' title='bbox 225 2704 231 2714; x_wconf 90' lang='grc'>,</span> <span class='ocrx_word' id='word_1_516' title='bbox 290 2691 313 2710; x_wconf 86' lang='lat'><strong>1.</strong></span> 
     </span>
    </p>

    <p class='ocr_par' dir='ltr' id='par_1_28' title="bbox 171 2692 1066 2972">
     <span class='ocr_line' id='line_1_58' title="bbox 172 2692 1066 2761; baseline 0.002 -10"><span class='ocrx_word' id='word_1_517' title='bbox 172 2692 224 2718; x_wconf 65' lang='lat'><strong>⁴⁴0</strong></span> <span class='ocrx_word' id='word_1_518' title='bbox 251 2692 326 2751; x_wconf 65' lang='lat'><strong>4⁴⁴1³.</strong></span> <span class='ocrx_word' id='word_1_519' title='bbox 345 2726 483 2760; x_wconf 78' lang='lat' dir='ltr'><strong>equivocn</strong></span> <span class='ocrx_word' id='word_1_520' title='bbox 505 2726 580 2752; x_wconf 79' lang='lat' dir='ltr'><strong>nelis</strong></span> <span class='ocrx_word' id='word_1_521' title='bbox 600 2734 720 2759; x_wconf 79' lang='lat' dir='ltr'><strong>persona</strong></span> <span class='ocrx_word' id='word_1_522' title='bbox 738 2727 790 2752; x_wconf 86' lang='lat' dir='ltr'><strong>che</strong></span> <span class='ocrx_word' id='word_1_523' title='bbox 809 2726 904 2760; x_wconf 75' lang='lat' dir='ltr'><strong>presto</strong></span> <span class='ocrx_word' id='word_1_524' title='bbox 924 2728 945 2752; x_wconf 89' lang='lat' dir='ltr'><strong>ii</strong></span> <span class='ocrx_word' id='word_1_525' title='bbox 971 2729 1066 2761; x_wconf 81' lang='lat' dir='ltr'><strong>giura-</strong></span> 
     </span>
     <span class='ocr_line' id='line_1_59' title="bbox 171 2768 1065 2799; baseline 0.002 -6"><span class='ocrx_word' id='word_1_526' title='bbox 171 2770 285 2799; x_wconf 70' lang='lat' dir='ltr'><strong>mentog</strong></span> <span class='ocrx_word' id='word_1_527' title='bbox 299 2775 355 2794; x_wconf 90' lang='lat' dir='ltr'><strong>non</strong></span> <span class='ocrx_word' id='word_1_528' title='bbox 371 2769 402 2793; x_wconf 80' lang='lat' dir='ltr'><strong>su</strong></span> <span class='ocrx_word' id='word_1_529' title='bbox 414 2768 519 2793; x_wconf 82' lang='lat' dir='ltr'><strong>Enrico</strong></span> <span class='ocrx_word' id='word_1_530' title='bbox 533 2770 567 2794; x_wconf 93' lang='lat' dir='ltr'><strong>de</strong></span> <span class='ocrx_word' id='word_1_531' title='bbox 580 2768 644 2798; x_wconf 78' lang='lat' dir='ltr'><strong>Des,</strong></span> <span class='ocrx_word' id='word_1_532' title='bbox 658 2776 701 2794; x_wconf 79' lang='lat' dir='ltr'><strong>ma</strong></span> <span class='ocrx_word' id='word_1_533' title='bbox 716 2769 797 2794; x_wconf 87' lang='lat' dir='ltr'><strong>Dedo</strong></span> <span class='ocrx_word' id='word_1_534' title='bbox 811 2771 894 2794; x_wconf 83' lang='lat' dir='ltr'><strong>conte</strong></span> <span class='ocrx_word' id='word_1_535' title='bbox 907 2769 937 2794; x_wconf 89' lang='lat' dir='ltr'><strong>di</strong></span> <span class='ocrx_word' id='word_1_536' title='bbox 950 2769 1065 2795; x_wconf 82' lang='lat' dir='ltr'><strong>Groitz-</strong></span> 
     </span>
     <span class='ocr_line' id='line_1_60' title="bbox 172 2810 1066 2845; baseline 0.001 -9"><span class='ocrx_word' id='word_1_537' title='bbox 172 2811 244 2841; x_wconf 78' lang='lat' dir='ltr'><strong>sebe,</strong></span> <span class='ocrx_word' id='word_1_538' title='bbox 264 2811 345 2845; x_wconf 75' lang='lat' dir='ltr'><strong>flgiio</strong></span> <span class='ocrx_word' id='word_1_539' title='bbox 364 2811 408 2836; x_wconf 88' lang='lat' dir='ltr'><strong>dei</strong></span> <span class='ocrx_word' id='word_1_540' title='bbox 428 2810 593 2843; x_wconf 79' lang='lat' dir='ltr'><strong>Margravio</strong></span> <span class='ocrx_word' id='word_1_541' title='bbox 612 2810 743 2837; x_wconf 78' lang='lat' dir='ltr'><strong>Corrado</strong></span> <span class='ocrx_word' id='word_1_542' title='bbox 765 2811 799 2837; x_wconf 87' lang='lat' dir='ltr'><strong>de</strong></span> <span class='ocrx_word' id='word_1_543' title='bbox 824 2812 946 2837; x_wconf 79' lang='lat' dir='ltr'><strong>Meissen</strong></span> <span class='ocrx_word' id='word_1_544' title='bbox 973 2820 988 2837; x_wconf 88' lang='lat' dir='ltr'><strong>e</strong></span> <span class='ocrx_word' id='word_1_545' title='bbox 1013 2813 1066 2838; x_wconf 79' lang='lat' dir='ltr'><strong>fra-</strong></span> 
     </span>
     <span class='ocr_line' id='line_1_61' title="bbox 172 2852 1066 2886; baseline 0.001 -8"><span class='ocrx_word' id='word_1_546' title='bbox 172 2853 244 2878; x_wconf 83' lang='lat' dir='ltr'><strong>tello</strong></span> <span class='ocrx_word' id='word_1_547' title='bbox 263 2852 309 2878; x_wconf 89' lang='lat' dir='ltr'><strong>dei</strong></span> <span class='ocrx_word' id='word_1_548' title='bbox 329 2853 494 2886; x_wconf 71' lang='lat' dir='ltr'><strong>Man-gravio</strong></span> <span class='ocrx_word' id='word_1_549' title='bbox 514 2852 675 2878; x_wconf 87' lang='lat' dir='ltr'><strong>Teodorico</strong></span> <span class='ocrx_word' id='word_1_550' title='bbox 694 2854 725 2879; x_wconf 86' lang='lat' dir='ltr'><strong>di</strong></span> <span class='ocrx_word' id='word_1_551' title='bbox 750 2853 876 2879; x_wconf 80' lang='lat' dir='ltr'><strong>Lausitz.</strong></span> <span class='ocrx_word' id='word_1_552' title='bbox 914 2852 1066 2884; x_wconf 56' lang='lat' dir='ltr'><strong>CbBoso,</strong></span> 
     </span>
     <span class='ocr_line' id='line_1_62' title="bbox 172 2894 1065 2929; baseline 0.002 -9"><span class='ocrx_word' id='word_1_553' title='bbox 172 2895 251 2921; x_wconf 68' lang='lat' dir='ltr'><strong>uber</strong></span> <span class='ocrx_word' id='word_1_554' title='bbox 268 2894 380 2926; x_wconf 64' lang='lat' dir='ltr'><strong>Pontis„</strong></span> <span class='ocrx_word' id='word_1_555' title='bbox 393 2894 427 2925; x_wconf 87' lang='lat'><strong>11.</strong></span> <span class='ocrx_word' id='word_1_556' title='bbox 441 2903 507 2928; x_wconf 74' lang='lat'>439³</span> <span class='ocrx_word' id='word_1_557' title='bbox 522 2896 535 2909; x_wconf 87' lang='lat'>“</span> <span class='ocrx_word' id='word_1_558' title='bbox 546 2895 628 2921; x_wconf 85' lang='lat' dir='ltr'><strong>Unde</strong></span> <span class='ocrx_word' id='word_1_559' title='bbox 642 2896 747 2921; x_wconf 75' lang='lat' dir='ltr'><strong>(actum</strong></span> <span class='ocrx_word' id='word_1_560' title='bbox 760 2899 803 2921; x_wconf 88' lang='lat' dir='ltr'><strong>est</strong></span> <span class='ocrx_word' id='word_1_561' title='bbox 816 2897 891 2929; x_wconf 89' lang='lat' dir='ltr'><strong>quod</strong></span> <span class='ocrx_word' id='word_1_562' title='bbox 906 2898 935 2921; x_wconf 85' lang='lat' dir='ltr'><strong>in</strong></span> <span class='ocrx_word' id='word_1_563' title='bbox 950 2897 1065 2923; x_wconf 80' lang='lat' dir='ltr'><strong>audien-</strong></span> 
     </span>
     <span class='ocr_line' id='line_1_63' title="bbox 175 2937 1066 2972; baseline 0.003 -10"><span class='ocrx_word' id='word_1_564' title='bbox 175 2937 241 2963; x_wconf 72' lang='lat' dir='ltr'><strong>“tia</strong></span> <span class='ocrx_word' id='word_1_565' title='bbox 258 2937 420 2963; x_wconf 86' lang='lat' dir='ltr'><strong>eorumdem</strong></span> <span class='ocrx_word' id='word_1_566' title='bbox 446 2938 636 2963; x_wconf 68' lang='lat' dir='ltr'><strong>cardinalium</strong></span> <span class='ocrx_word' id='word_1_567' title='bbox 656 2940 685 2963; x_wconf 88' lang='lat' dir='ltr'><strong>et</strong></span> <span class='ocrx_word' id='word_1_568' title='bbox 703 2939 866 2972; x_wconf 84' lang='lat' dir='ltr'><strong>principum</strong></span> <span class='ocrx_word' id='word_1_569' title='bbox 886 2939 998 2964; x_wconf 87' lang='lat' dir='ltr'><strong>Dedoni</strong></span> <span class='ocrx_word' id='word_1_570' title='bbox 1018 2947 1066 2966; x_wconf 84' lang='lat' dir='ltr'><strong>co-</strong></span> 
     </span>
    </p>
   </div>
   <div class='ocr_carea' id='block_1_24' title="bbox 59 2973 1064 3014">
    <p class='ocr_par' dir='ltr' id='par_1_29' title="bbox 49 2973 1064 3014">
     <span class='ocr_line' id='line_1_64' title="bbox 59 2973 1064 3014; baseline 0.004 -10.961"><span class='ocrx_word' id='word_1_571' title='bbox 59 2973 61 2986; x_wconf 72' lang='lat'>³</span> <span class='ocrx_word' id='word_1_572' title='bbox 112 2982 148 3009; x_wconf 80' lang='lat'><strong>3⁰</strong></span> <span class='ocrx_word' id='word_1_573' title='bbox 178 2979 277 3009; x_wconf 70' lang='lat' dir='ltr'><strong>“mitir</strong></span> <span class='ocrx_word' id='word_1_574' title='bbox 298 2979 360 3005; x_wconf 83' lang='lat' dir='ltr'><strong>tilio</strong></span> <span class='ocrx_word' id='word_1_575' title='bbox 385 2979 418 3005; x_wconf 88' lang='lat' dir='ltr'><strong>C.</strong></span> <span class='ocrx_word' id='word_1_576' title='bbox 442 2978 594 3013; x_wconf 82' lang='lat' dir='ltr'><strong>(Conrsdi)</strong></span> <span class='ocrx_word' id='word_1_577' title='bbox 620 2981 804 3012; x_wconf 80' lang='lat' dir='ltr'><strong>marchionis,</strong></span> <span class='ocrx_word' id='word_1_578' title='bbox 828 2983 954 3014; x_wconf 85' lang='lat' dir='ltr'><strong>precepit</strong></span> <span class='ocrx_word' id='word_1_579' title='bbox 978 2984 1010 3007; x_wconf 86' lang='lat' dir='ltr'><strong>ut</strong></span> <span class='ocrx_word' id='word_1_580' title='bbox 1036 2983 1064 3007; x_wconf 84' lang='lat' dir='ltr'><strong>in</strong></span> 
     </span>
    </p>
   </div>
   <div class='ocr_carea' id='block_1_25' title="bbox 173 3021 1066 3057">
    <p class='ocr_par' dir='ltr' id='par_1_30' title="bbox 173 3021 1066 3057">
     <span class='ocr_line' id='line_1_65' title="bbox 173 3021 1066 3057; baseline 0.001 -10"><span class='ocrx_word' id='word_1_581' title='bbox 173 3021 188 3036; x_wconf 81' lang='lat'><strong>⁴¹</strong></span> <span class='ocrx_word' id='word_1_582' title='bbox 198 3022 292 3048; x_wconf 76' lang='lat' dir='ltr'><strong>aalma</strong></span> <span class='ocrx_word' id='word_1_583' title='bbox 312 3029 361 3049; x_wconf 79' lang='lat' dir='ltr'><strong>sus</strong></span> <span class='ocrx_word' id='word_1_584' title='bbox 381 3028 475 3047; x_wconf 77' lang='lat' dir='ltr'><strong>coram</strong></span> <span class='ocrx_word' id='word_1_585' title='bbox 488 3022 595 3047; x_wconf 84' lang='lat' dir='ltr'><strong>domno</strong></span> <span class='ocrx_word' id='word_1_586' title='bbox 609 3029 689 3056; x_wconf 79' lang='lat' dir='ltr'><strong>papa.</strong></span> <span class='ocrx_word' id='word_1_587' title='bbox 705 3023 817 3048; x_wconf 79' lang='lat' dir='ltr'><strong>nuntiis</strong></span> <span class='ocrx_word' id='word_1_588' title='bbox 830 3024 903 3057; x_wconf 74' lang='lat' dir='ltr'><strong>regis</strong></span> <span class='ocrx_word' id='word_1_589' title='bbox 916 3023 1016 3049; x_wconf 83' lang='lat' dir='ltr'><strong>Sicilie</strong></span> <span class='ocrx_word' id='word_1_590' title='bbox 1034 3031 1066 3048; x_wconf 77' lang='grc' dir='ltr'><strong>ιι-</strong></span> 
     </span>
    </p>
   </div>
   <div class='ocr_carea' id='block_1_26' title="bbox 1118 1843 2020 3015">
    <p class='ocr_par' dir='ltr' id='par_1_31' title="bbox 1118 1843 2018 2551">
     <span class='ocr_line' id='line_1_66' title="bbox 1121 1843 2015 1877; baseline 0 -9"><span class='ocrx_word' id='word_1_591' title='bbox 1121 1843 1135 1857; x_wconf 82' lang='lat'><strong>¹¹</strong></span> <span class='ocrx_word' id='word_1_592' title='bbox 1145 1843 1326 1873; x_wconf 79' lang='lat' dir='ltr'><strong>Lombsrdis,</strong></span> <span class='ocrx_word' id='word_1_593' title='bbox 1339 1843 1453 1876; x_wconf 89' lang='lat' dir='ltr'><strong>publice</strong></span> <span class='ocrx_word' id='word_1_594' title='bbox 1466 1845 1574 1869; x_wconf 86' lang='lat' dir='ltr'><strong>iuraret</strong></span> <span class='ocrx_word' id='word_1_595' title='bbox 1587 1846 1616 1868; x_wconf 86' lang='lat' dir='ltr'><strong>in</strong></span> <span class='ocrx_word' id='word_1_596' title='bbox 1630 1844 1706 1869; x_wconf 88' lang='lat' dir='ltr'><strong>hunc</strong></span> <span class='ocrx_word' id='word_1_597' title='bbox 1719 1845 1848 1869; x_wconf 85' lang='lat' dir='ltr'><strong>modum=</strong></span> <span class='ocrx_word' id='word_1_598' title='bbox 1861 1843 1918 1877; x_wconf 70' lang='lat' dir='ltr'><strong>Ego</strong></span> <span class='ocrx_word' id='word_1_599' title='bbox 1933 1851 2015 1869; x_wconf 73' lang='lat' dir='ltr'><strong>comes</strong></span> 
     </span>
     <span class='ocr_line' id='line_1_67' title="bbox 1122 1885 2014 1917; baseline 0.001 -7"><span class='ocrx_word' id='word_1_600' title='bbox 1122 1886 1134 1898; x_wconf 77' lang='lat'><strong>⁸‘</strong></span> <span class='ocrx_word' id='word_1_601' title='bbox 1144 1886 1218 1910; x_wconf 76' lang='lat' dir='ltr'><strong>Dedo</strong></span> <span class='ocrx_word' id='word_1_602' title='bbox 1236 1885 1297 1910; x_wconf 75' lang='lat' dir='ltr'><strong>s&#39;uro</strong></span> <span class='ocrx_word' id='word_1_603' title='bbox 1315 1887 1388 1917; x_wconf 73' lang='lat' dir='ltr'><strong>quod</strong></span> <span class='ocrx_word' id='word_1_604' title='bbox 1403 1886 1515 1910; x_wconf 78' lang='lat' dir='ltr'><strong>domnus</strong></span> <span class='ocrx_word' id='word_1_605' title='bbox 1532 1887 1678 1917; x_wconf 72' lang='lat' dir='ltr'><strong>imperator</strong></span> <span class='ocrx_word' id='word_1_606' title='bbox 1694 1887 1833 1911; x_wconf 69' lang='lat' dir='ltr'><strong>mandavit</strong></span> <span class='ocrx_word' id='word_1_607' title='bbox 1850 1887 1920 1911; x_wconf 75' lang='lat' dir='ltr'><strong>uu&#39;lu&#39;</strong></span> <span class='ocrx_word' id='word_1_608' title='bbox 1935 1889 1967 1911; x_wconf 71' lang='lat' dir='ltr'><strong>ut</strong></span> <span class='ocrx_word' id='word_1_609' title='bbox 1983 1887 2014 1911; x_wconf 70' lang='lat' dir='ltr'><strong>ln</strong></span> 
     </span>
     <span class='ocr_line' id='line_1_68' title="bbox 1121 1927 2015 1959; baseline 0 -7"><span class='ocrx_word' id='word_1_610' title='bbox 1121 1927 1134 1940; x_wconf 80' lang='lat'><em>“</em></span> <span class='ocrx_word' id='word_1_611' title='bbox 1144 1928 1237 1952; x_wconf 69' lang='lat' dir='ltr'><strong>aalma</strong></span> <span class='ocrx_word' id='word_1_612' title='bbox 1247 1935 1297 1952; x_wconf 76' lang='lat' dir='ltr'><strong>m</strong></span> <span class='ocrx_word' id='word_1_613' title='bbox 1315 1928 1435 1952; x_wconf 71' lang='lat' dir='ltr'><strong>iurarem</strong></span> <span class='ocrx_word' id='word_1_614' title='bbox 1447 1929 1628 1952; x_wconf 73' lang='lat' dir='ltr'><strong>iuramentum</strong></span> <span class='ocrx_word' id='word_1_615' title='bbox 1640 1929 1712 1959; x_wconf 77' lang='lat' dir='ltr'><strong>quod</strong></span> <span class='ocrx_word' id='word_1_616' title='bbox 1723 1936 1794 1953; x_wconf 76' lang='lat' dir='ltr'><strong>nunc</strong></span> <span class='ocrx_word' id='word_1_617' title='bbox 1805 1927 1936 1959; x_wconf 69' lang='lat' dir='ltr'><strong>sac-tumes</strong></span> <span class='ocrx_word' id='word_1_618' title='bbox 1947 1936 2015 1958; x_wconf 74' lang='lat' dir='ltr'><strong>sum,</strong></span> 
     </span>
     <span class='ocr_line' id='line_1_69' title="bbox 1121 1970 2015 2003; baseline 0.001 -9"><span class='ocrx_word' id='word_1_619' title='bbox 1121 1970 1133 1983; x_wconf 76' lang='lat'><strong>¹⁴</strong></span> <span class='ocrx_word' id='word_1_620' title='bbox 1143 1972 1169 1994; x_wconf 69' lang='lat' dir='ltr'><strong>et</strong></span> <span class='ocrx_word' id='word_1_621' title='bbox 1177 1972 1318 2002; x_wconf 73' lang='lat' dir='ltr'><strong>postquam</strong></span> <span class='ocrx_word' id='word_1_622' title='bbox 1330 1970 1472 1996; x_wconf 76' lang='lat' dir='ltr'><strong>mandavit</strong></span> <span class='ocrx_word' id='word_1_623' title='bbox 1484 1978 1535 1994; x_wconf 79' lang='lat' dir='ltr'><strong>non</strong></span> <span class='ocrx_word' id='word_1_624' title='bbox 1548 1972 1676 1995; x_wconf 70' lang='lat' dir='ltr'><strong>revocavit</strong></span> <span class='ocrx_word' id='word_1_625' title='bbox 1689 1971 1852 1996; x_wconf 79' lang='lat' dir='ltr'><strong>mandatum.</strong></span> <span class='ocrx_word' id='word_1_626' title='bbox 1878 1970 1915 1994; x_wconf 77' lang='lat' dir='ltr'><strong>Et</strong></span> <span class='ocrx_word' id='word_1_627' title='bbox 1926 1978 1971 2003; x_wconf 81' lang='lat' dir='ltr'><strong>ego</strong></span> <span class='ocrx_word' id='word_1_628' title='bbox 1984 1978 2015 1995; x_wconf 78' lang='lat' dir='ltr'><strong>ex</strong></span> 
     </span>
     <span class='ocr_line' id='line_1_70' title="bbox 1119 2011 2014 2044; baseline 0 -8"><span class='ocrx_word' id='word_1_629' title='bbox 1119 2011 1132 2024; x_wconf 85' lang='lat'>“</span> <span class='ocrx_word' id='word_1_630' title='bbox 1145 2012 1268 2036; x_wconf 74' lang='lat' dir='ltr'><strong>mandato</strong></span> <span class='ocrx_word' id='word_1_631' title='bbox 1285 2012 1454 2044; x_wconf 55' lang='lat' dir='ltr'><strong>imparatam]</strong></span> <span class='ocrx_word' id='word_1_632' title='bbox 1471 2013 1531 2036; x_wconf 73' lang='lat' dir='ltr'><strong>iuro</strong></span> <span class='ocrx_word' id='word_1_633' title='bbox 1550 2013 1579 2037; x_wconf 69' lang='lat' dir='ltr'><strong>in</strong></span> <span class='ocrx_word' id='word_1_634' title='bbox 1592 2013 1683 2037; x_wconf 70' lang='lat' dir='ltr'><strong>anima</strong></span> <span class='ocrx_word' id='word_1_635' title='bbox 1696 2020 1746 2037; x_wconf 73' lang='lat' dir='ltr'><strong>sua</strong></span> <span class='ocrx_word' id='word_1_636' title='bbox 1758 2013 1827 2044; x_wconf 77' lang='lat' dir='ltr'><strong>quod</strong></span> <span class='ocrx_word' id='word_1_637' title='bbox 1837 2020 1869 2037; x_wconf 81' lang='lat' dir='ltr'><strong>ex</strong></span> <span class='ocrx_word' id='word_1_638' title='bbox 1881 2020 1930 2044; x_wconf 73' lang='lat' dir='ltr'><strong>quo</strong></span> <span class='ocrx_word' id='word_1_639' title='bbox 1941 2020 2014 2037; x_wconf 77' lang='lat' dir='ltr'><strong>vene-</strong></span> 
     </span>
     <span class='ocr_line' id='line_1_71' title="bbox 1120 2053 2016 2085; baseline 0 -7"><span class='ocrx_word' id='word_1_640' title='bbox 1120 2053 1132 2066; x_wconf 78' lang='lat'><strong>‘⁴</strong></span> <span class='ocrx_word' id='word_1_641' title='bbox 1144 2057 1182 2078; x_wconf 72' lang='lat' dir='ltr'><strong>ru</strong></span> <span class='ocrx_word' id='word_1_642' title='bbox 1200 2053 1330 2082; x_wconf 65' lang='lat' dir='ltr'><strong>Venulus,</strong></span> <span class='ocrx_word' id='word_1_643' title='bbox 1342 2055 1417 2079; x_wconf 75' lang='lat' dir='ltr'><strong>omni</strong></span> <span class='ocrx_word' id='word_1_644' title='bbox 1427 2055 1562 2085; x_wconf 75' lang='lat' dir='ltr'><strong>questione</strong></span> <span class='ocrx_word' id='word_1_645' title='bbox 1574 2057 1600 2078; x_wconf 77' lang='lat' dir='ltr'><strong>et</strong></span> <span class='ocrx_word' id='word_1_646' title='bbox 1610 2054 1815 2079; x_wconf 76' lang='lat' dir='ltr'><strong>contradictione</strong></span> <span class='ocrx_word' id='word_1_647' title='bbox 1828 2058 1924 2083; x_wconf 78' lang='lat' dir='ltr'><strong>amota,</strong></span> <span class='ocrx_word' id='word_1_648' title='bbox 1932 2054 2016 2084; x_wconf 71' lang='lat' dir='ltr'><strong>faciet</strong></span> 
     </span>
     <span class='ocr_line' id='line_1_72' title="bbox 1121 2096 2015 2128; baseline -0.001 -8"><span class='ocrx_word' id='word_1_649' title='bbox 1121 2098 1132 2108; x_wconf 71' lang='lat'><strong>*⁴</strong></span> <span class='ocrx_word' id='word_1_650' title='bbox 1144 2096 1236 2120; x_wconf 75' lang='lat' dir='ltr'><strong>iurari</strong></span> <span class='ocrx_word' id='word_1_651' title='bbox 1252 2096 1282 2120; x_wconf 74' lang='lat' dir='ltr'><strong>ln</strong></span> <span class='ocrx_word' id='word_1_652' title='bbox 1301 2097 1392 2120; x_wconf 69' lang='lat' dir='ltr'><strong>anima</strong></span> <span class='ocrx_word' id='word_1_653' title='bbox 1409 2103 1458 2121; x_wconf 81' lang='lat' dir='ltr'><strong>sua</strong></span> <span class='ocrx_word' id='word_1_654' title='bbox 1477 2097 1548 2128; x_wconf 68' lang='lat' dir='ltr'><strong>quod</strong></span> <span class='ocrx_word' id='word_1_655' title='bbox 1560 2099 1653 2128; x_wconf 72' lang='lat' dir='ltr'><strong>pacem</strong></span> <span class='ocrx_word' id='word_1_656' title='bbox 1671 2096 1795 2124; x_wconf 74' lang='lat' dir='ltr'><strong>Ecclest&#39;e,</strong></span> <span class='ocrx_word' id='word_1_657' title='bbox 1812 2098 1879 2120; x_wconf 74' lang='lat' dir='ltr'><strong>sicut</strong></span> <span class='ocrx_word' id='word_1_658' title='bbox 1891 2097 2015 2128; x_wconf 69' lang='lat' dir='ltr'><strong>disposita</strong></span> 
     </span>
     <span class='ocr_line' id='line_1_73' title="bbox 1121 2138 2016 2171; baseline -0.001 -8"><span class='ocrx_word' id='word_1_659' title='bbox 1121 2139 1133 2151; x_wconf 62' lang='lat'><strong>‘⁴</strong></span> <span class='ocrx_word' id='word_1_660' title='bbox 1145 2141 1183 2163; x_wconf 75' lang='lat' dir='ltr'><strong>cst</strong></span> <span class='ocrx_word' id='word_1_661' title='bbox 1197 2141 1249 2170; x_wconf 73' lang='lat' dir='ltr'><strong>per</strong></span> <span class='ocrx_word' id='word_1_662' title='bbox 1265 2139 1420 2163; x_wconf 69' lang='lat' dir='ltr'><strong>mediatores</strong></span> <span class='ocrx_word' id='word_1_663' title='bbox 1438 2141 1463 2162; x_wconf 77' lang='lat' dir='ltr'><strong>et</strong></span> <span class='ocrx_word' id='word_1_664' title='bbox 1480 2140 1591 2171; x_wconf 73' lang='lat' dir='ltr'><strong>scripta,</strong></span> <span class='ocrx_word' id='word_1_665' title='bbox 1609 2141 1635 2163; x_wconf 76' lang='lat' dir='ltr'><strong>et</strong></span> <span class='ocrx_word' id='word_1_666' title='bbox 1642 2141 1734 2171; x_wconf 71' lang='lat' dir='ltr'><strong>pacem</strong></span> <span class='ocrx_word' id='word_1_667' title='bbox 1747 2140 1818 2171; x_wconf 74' lang='lat' dir='ltr'><strong>regis</strong></span> <span class='ocrx_word' id='word_1_668' title='bbox 1830 2138 1922 2163; x_wconf 72' lang='lat' dir='ltr'><strong>Sicilie</strong></span> <span class='ocrx_word' id='word_1_669' title='bbox 1934 2145 2016 2170; x_wconf 76' lang='lat' dir='ltr'><strong>usque</strong></span> 
     </span>
     <span class='ocr_line' id='line_1_74' title="bbox 1121 2180 2017 2212; baseline 0 -8"><span class='ocrx_word' id='word_1_670' title='bbox 1121 2182 1133 2193; x_wconf 72' lang='lat'><strong>⁴⁴</strong></span> <span class='ocrx_word' id='word_1_671' title='bbox 1144 2181 1181 2204; x_wconf 79' lang='lat' dir='ltr'><strong>ad</strong></span> <span class='ocrx_word' id='word_1_672' title='bbox 1198 2180 1260 2205; x_wconf 84' lang='lat' dir='ltr'><strong>XV</strong></span> <span class='ocrx_word' id='word_1_673' title='bbox 1271 2187 1366 2208; x_wconf 75' lang='lat' dir='ltr'><strong>annos,</strong></span> <span class='ocrx_word' id='word_1_674' title='bbox 1383 2181 1452 2205; x_wconf 71' lang='lat' dir='ltr'><strong>sicut</strong></span> <span class='ocrx_word' id='word_1_675' title='bbox 1468 2182 1568 2212; x_wconf 70' lang='lat' dir='ltr'><strong>scripta</strong></span> <span class='ocrx_word' id='word_1_676' title='bbox 1586 2183 1635 2209; x_wconf 75' lang='lat' dir='ltr'><strong>est,</strong></span> <span class='ocrx_word' id='word_1_677' title='bbox 1653 2183 1679 2204; x_wconf 80' lang='lat' dir='ltr'><strong>et</strong></span> <span class='ocrx_word' id='word_1_678' title='bbox 1697 2183 1839 2212; x_wconf 73' lang='lat' dir='ltr'><strong>treug-uam</strong></span> <span class='ocrx_word' id='word_1_679' title='bbox 1863 2180 2017 2204; x_wconf 78' lang='lat' dir='ltr'><strong>Lombardo-</strong></span> 
     </span>
     <span class='ocr_line' id='line_1_75' title="bbox 1120 2223 2015 2254; baseline -0.001 -7"><span class='ocrx_word' id='word_1_680' title='bbox 1120 2223 1133 2235; x_wconf 66' lang='lat'><strong>‘¹</strong></span> <span class='ocrx_word' id='word_1_681' title='bbox 1143 2229 1217 2251; x_wconf 70' lang='lat' dir='ltr'><strong>mm,</strong></span> <span class='ocrx_word' id='word_1_682' title='bbox 1235 2223 1303 2247; x_wconf 66' lang='lat' dir='ltr'><strong>sicia</strong></span> <span class='ocrx_word' id='word_1_683' title='bbox 1320 2225 1358 2247; x_wconf 72' lang='lat' dir='ltr'><strong>est</strong></span> <span class='ocrx_word' id='word_1_684' title='bbox 1371 2225 1423 2254; x_wconf 73' lang='lat' dir='ltr'><strong>per</strong></span> <span class='ocrx_word' id='word_1_685' title='bbox 1435 2223 1588 2247; x_wconf 76' lang='lat' dir='ltr'><strong>mediatores</strong></span> <span class='ocrx_word' id='word_1_686' title='bbox 1600 2224 1839 2254; x_wconf 73' lang='lat' dir='ltr'><strong>utriusquepartis</strong></span> <span class='ocrx_word' id='word_1_687' title='bbox 1851 2223 2015 2254; x_wconf 71' lang='lat' dir='ltr'><strong>dispositum,</strong></span> 
     </span>
     <span class='ocr_line' id='line_1_76' title="bbox 1121 2265 2016 2297; baseline -0.001 -8"><span class='ocrx_word' id='word_1_688' title='bbox 1121 2266 1133 2278; x_wconf 83' lang='lat'>“</span> <span class='ocrx_word' id='word_1_689' title='bbox 1144 2267 1170 2289; x_wconf 75' lang='lat' dir='ltr'><strong>et</strong></span> <span class='ocrx_word' id='word_1_690' title='bbox 1186 2265 1216 2289; x_wconf 69' lang='lat' dir='ltr'><strong>in</strong></span> <span class='ocrx_word' id='word_1_691' title='bbox 1234 2266 1331 2297; x_wconf 70' lang='lat' dir='ltr'><strong>scripto</strong></span> <span class='ocrx_word' id='word_1_692' title='bbox 1348 2265 1420 2296; x_wconf 79' lang='lat' dir='ltr'><strong>quod</strong></span> <span class='ocrx_word' id='word_1_693' title='bbox 1435 2267 1473 2289; x_wconf 76' lang='lat' dir='ltr'><strong>est</strong></span> <span class='ocrx_word' id='word_1_694' title='bbox 1490 2265 1564 2297; x_wconf 69' lang='lat' dir='ltr'><strong>apud</strong></span> <span class='ocrx_word' id='word_1_695' title='bbox 1579 2265 1678 2289; x_wconf 78' lang='lat' dir='ltr'><strong>eosdem</strong></span> <span class='ocrx_word' id='word_1_696' title='bbox 1691 2265 1846 2289; x_wconf 71' lang='lat' dir='ltr'><strong>mediatores</strong></span> <span class='ocrx_word' id='word_1_697' title='bbox 1856 2265 2016 2292; x_wconf 68' lang='lat' dir='ltr'><strong>continetur,</strong></span> 
     </span>
     <span class='ocr_line' id='line_1_77' title="bbox 1118 2305 2015 2340; baseline -0.001 -8"><span class='ocrx_word' id='word_1_698' title='bbox 1118 2306 1132 2321; x_wconf 82' lang='lat'><strong>⁴¹</strong></span> <span class='ocrx_word' id='word_1_699' title='bbox 1145 2308 1210 2332; x_wconf 74' lang='lat' dir='ltr'><strong>bona</strong></span> <span class='ocrx_word' id='word_1_700' title='bbox 1222 2307 1280 2340; x_wconf 74' lang='lat' dir='ltr'><strong>fida</strong></span> <span class='ocrx_word' id='word_1_701' title='bbox 1298 2308 1420 2337; x_wconf 72' lang='lat' dir='ltr'><strong>servabit,</strong></span> <span class='ocrx_word' id='word_1_702' title='bbox 1437 2310 1463 2332; x_wconf 76' lang='lat' dir='ltr'><strong>et</strong></span> <span class='ocrx_word' id='word_1_703' title='bbox 1478 2308 1615 2339; x_wconf 56' lang='lat' dir='ltr'><strong>principes</strong></span> <span class='ocrx_word' id='word_1_704' title='bbox 1632 2315 1692 2332; x_wconf 76' lang='lat' dir='ltr'><strong>suos</strong></span> <span class='ocrx_word' id='word_1_705' title='bbox 1709 2307 1756 2331; x_wconf 75' lang='lat' dir='ltr'><strong>hoc</strong></span> <span class='ocrx_word' id='word_1_706' title='bbox 1767 2308 1856 2339; x_wconf 74' lang='lat' dir='ltr'><strong>ipsum</strong></span> <span class='ocrx_word' id='word_1_707' title='bbox 1869 2305 2015 2337; x_wconf 65' lang='lat' dir='ltr'><strong>furoresa-</strong></span> 
     </span>
     <span class='ocr_line' id='line_1_78' title="bbox 1119 2349 2014 2384; baseline -0.001 -10"><span class='ocrx_word' id='word_1_708' title='bbox 1119 2350 1132 2363; x_wconf 82' lang='lat'><strong>¹‘</strong></span> <span class='ocrx_word' id='word_1_709' title='bbox 1143 2350 1202 2374; x_wconf 70' lang='lat' dir='ltr'><strong>ciet.</strong></span> <span class='ocrx_word' id='word_1_710' title='bbox 1238 2349 1336 2374; x_wconf 87' lang='lat' dir='ltr'><strong>Simili</strong></span> <span class='ocrx_word' id='word_1_711' title='bbox 1350 2350 1435 2375; x_wconf 87' lang='lat' dir='ltr'><strong>modo</strong></span> <span class='ocrx_word' id='word_1_712' title='bbox 1449 2350 1576 2384; x_wconf 79' lang='lat' dir='ltr'><strong>precepit</strong></span> <span class='ocrx_word' id='word_1_713' title='bbox 1589 2349 1736 2383; x_wconf 86' lang='lat' dir='ltr'><strong>Sigiiboth</strong></span> <span class='ocrx_word' id='word_1_714' title='bbox 1750 2350 1906 2374; x_wconf 86' lang='lat' dir='ltr'><strong>camerario</strong></span> <span class='ocrx_word' id='word_1_715' title='bbox 1921 2356 1971 2374; x_wconf 83' lang='lat' dir='ltr'><strong>suo</strong></span> <span class='ocrx_word' id='word_1_716' title='bbox 1986 2351 2014 2373; x_wconf 86' lang='lat' dir='ltr'><strong>in</strong></span> 
     </span>
     <span class='ocr_line' id='line_1_79' title="bbox 1119 2391 2017 2425; baseline -0.001 -9"><span class='ocrx_word' id='word_1_717' title='bbox 1119 2392 1132 2406; x_wconf 85' lang='lat'><strong>¹¹</strong></span> <span class='ocrx_word' id='word_1_718' title='bbox 1143 2392 1216 2417; x_wconf 85' lang='lat' dir='ltr'><strong>hunc</strong></span> <span class='ocrx_word' id='word_1_719' title='bbox 1238 2392 1366 2416; x_wconf 88' lang='lat' dir='ltr'><strong>modum:</strong></span> <span class='ocrx_word' id='word_1_720' title='bbox 1390 2393 1449 2425; x_wconf 73' lang='lat' dir='ltr'><strong>Ego</strong></span> <span class='ocrx_word' id='word_1_721' title='bbox 1469 2391 1601 2425; x_wconf 68' lang='lat' dir='ltr'><strong>Siguhotla</strong></span> <span class='ocrx_word' id='word_1_722' title='bbox 1619 2393 1680 2417; x_wconf 75' lang='lat' dir='ltr'><strong>{uro</strong></span> <span class='ocrx_word' id='word_1_723' title='bbox 1699 2393 1770 2423; x_wconf 78' lang='lat' dir='ltr'><strong>quod</strong></span> <span class='ocrx_word' id='word_1_724' title='bbox 1785 2399 1818 2416; x_wconf 74' lang='lat' dir='ltr'><strong>cx</strong></span> <span class='ocrx_word' id='word_1_725' title='bbox 1836 2398 1887 2423; x_wconf 73' lang='lat' dir='ltr'><strong>quo</strong></span> <span class='ocrx_word' id='word_1_726' title='bbox 1906 2392 2017 2416; x_wconf 74' lang='lat' dir='ltr'><strong>domnus</strong></span> 
     </span>
     <span class='ocr_line' id='line_1_80' title="bbox 1120 2434 2018 2467; baseline -0.001 -8"><span class='ocrx_word' id='word_1_727' title='bbox 1120 2434 1133 2448; x_wconf 68' lang='lat'><strong>⁸</strong></span> <span class='ocrx_word' id='word_1_728' title='bbox 1145 2435 1290 2467; x_wconf 70' lang='lat' dir='ltr'><strong>Imperator·</strong></span> <span class='ocrx_word' id='word_1_729' title='bbox 1306 2435 1409 2461; x_wconf 67' lang='lat' dir='ltr'><strong>veneris</strong></span> <span class='ocrx_word' id='word_1_730' title='bbox 1432 2435 1563 2464; x_wconf 69' lang='lat' dir='ltr'><strong>Venatus,</strong></span> <span class='ocrx_word' id='word_1_731' title='bbox 1578 2435 1729 2467; x_wconf 71' lang='lat' dir='ltr'><strong>predictum</strong></span> <span class='ocrx_word' id='word_1_732' title='bbox 1747 2436 1928 2459; x_wconf 76' lang='lat' dir='ltr'><strong>iuramentum</strong></span> <span class='ocrx_word' id='word_1_733' title='bbox 1943 2434 2018 2466; x_wconf 72' lang='lat' dir='ltr'><strong>pacis</strong></span> 
     </span>
     <span class='ocr_line' id='line_1_81' title="bbox 1120 2475 2017 2509; baseline -0.002 -8"><span class='ocrx_word' id='word_1_734' title='bbox 1120 2477 1134 2490; x_wconf 81' lang='lat'><strong>¹¹</strong></span> <span class='ocrx_word' id='word_1_735' title='bbox 1144 2475 1257 2502; x_wconf 71' lang='lat' dir='ltr'><strong>Ecclesia</strong></span> <span class='ocrx_word' id='word_1_736' title='bbox 1273 2479 1300 2501; x_wconf 71' lang='lat' dir='ltr'><strong>ct</strong></span> <span class='ocrx_word' id='word_1_737' title='bbox 1320 2478 1391 2509; x_wconf 74' lang='lat' dir='ltr'><strong>regis</strong></span> <span class='ocrx_word' id='word_1_738' title='bbox 1417 2477 1510 2502; x_wconf 70' lang='lat' dir='ltr'><strong>Sz&#39;ct‘h’e</strong></span> <span class='ocrx_word' id='word_1_739' title='bbox 1533 2479 1560 2500; x_wconf 76' lang='lat' dir='ltr'><strong>et</strong></span> <span class='ocrx_word' id='word_1_740' title='bbox 1575 2479 1687 2509; x_wconf 65' lang='lat' dir='ltr'><strong>ereugus</strong></span> <span class='ocrx_word' id='word_1_741' title='bbox 1712 2476 1918 2501; x_wconf 75' lang='lat' dir='ltr'><strong>lombardorum</strong></span> <span class='ocrx_word' id='word_1_742' title='bbox 1928 2475 2017 2506; x_wconf 72' lang='lat' dir='ltr'><strong>factet</strong></span> 
     </span>
     <span class='ocr_line' id='line_1_82' title="bbox 1122 2517 2016 2551; baseline -0.001 -8"><span class='ocrx_word' id='word_1_743' title='bbox 1122 2518 1135 2531; x_wconf 74' lang='lat'><strong>‘¹</strong></span> <span class='ocrx_word' id='word_1_744' title='bbox 1142 2519 1263 2550; x_wconf 64' lang='lat' dir='ltr'><strong>prestari</strong></span> <span class='ocrx_word' id='word_1_745' title='bbox 1275 2519 1303 2544; x_wconf 71' lang='lat' dir='ltr'><strong>in</strong></span> <span class='ocrx_word' id='word_1_746' title='bbox 1311 2520 1403 2544; x_wconf 72' lang='lat' dir='ltr'><strong>anirna</strong></span> <span class='ocrx_word' id='word_1_747' title='bbox 1412 2527 1468 2548; x_wconf 80' lang='lat' dir='ltr'><strong>sua,</strong></span> <span class='ocrx_word' id='word_1_748' title='bbox 1482 2521 1508 2544; x_wconf 74' lang='lat' dir='ltr'><strong>et</strong></span> <span class='ocrx_word' id='word_1_749' title='bbox 1516 2519 1652 2551; x_wconf 69' lang='lat' dir='ltr'><strong>principes</strong></span> <span class='ocrx_word' id='word_1_750' title='bbox 1663 2519 1791 2543; x_wconf 70' lang='lat' dir='ltr'><strong>similiter</strong></span> <span class='ocrx_word' id='word_1_751' title='bbox 1799 2517 1982 2549; x_wconf 67' lang='lat' dir='ltr'><strong>dur-arefaciet</strong></span> <span class='ocrx_word' id='word_1_752' title='bbox 1991 2534 2016 2549; x_wconf 73' lang='lat'><strong>„-</strong></span> 
     </span>
    </p>

    <p class='ocr_par' dir='ltr' id='par_1_32' title="bbox 1120 2558 2020 3015">
     <span class='ocr_line' id='line_1_83' title="bbox 1207 2558 2015 2593; baseline -0.002 -7"><span class='ocrx_word' id='word_1_753' title='bbox 1207 2560 1250 2586; x_wconf 84' lang='lat' dir='ltr'><strong>La</strong></span> <span class='ocrx_word' id='word_1_754' title='bbox 1267 2561 1309 2586; x_wconf 72' lang='lat' dir='ltr'><strong>De</strong></span> <span class='ocrx_word' id='word_1_755' title='bbox 1323 2564 1388 2593; x_wconf 65' lang='lat' dir='ltr'><strong>paee</strong></span> <span class='ocrx_word' id='word_1_756' title='bbox 1406 2560 1502 2586; x_wconf 64' lang='lat' dir='ltr'><strong>Venta</strong></span> <span class='ocrx_word' id='word_1_757' title='bbox 1514 2561 1617 2592; x_wconf 74' lang='lat' dir='ltr'><strong>relatio,</strong></span> <span class='ocrx_word' id='word_1_758' title='bbox 1637 2562 1695 2589; x_wconf 63' lang='lat' dir='ltr'><strong>cit„</strong></span> <span class='ocrx_word' id='word_1_759' title='bbox 1709 2567 1735 2592; x_wconf 88' lang='lat' dir='ltr'><strong>p.</strong></span> <span class='ocrx_word' id='word_1_760' title='bbox 1750 2559 1810 2592; x_wconf 81' lang='lat'><strong>462,</strong></span> <span class='ocrx_word' id='word_1_761' title='bbox 1824 2558 1860 2584; x_wconf 76' lang='grc' dir='ltr'><strong>ἀὲ</strong></span> <span class='ocrx_word' id='word_1_762' title='bbox 1874 2560 2015 2592; x_wconf 81' lang='lat' dir='ltr'><strong>maggiori</strong></span> 
     </span>
     <span class='ocr_line' id='line_1_84' title="bbox 1121 2601 2016 2636; baseline -0.002 -9"><span class='ocrx_word' id='word_1_763' title='bbox 1121 2602 1288 2636; x_wconf 77' lang='lat' dir='ltr'><strong>particulari</strong></span> <span class='ocrx_word' id='word_1_764' title='bbox 1310 2602 1384 2627; x_wconf 87' lang='lat' dir='ltr'><strong>sulla</strong></span> <span class='ocrx_word' id='word_1_765' title='bbox 1404 2603 1470 2627; x_wconf 77' lang='lat' dir='ltr'><strong>data</strong></span> <span class='ocrx_word' id='word_1_766' title='bbox 1490 2603 1522 2627; x_wconf 90' lang='lat' dir='ltr'><strong>ed</strong></span> <span class='ocrx_word' id='word_1_767' title='bbox 1543 2603 1631 2627; x_wconf 81' lang='lat' dir='ltr'><strong>anche</strong></span> <span class='ocrx_word' id='word_1_768' title='bbox 1650 2602 1726 2626; x_wconf 84' lang='lat' dir='ltr'><strong>suiia</strong></span> <span class='ocrx_word' id='word_1_769' title='bbox 1746 2601 1871 2626; x_wconf 80' lang='lat' dir='ltr'><strong>formula</strong></span> <span class='ocrx_word' id='word_1_770' title='bbox 1890 2601 1934 2626; x_wconf 86' lang='lat' dir='ltr'><strong>del</strong></span> <span class='ocrx_word' id='word_1_771' title='bbox 1954 2602 2016 2635; x_wconf 75' lang='lat' dir='ltr'><strong>giu·</strong></span> 
     </span>
     <span class='ocr_line' id='line_1_85' title="bbox 1120 2644 2016 2677; baseline -0.001 -8"><span class='ocrx_word' id='word_1_772' title='bbox 1120 2646 1262 2670; x_wconf 76' lang='lat' dir='ltr'><strong>ramento:</strong></span> <span class='ocrx_word' id='word_1_773' title='bbox 1282 2646 1295 2659; x_wconf 80' lang='lat'>“</span> <span class='ocrx_word' id='word_1_774' title='bbox 1306 2645 1433 2670; x_wconf 80' lang='lat' dir='ltr'><strong>Tandem</strong></span> <span class='ocrx_word' id='word_1_775' title='bbox 1454 2645 1590 2677; x_wconf 76' lang='lat' dir='ltr'><strong>capitulis</strong></span> <span class='ocrx_word' id='word_1_776' title='bbox 1605 2645 1737 2669; x_wconf 74' lang='lat' dir='ltr'><strong>formatis</strong></span> <span class='ocrx_word' id='word_1_777' title='bbox 1750 2646 1835 2676; x_wconf 84' lang='lat' dir='ltr'><strong>atque</strong></span> <span class='ocrx_word' id='word_1_778' title='bbox 1848 2644 2016 2676; x_wconf 81' lang='lat' dir='ltr'><strong>compositis</strong></span> 
     </span>
     <span class='ocr_line' id='line_1_86' title="bbox 1123 2687 2015 2721; baseline -0.001 -9"><span class='ocrx_word' id='word_1_779' title='bbox 1123 2687 1175 2712; x_wconf 74' lang='lat' dir='ltr'><strong>“et</strong></span> <span class='ocrx_word' id='word_1_780' title='bbox 1194 2687 1226 2712; x_wconf 89' lang='lat' dir='ltr'><strong>in</strong></span> <span class='ocrx_word' id='word_1_781' title='bbox 1245 2687 1340 2712; x_wconf 82' lang='lat' dir='ltr'><strong>rotula</strong></span> <span class='ocrx_word' id='word_1_782' title='bbox 1366 2695 1466 2721; x_wconf 82' lang='lat' dir='ltr'><strong>magna</strong></span> <span class='ocrx_word' id='word_1_783' title='bbox 1492 2689 1674 2720; x_wconf 81' lang='lat' dir='ltr'><strong>conscriptis,</strong></span> <span class='ocrx_word' id='word_1_784' title='bbox 1703 2687 1773 2711; x_wconf 77' lang='lat' dir='ltr'><strong>feris</strong></span> <span class='ocrx_word' id='word_1_785' title='bbox 1803 2689 1891 2717; x_wconf 74' lang='lat' dir='ltr'><strong>sexta,</strong></span> <span class='ocrx_word' id='word_1_786' title='bbox 1915 2689 2015 2719; x_wconf 79' lang='lat' dir='ltr'><strong>quarta</strong></span> 
     </span>
     <span class='ocr_line' id='line_1_87' title="bbox 1121 2729 2016 2761; baseline -0.001 -7"><span class='ocrx_word' id='word_1_787' title='bbox 1121 2729 1257 2754; x_wconf 84' lang='lat' dir='ltr'><strong>“seilicet</strong></span> <span class='ocrx_word' id='word_1_788' title='bbox 1276 2729 1322 2755; x_wconf 87' lang='lat' dir='ltr'><strong>die</strong></span> <span class='ocrx_word' id='word_1_789' title='bbox 1341 2732 1407 2755; x_wconf 86' lang='lat' dir='ltr'><strong>ante</strong></span> <span class='ocrx_word' id='word_1_790' title='bbox 1426 2730 1614 2754; x_wconf 78' lang='lat' dir='ltr'><strong>festivitatem</strong></span> <span class='ocrx_word' id='word_1_791' title='bbox 1642 2730 1734 2754; x_wconf 75' lang='lat' dir='ltr'><strong>sancti</strong></span> <span class='ocrx_word' id='word_1_792' title='bbox 1759 2729 1855 2753; x_wconf 79' lang='lat' dir='ltr'><strong>iacobi</strong></span> <span class='ocrx_word' id='word_1_793' title='bbox 1880 2729 2016 2761; x_wconf 81' lang='lat' dir='ltr'><strong>apostoli,</strong></span> 
     </span>
     <span class='ocr_line' id='line_1_88' title="bbox 1122 2770 2015 2805; baseline -0.001 -9"><span class='ocrx_word' id='word_1_794' title='bbox 1122 2771 1202 2804; x_wconf 71' lang='lat' dir='ltr'><strong>“pax</strong></span> <span class='ocrx_word' id='word_1_795' title='bbox 1219 2773 1262 2796; x_wconf 81' lang='lat' dir='ltr'><strong>est</strong></span> <span class='ocrx_word' id='word_1_796' title='bbox 1282 2771 1396 2805; x_wconf 88' lang='lat' dir='ltr'><strong>publice</strong></span> <span class='ocrx_word' id='word_1_797' title='bbox 1415 2771 1595 2796; x_wconf 73' lang='lat' dir='ltr'><strong>denuntiata.</strong></span> <span class='ocrx_word' id='word_1_798' title='bbox 1632 2770 1713 2796; x_wconf 86' lang='lat' dir='ltr'><strong>Nunc</strong></span> <span class='ocrx_word' id='word_1_799' title='bbox 1734 2778 1801 2795; x_wconf 87' lang='lat' dir='ltr'><strong>mox</strong></span> <span class='ocrx_word' id='word_1_800' title='bbox 1820 2778 1891 2803; x_wconf 80' lang='lat' dir='ltr'><strong>papa</strong></span> <span class='ocrx_word' id='word_1_801' title='bbox 1918 2771 1951 2795; x_wconf 88' lang='lat' dir='ltr'><strong>de</strong></span> <span class='ocrx_word' id='word_1_802' title='bbox 1977 2778 2015 2795; x_wconf 81' lang='lat' dir='ltr'><strong>se-</strong></span> 
     </span>
     <span class='ocr_line' id='line_1_89' title="bbox 1122 2812 2017 2845; baseline -0.001 -7"><span class='ocrx_word' id='word_1_803' title='bbox 1122 2812 1135 2826; x_wconf 75' lang='lat' dir='ltr'><strong>a</strong></span> <span class='ocrx_word' id='word_1_804' title='bbox 1147 2814 1268 2839; x_wconf 79' lang='lat' dir='ltr'><strong>eretario</strong></span> <span class='ocrx_word' id='word_1_805' title='bbox 1288 2821 1340 2838; x_wconf 85' lang='lat' dir='ltr'><strong>suo</strong></span> <span class='ocrx_word' id='word_1_806' title='bbox 1369 2815 1396 2838; x_wconf 86' lang='lat' dir='ltr'><strong>in</strong></span> <span class='ocrx_word' id='word_1_807' title='bbox 1425 2814 1628 2838; x_wconf 87' lang='lat' dir='ltr'><strong>consistorium</strong></span> <span class='ocrx_word' id='word_1_808' title='bbox 1656 2813 1795 2845; x_wconf 83' lang='lat' dir='ltr'><strong>processit</strong></span> <span class='ocrx_word' id='word_1_809' title='bbox 1822 2812 1916 2845; x_wconf 86' lang='lat' dir='ltr'><strong>ibique</strong></span> <span class='ocrx_word' id='word_1_810' title='bbox 1942 2814 2017 2837; x_wconf 83' lang='lat' dir='ltr'><strong>iura-</strong></span> 
     </span>
     <span class='ocr_line' id='line_1_90' title="bbox 1121 2855 2015 2888; baseline -0.001 -8"><span class='ocrx_word' id='word_1_811' title='bbox 1121 2855 1134 2869; x_wconf 85' lang='lat'><strong>¹¹</strong></span> <span class='ocrx_word' id='word_1_812' title='bbox 1147 2857 1240 2881; x_wconf 83' lang='lat' dir='ltr'><strong>menta</strong></span> <span class='ocrx_word' id='word_1_813' title='bbox 1260 2857 1345 2881; x_wconf 78' lang='lat' dir='ltr'><strong>tactis</strong></span> <span class='ocrx_word' id='word_1_814' title='bbox 1365 2856 1555 2881; x_wconf 73' lang='lat' dir='ltr'><strong>sacrosanctis</strong></span> <span class='ocrx_word' id='word_1_815' title='bbox 1574 2855 1734 2888; x_wconf 81' lang='lat' dir='ltr'><strong>evangeliis</strong></span> <span class='ocrx_word' id='word_1_816' title='bbox 1749 2863 1763 2880; x_wconf 74' lang='lat' dir='ltr'><strong>a</strong></span> <span class='ocrx_word' id='word_1_817' title='bbox 1778 2855 1952 2888; x_wconf 87' lang='lat' dir='ltr'><strong>primoribus</strong></span> <span class='ocrx_word' id='word_1_818' title='bbox 1965 2856 2015 2881; x_wconf 86' lang='lat' dir='ltr'><strong>im-</strong></span> 
     </span>
     <span class='ocr_line' id='line_1_91' title="bbox 1123 2897 2017 2931; baseline -0.001 -8"><span class='ocrx_word' id='word_1_819' title='bbox 1123 2897 1287 2931; x_wconf 74' lang='lat' dir='ltr'><strong>“peratoris</strong></span> <span class='ocrx_word' id='word_1_820' title='bbox 1307 2898 1440 2923; x_wconf 80' lang='lat' dir='ltr'><strong>audiente</strong></span> <span class='ocrx_word' id='word_1_821' title='bbox 1460 2901 1538 2923; x_wconf 84' lang='lat' dir='ltr'><strong>omni</strong></span> <span class='ocrx_word' id='word_1_822' title='bbox 1561 2898 1670 2931; x_wconf 85' lang='lat' dir='ltr'><strong>populo</strong></span> <span class='ocrx_word' id='word_1_823' title='bbox 1690 2898 1824 2931; x_wconf 81' lang='lat' dir='ltr'><strong>suscepit.</strong></span> <span class='ocrx_word' id='word_1_824' title='bbox 1861 2897 1963 2925; x_wconf 77' lang='lat' dir='ltr'><strong>Modus</strong></span> <span class='ocrx_word' id='word_1_825' title='bbox 1977 2905 2017 2922; x_wconf 81' lang='lat' dir='ltr'><strong>sa-</strong></span> 
     </span>
     <span class='ocr_line' id='line_1_92' title="bbox 1121 2940 2020 2973; baseline 0.001 -10"><span class='ocrx_word' id='word_1_826' title='bbox 1121 2940 1280 2966; x_wconf 77' lang='lat' dir='ltr'><strong>“cramenti</strong></span> <span class='ocrx_word' id='word_1_827' title='bbox 1302 2941 1348 2966; x_wconf 89' lang='lat' dir='ltr'><strong>hic</strong></span> <span class='ocrx_word' id='word_1_828' title='bbox 1368 2944 1442 2966; x_wconf 75' lang='lat' dir='ltr'><strong>erat:</strong></span> <span class='ocrx_word' id='word_1_829' title='bbox 1465 2941 1521 2973; x_wconf 74' lang='lat' dir='ltr'><strong>Ego</strong></span> <span class='ocrx_word' id='word_1_830' title='bbox 1547 2941 1584 2966; x_wconf 90' lang='lat' dir='ltr'><strong>N.</strong></span> <span class='ocrx_word' id='word_1_831' title='bbox 1608 2940 1660 2972; x_wconf 71' lang='lat' dir='ltr'><strong>qut</strong></span> <span class='ocrx_word' id='word_1_832' title='bbox 1681 2948 1740 2964; x_wconf 79' lang='lat' dir='ltr'><strong>sum</strong></span> <span class='ocrx_word' id='word_1_833' title='bbox 1761 2941 1888 2972; x_wconf 69' lang='lat' dir='ltr'><strong>princeps</strong></span> <span class='ocrx_word' id='word_1_834' title='bbox 1909 2940 2020 2971; x_wconf 66' lang='lat' dir='ltr'><strong>imperii</strong></span> 
     </span>
     <span class='ocr_line' id='line_1_93' title="bbox 1122 2981 2016 3015; baseline -0.001 -8"><span class='ocrx_word' id='word_1_835' title='bbox 1122 2981 1134 2995; x_wconf 85' lang='lat'><em>“</em></span> <span class='ocrx_word' id='word_1_836' title='bbox 1147 2981 1272 3011; x_wconf 69' lang='lat' dir='ltr'><strong>Romul,</strong></span> <span class='ocrx_word' id='word_1_837' title='bbox 1290 2983 1350 3008; x_wconf 66' lang='lat' dir='ltr'><strong>{uro</strong></span> <span class='ocrx_word' id='word_1_838' title='bbox 1368 2983 1398 3008; x_wconf 75' lang='lat' dir='ltr'><strong>{n</strong></span> <span class='ocrx_word' id='word_1_839' title='bbox 1416 2985 1507 3008; x_wconf 66' lang='lat' dir='ltr'><strong>aalma</strong></span> <span class='ocrx_word' id='word_1_840' title='bbox 1525 2984 1610 3015; x_wconf 66' lang='lat' dir='ltr'><strong>ipsiu:</strong></span> <span class='ocrx_word' id='word_1_841' title='bbox 1627 2983 1805 3015; x_wconf 67' lang='lat' dir='ltr'><strong>imperatorie,</strong></span> <span class='ocrx_word' id='word_1_842' title='bbox 1825 2982 1895 3014; x_wconf 73' lang='lat' dir='ltr'><strong>quod</strong></span> <span class='ocrx_word' id='word_1_843' title='bbox 1911 2982 2016 3013; x_wconf 77' lang='lat' dir='ltr'><strong>quando</strong></span> 
     </span>
    </p>
   </div>
   <div class='ocr_carea' id='block_1_27' title="bbox 1931 241 2244 277">
    <p class='ocr_par' dir='ltr' id='par_1_33' title="bbox 1931 241 2244 277">
     <span class='ocr_line' id='line_1_94' title="bbox 1931 241 2244 277; baseline -0.013 -2"><span class='ocrx_word' id='word_1_844' title='bbox 1931 241 2006 276; x_wconf 80' lang='grc'><strong>283</strong></span> <span class='ocrx_word' id='word_1_845' title='bbox 2017 252 2092 276; x_wconf 71' lang='lat' dir='ltr'><strong>Mus„</strong></span> <span class='ocrx_word' id='word_1_846' title='bbox 2108 257 2141 272; x_wconf 86' lang='lat' dir='ltr'><strong>cc.</strong></span> <span class='ocrx_word' id='word_1_847' title='bbox 2158 257 2244 277; x_wconf 69' lang='lat' dir='ltr'><strong>aso-²31</strong></span> 
     </span>
    </p>
   </div>
   <div class='ocr_carea' id='block_1_28' title="bbox 2092 375 2188 395">
    <p class='ocr_par' dir='ltr' id='par_1_34' title="bbox 2092 375 2188 395">
     <span class='ocr_line' id='line_1_95' title="bbox 2092 375 2188 395; baseline 0 -2"><span class='ocrx_word' id='word_1_848' title='bbox 2092 380 2111 395; x_wconf 84' lang='lat' dir='ltr'><strong>c.</strong></span> <span class='ocrx_word' id='word_1_849' title='bbox 2128 375 2167 394; x_wconf 66' lang='lat'><strong>2⁶5</strong></span> <span class='ocrx_word' id='word_1_850' title='bbox 2174 380 2188 393; x_wconf 77' lang='lat' dir='ltr'><strong>a</strong></span> 
     </span>
    </p>
   </div>
   <div class='ocr_carea' id='block_1_29' title="bbox 2095 1332 2190 1352">
    <p class='ocr_par' dir='ltr' id='par_1_35' title="bbox 2095 1332 2190 1352">
     <span class='ocr_line' id='line_1_96' title="bbox 2095 1332 2190 1352; baseline 0.011 -1"><span class='ocrx_word' id='word_1_851' title='bbox 2095 1338 2114 1351; x_wconf 83' lang='lat' dir='ltr'><strong>c.</strong></span> <span class='ocrx_word' id='word_1_852' title='bbox 2131 1332 2190 1352; x_wconf 69' lang='lat'><em>:¹⁶8⁶</em></span> 
     </span>
    </p>
   </div>
   <div class='ocr_carea' id='block_1_30' title="bbox 2043 1974 2073 2001">
    <p class='ocr_par' dir='ltr' id='par_1_36' title="bbox 2043 1974 2073 2001">
     <span class='ocr_line' id='line_1_97' title="bbox 2043 1974 2073 2001; baseline -0.1 0"><span class='ocrx_word' id='word_1_853' title='bbox 2043 1974 2073 2001; x_wconf 76' lang='lat'><strong>35</strong></span> 
     </span>
    </p>
   </div>
   <div class='ocr_carea' id='block_1_31' title="bbox 2043 2188 2077 2213">
    <p class='ocr_par' dir='ltr' id='par_1_37' title="bbox 2043 2188 2077 2213">
     <span class='ocr_line' id='line_1_98' title="bbox 2043 2188 2077 2213; baseline 0 -10"><span class='ocrx_word' id='word_1_854' title='bbox 2043 2188 2077 2213; x_wconf 72' lang='lat'><strong>40</strong></span> 
     </span>
    </p>
   </div>
   <div class='ocr_carea' id='block_1_32' title="bbox 2044 2395 2074 2420">
    <p class='ocr_par' dir='ltr' id='par_1_38' title="bbox 2044 2395 2074 2420">
     <span class='ocr_line' id='line_1_99' title="bbox 2044 2395 2074 2420; baseline 0 0"><span class='ocrx_word' id='word_1_855' title='bbox 2044 2395 2074 2420; x_wconf 80' lang='lat'><strong>45</strong></span> 
     </span>
    </p>
   </div>
   <div class='ocr_carea' id='block_1_33' title="bbox 2045 2609 2078 2633">
    <p class='ocr_par' dir='ltr' id='par_1_39' title="bbox 2045 2609 2078 2633">
     <span class='ocr_line' id='line_1_100' title="bbox 2045 2609 2078 2633; baseline 0 -7"><span class='ocrx_word' id='word_1_856' title='bbox 2045 2609 2078 2633; x_wconf 83' lang='lat'><strong>50</strong></span> 
     </span>
    </p>
   </div>
   <div class='ocr_carea' id='block_1_34' title="bbox 2046 2818 2076 2843">
    <p class='ocr_par' dir='ltr' id='par_1_40' title="bbox 2046 2818 2076 2843">
     <span class='ocr_line' id='line_1_101' title="bbox 2046 2818 2076 2843; baseline 0 0"><span class='ocrx_word' id='word_1_857' title='bbox 2046 2818 2076 2843; x_wconf 83' lang='lat'><strong>55</strong></span> 
     </span>
    </p>
   </div>
   <div class='ocr_carea' id='block_1_35' title="bbox 1121 3022 2080 3055">
    <p class='ocr_par' dir='ltr' id='par_1_41' title="bbox 1121 3022 2080 3055">
     <span class='ocr_line' id='line_1_102' title="bbox 1121 3022 2080 3055; baseline 0 -9"><span class='ocrx_word' id='word_1_858' title='bbox 1121 3024 1134 3038; x_wconf 52' lang='grc' dir='ltr'><strong><em>ὅ</em></strong></span> <span class='ocrx_word' id='word_1_859' title='bbox 1151 3022 1270 3049; x_wconf 65' lang='lat' dir='ltr'><strong>Venetiae</strong></span> <span class='ocrx_word' id='word_1_860' title='bbox 1288 3025 1401 3053; x_wconf 68' lang='lat' dir='ltr'><strong>unen&#39;e,</strong></span> <span class='ocrx_word' id='word_1_861' title='bbox 1413 3023 1502 3054; x_wconf 71' lang='lat' dir='ltr'><strong>factet</strong></span> <span class='ocrx_word' id='word_1_862' title='bbox 1518 3025 1611 3048; x_wconf 70' lang='lat' dir='ltr'><strong>lamro</strong></span> <span class='ocrx_word' id='word_1_863' title='bbox 1628 3024 1658 3048; x_wconf 72' lang='lat' dir='ltr'><strong>{n</strong></span> <span class='ocrx_word' id='word_1_864' title='bbox 1677 3024 1768 3048; x_wconf 66' lang='lat' dir='ltr'><strong>aalma</strong></span> <span class='ocrx_word' id='word_1_865' title='bbox 1790 3024 1902 3055; x_wconf 65' lang='lat' dir='ltr'><strong>propria</strong></span> <span class='ocrx_word' id='word_1_866' title='bbox 1926 3026 2014 3054; x_wconf 72' lang='lat' dir='ltr'><strong>pacem</strong></span> <span class='ocrx_word' id='word_1_867' title='bbox 2043 3023 2080 3047; x_wconf 78' lang='lat'><strong>60</strong></span> 
     </span>
    </p>
   </div>
  </div>
 </body>
</html>
