2398 3470
168 201 384 227 numam-1³·
412 191 483 227 152
1174 189 1491 226 CHRONICON
1977 196 2031 233 [Α.
2051 197 2085 227 c.
2108 198 2256 232 vva-79³1

217 2027 237 2042 c.
253 2022 312 2045 1⁸6⁶

343 2749 374 2767 10

343 2960 371 2987 ¹5

401 260 2225 272 ......................................................................................................................................................................................................
2227 263 2245 272 ιι

405 309 451 341 ad
474 309 540 341 hec
564 309 728 342 facienda
751 309 958 351 aliquotiens
981 308 1094 351 proni,
1110 309 1161 341 sic
1178 309 1223 341 ad
1239 308 1361 339 eadem
1379 308 1615 350 peruertenda
1630 317 1769 351 semper
1784 309 1885 343 tuere
1900 309 2107 354 precipites;
2125 309 2256 354 quippe

404 372 482 395 cum
505 367 582 404 post
605 361 804 395 inchoatum
828 362 957 394 bellum
981 363 1040 395 uix
1063 361 1286 396 ullus.annus
1309 366 1451 393 exactus
1474 361 1528 400 sit,
1552 371 1620 404 quo
1645 371 1713 394 non
1738 360 1782 394 ab
1805 361 1858 395 eis
1888 362 2129 396 huiuscemodi
2158 363 2254 396 faeta

405 415 449 447 sit
472 414 672 448 rebellionis
695 415 914 456 permutatio.
961 415 1032 448 Sed
1055 414 1318 458 magnanimitas
1341 413 1434 457 regis
1457 419 1492 447 et
1521 419 1690 457 perpetua
1722 413 1801 447 tam'
1832 414 1867 447 in
1899 415 2054 449 aduersis
2085 426 2187 459 quam
2219 415 2255 448 in

406 468 581 511 prosperis
603 468 729 501 mentis
752 469 957 508 constantia,
980 469 1076 502 nulla
1098 478 1217 501 eorum
1242 466 1470 500 mutabilitate
1493 467 1551 500 uel
1574 467 1668 501 uinci
1693 473 1832 510 poterat
1854 468 1911 502 uel
1934 468 1978 502 ab
2000 469 2054 502 his
2068 479 2136 513 que
2152 479 2257 514 agere

404 527 546 563 ceperat
568 521 766 563 defatigari.
813 522 886 554 Ter
910 531 1059 564 namque
1084 531 1162 554 cum
1185 521 1235 553 eis
1258 520 1424 559 conflixit,
1448 520 1556 553 semel
1580 520 1721 564 quidem
1744 521 1838 564 apud
1861 521 2042 555 Guisaram
2066 521 2205 555 fluuium
2221 522 2257 554 in
2303 522 2322 554 5

404 583 444 606 eo
468 573 546 606 loco
570 574 629 617 qui
655 574 854 607 Brunesber
876 580 1039 613 uocatur-3
1064 573 1219 607 secundo
1243 579 1357 606 autem
1382 573 1416 606 in
1439 574 1519 607 loco
1542 574 1601 617 qui
1624 573 1835 607 Theotmelli
1858 580 2015 613 uocatur-3
2039 575 2143 608 tertio
2172 585 2257 608 uero

402 627 436 659 in
459 626 584 660 finibus
608 627 881 662 Guestfalorum.
927 628 991 661 His
1013 627 1125 661 tribus
1147 627 1290 670 proeliis
1314 627 1472 661 Saxones
1494 628 1542 660 ita
1557 627 1732 671 profligati
1748 638 1790 660 ac
1813 627 1943 661 deuicti
1958 634 2048 667 sunt,
2063 633 2102 661 ut
2114 628 2258 662 ulterius

402 679 477 724 regi
502 680 662 713 resistere
686 691 756 713 non
781 682 959 715 auderent.
1007 681 1078 720 Qui
1102 691 1182 714 cum
1205 681 1242 713 in
1266 680 1420 714 Saxonis
1445 686 1535 714 esset
1559 680 1663 725 legati
1687 680 1782 724 regis
1803 680 1979 714 Danorum
2008 681 2054 714 ad
2083 691 2160 715 eum
2191 691 2255 725 pro

407 733 503 774 pacis
530 743 635 766 causa
658 740 841 772 uenerunt,
865 745 934 777 qua
959 734 1152 776 composita
1176 733 1419 778 dispositisque
1436 743 1592 777 congrua
1608 733 1837 766 confiniorum
1853 733 1933 767 loca
1949 733 2120 777 presidiis,
2135 734 2260 777 Hispa-

403 785 493 818 niam
506 787 764 829 quammaximo
776 793 911 829 poterat
924 787 1007 820 belli
1019 793 1189 830 apparatu
1202 786 1421 831 aggi-editum
1436 787 1594 830 saltuque
1606 786 1756 831 Pyrenei
1769 791 1942 829 superato,
1956 786 2182 831 omnibusque
2189 796 2256 831 que
2284 787 2323 819 10

406 838 539 872 adierat
553 839 702 883 oppidis,
715 846 819 884 atque
831 840 981 882 cantellis
998 841 1034 873 in
1052 840 1264 873 deditionem
1283 840 1448 882 acceptis,
1466 850 1544 874 cum
1561 840 1717 873 exercitu
1740 839 1934 872 recertitur.
1973 839 2118 885 Subegit
2133 845 2169 873 et
2184 839 2260 873 Bri-

406 898 514 931 tones,
531 892 609 926 illos
624 893 727 926 etiam
745 895 804 937 qui
822 895 866 926 ad
879 887 1099 927 occidentem
1112 893 1147 925 in
1164 899 1317 926 extrema
1328 892 1477 937 quadam
1489 899 1588 936 parte
1605 892 1721 926 Gallie
1737 903 1842 935 super
1857 892 1937 925 litus
1953 893 2079 926 oceani
2093 893 2256 927 resident.

403 945 468 978 Per
484 946 578 978 idem
590 951 726 989 tempus
741 946 886 980 Carolus
901 957 962 980 rex
978 947 1113 980 Italiam
1131 956 1209 979 cum
1225 946 1382 980 exercitu
1393 946 1569 991 ingressus
1584 955 1626 979 ac
1641 955 1707 989 per
1722 946 1871 979 Romam
1886 945 1952 978 iter
1967 955 2084 990 agens,
2101 945 2257 989 Capuam

403 1009 512 1042 usque
535 998 728 1042 Campanie
752 1000 873 1033 urbem
897 1000 1057 1039 accessit,
1087 1000 1232 1043 “ibique
1257 1000 1379 1033 castris
1402 999 1534 1043 positis,
1551 998 1680 1033 bellum
1697 999 1952 1032 Beneuentanis
1967 998 2030 1032 nisi
2047 998 2260 1033 dederentur

405 1051 632 1085 comminatus
657 1059 709 1085 est
722 1077 751 1092 „.
798 1052 939 1086 Arichis
970 1059 1082 1086 autem
1117 1053 1445 1086 Beneuentanorum
1478 1053 1548 1086 dux
1577 1051 1791 1086 intenionem
1826 1051 1920 1096 regis
1949 1051 2078 1086 salubri
2114 1051 2258 1086 consilio
2285 1052 2323 1086 15

402 1105 572 1147 preuenit,
584 1116 663 1138 nam
679 1105 803 1139 relicto
816 1105 1030 1145 Beneuento,
1046 1107 1082 1139 in
1100 1106 1281 1139 Salernum
1299 1106 1476 1139 ciuitatem
1492 1106 1589 1139 uenit
1604 1105 1825 1139 munitiorem
1837 1115 1874 1138 se
1888 1106 2036 1139 contulit
2049 1104 2068 1138 ¹.
2081 1105 2259 1150 Missaque

405 1158 578 1202 legatione
601 1158 690 1192 filios
713 1169 792 1193 suos
816 1159 1050 1193 Romoaldum
1073 1165 1109 1193 et
1125 1159 1363 1194 Grimoaldum
1388 1169 1467 1192 cum
1490 1169 1617 1203 magna
1643 1159 1794 1201 pecunia
1810 1158 1935 1192 obtulit
1949 1158 2038 1203 regi,
2054 1158 2259 1202 promittens

401 1221 439 1244 se
463 1210 507 1243 ad
531 1211 645 1244 omnia
667 1223 733 1255 que
756 1211 1020 1255 imperarentur'
1046 1212 1276 1251 obediturum,
1299 1213 1395 1246 cuius
1410 1211 1574 1255 precibus
1589 1222 1662 1250 rex,
1678 1217 1716 1244 ut
1730 1212 1763 1244 ei
1778 1221 1850 1244 mos
1865 1217 1951 1250 erat,
1967 1220 2134 1251 annuens,
2149 1211 2259 1246 diuini

402 1265 509 1299 etiam
533 1265 667 1298 timoris
689 1272 851 1308 respectu
875 1265 969 1300 bello
993 1266 1169 1305 abstinuit,
1194 1272 1229 1299 et
1252 1266 1386 1299 minore
1410 1266 1510 1299 ducis
1533 1265 1603 1298 filio
1626 1263 1798 1298 obfidatus
1820 1264 1932 1307 gratia
1954 1271 2128 1308 suscepto,
2151 1264 2260 1299 maio-

400 1330 473 1352 rem
497 1319 587 1361 patri
611 1318 752 1351 remisit.
800 1319 954 1362 Accepit
975 1319 1119 1362 insuper
1142 1330 1163 1352 a
1185 1319 1318 1362 populo
1341 1318 1480 1352 obsides
1504 1318 1574 1351 XII
1586 1317 1609 1350 ⁸.
2280 1319 2323 1351 20

491 1370 640 1404 Arechis
662 1378 776 1405 autem
801 1373 860 1416 qui
885 1373 1054 1406 hactenus
1077 1371 1403 1405 Beneuentanorum
1427 1371 1497 1405 dux
1512 1371 1766 1412 nominabatur,
1784 1370 1840 1404 hic
1857 1371 1952 1404 idem
1975 1377 2097 1414 postea
2111 1371 2258 1415 primum

403 1424 596 1468 appellatus
624 1430 677 1458 est
699 1426 863 1468 princeps
879 1425 1073 1459 Beneuenti
1102 1431 1207 1469 atque
1225 1425 1371 1459 Salerni.
1410 1425 1492 1464 Quo
1509 1425 1679 1458 defuncto
1695 1424 1865 1457 successit
1881 1424 1913 1457 ei
1930 1424 2155 1458 Grimoaldus
2169 1423 2260 1458 filius

403 1478 486 1511 eius.
531 1478 667 1511 Dehinc
690 1478 777 1511 alius
803 1478 1026 1512 Grimoaldus
1049 1479 1226 1522 princeps.
1272 1478 1410 1511 Deinde
1434 1478 1518 1511 Sico
1541 1478 1706 1521 princeps
1730 1483 1764 1510 et
1786 1477 1838 1511 sic
1854 1478 1961 1510 c'eteri
1978 1477 2084 1521 ipsius
2107 1477 2259 1511 ciuitati·

401 1541 619 1564 successores
634 1542 697 1574 per
712 1532 820 1565 multa
836 1542 1005 1565 annorum
1028 1531 1202 1565 curricula
1218 1532 1394 1575 principes
1408 1537 1488 1564 sunt
1503 1531 1705 1574 nuncupati.
1746 1531 1836 1563 Nam
1852 1535 1954 1563 antea
1969 1541 2013 1563 ex
2035 1540 2105 1575 quo
2128 1529 2256 1565 Alboin

402 1584 711 1630 Langobardorum
735 1595 797 1618 rex
820 1585 955 1619 Italiam
980 1585 1181 1629 ingrediens
1204 1595 1246 1618 ac
1269 1586 1448 1618 uniuersas
1471 1584 1569 1617 Italie
1591 1584 1790 1627 prouincias
1805 1594 1864 1616 sue
1882 1583 2008 1617 ditioni
2032 1593 2257 1627 componens,
2279 1584 2321 1617 25

404 1649 523 1672 omnes
545 1639 873 1672 Beneuentanorum
897 1644 1051 1672 rectores
1075 1639 1160 1671 dicti
1184 1644 1262 1672 sunt
1286 1639 1375 1672 duce
1398 1647 1544 1681 quorum
1567 1637 1698 1681 primus
1714 1637 1784 1670 dux
1799 1637 1994 1671 nominatus
2009 1642 2062 1670 est
2076 1637 2178 1671 Zotto
2188 1635 2212 1671 ⁸.

494 1691 578 1724 Rex
600 1691 718 1734 itaque
742 1691 899 1730 Carolus,
922 1691 1028 1724 rebus
1051 1691 1297 1735 capuanorum
1322 1697 1357 1724 et
1379 1690 1707 1724 Beneuentanorum
1730 1689 1858 1734 Apulie
1882 1700 2020 1734 quoque
2044 1696 2079 1723 et
2092 1689 2257 1724 calabrie

401 1745 576 1788 totiusque
599 1745 698 1778 Italie
721 1744 787 1778 sibi
812 1755 877 1788 pro
899 1750 1056 1787 tempore
1079 1745 1258 1784 ordinatis,
1282 1744 1378 1778 uenit
1400 1744 1551 1778 Romam
1563 1745 1585 1777 ⁴.
1632 1743 1770 1777 Dehinc
1786 1743 1823 1776 in
1840 1743 1988 1777 Galliam
2018 1753 2179 1777 reuersus
2192 1748 2257 1784 est,

403 1803 687 1842 congregatoque
711 1797 840 1842 ingenti
865 1797 1022 1831 exercitu
1045 1798 1239 1831 Baioariam
1262 1797 1366 1841 petiit
1389 1807 1537 1840 cumque
1559 1807 1664 1840 super
1685 1796 1836 1830 Lethum
1853 1796 2004 1836 fluuium,
2019 1796 2079 1839 qui
2092 1795 2258 1831 Alaman-

402 1862 466 1884 nos
489 1857 524 1884 et
547 1851 726 1884 Baioarios
749 1851 890 1890 dirimit,
919 1861 998 1884 cum
1021 1851 1178 1885 exercitu
1203 1851 1428 1889 consedisset,
1459 1850 1620 1884 Baioarie
1652 1850 1723 1884 dux
1754 1849 1893 1883 nomine
1924 1849 2070 1890 Tasillo,
2099 1849 2258 1893 quamuis
2280 1850 2322 1884 ³0

401 1903 491 1936 male
516 1904 551 1935 in
574 1913 658 1947 rege
682 1903 855 1942 conscius,
881 1914 959 1936 cum
975 1903 1092 1936 ualida
1107 1913 1212 1936 manu
1234 1903 1355 1946 populi
1371 1902 1423 1936 sui
1439 1903 1534 1935 uenit
1561 1902 1708 1945 supplex
1724 1912 1766 1935 ac
1781 1902 1919 1935 ueniam
1945 1901 2009 1935 sibi
2034 1901 2110 1935 dari
2133 1901 2258 1946 depro-

403 1962 499 1990 catus
514 1962 576 1989 est.
612 1955 687 1990 Sed
701 1967 765 1989 rex
780 1956 870 1989 sicut
887 1962 961 1989 erat
977 1956 1177 1989 mitissimus
1206 1962 1240 1989 et
1257 1956 1422 1994 clemens,
1438 1956 1471 1988 ei
1486 1955 1645 1999 pepercit
1668 1955 1878 1999 accepitque
1894 1954 1939 1988 ab
1955 1964 1998 1988 eo
2013 1955 2084 1988 XII
2110 1954 2258 1994 obsides,

402 2009 540 2053 'populo
563 2015 656 2042 terre
681 2010 714 2042 ei
737 2020 801 2052 per
817 2015 1068 2043 sacramentum
1092 2009 1225 2042 firmato
1242 2009 1277 2042 in
1296 2011 1322 2043 F
1324 2009 1479 2042 ranciam
1507 2019 1668 2042 reuersus
1690 2014 1742 2041 est
1754 2007 1776 2041 ³.
1825 2009 1903 2041 Non
1919 2014 1999 2051 post
2013 2008 2155 2041 multum
2172 2018 2258 2042 uero

403 2063 567 2106 temporis
590 2063 672 2095 dum
696 2069 908 2096 conuentum
932 2073 1151 2095 uauassorum
1176 2073 1313 2096 suorum
1338 2073 1433 2095 more
1449 2062 1552 2095 solito
1568 2072 1629 2095 rex
1652 2062 1775 2095 adesse
1799 2062 1962 2101 iussisset,
1986 2062 2164 2105 predictus
2186 2061 2257 2095 ‘ra-

405 2116 483 2150 sillo
509 2116 579 2149 dux
601 2116 718 2149 multis
740 2116 951 2155 criminibus,
976 2115 1081 2149 etiam
1105 2116 1252 2149 crimine
1269 2115 1456 2149 maiestatis
1472 2121 1525 2148 est
1541 2120 1710 2148 acusatus.
1757 2115 1807 2148 Ut
1834 2120 1950 2148 autem
1966 2124 2083 2148 coram
2099 2114 2259 2148 omnibus
2281 2114 2322 2148 35

403 2170 447 2204 de
469 2170 525 2202 his
549 2180 616 2213 que
640 2169 706 2202 sibi
730 2168 972 2202 obiciebantur
996 2169 1176 2202 conuictus
1199 2175 1261 2207 est,
1284 2179 1354 2202 uno
1379 2169 1531 2202 omnium
1563 2179 1712 2208 assensu,
1736 2174 1773 2201 ut
1795 2168 1986 2202 maiestatis
2015 2177 2094 2202 reus
2117 2166 2258 2215 capitali

491 2328 514 2346 2.
536 2330 592 2347 non
612 2322 710 2347 habels
729 2322 925 2347 huiuscemodi
948 2322 971 2346 C
988 2334 1022 2340 —
1041 2319 1066 2346 6.
1085 2320 1260 2346 Thethmelli
1286 2322 1312 2347 B
1331 2330 1344 2346 e
1364 2321 1445 2346 Sasso
1464 2333 1498 2339 —
1516 2328 1541 2354 9.
1561 2327 1681 2354 pergi-ua
1699 2319 1891 2346 confiniorum
1909 2320 1935 2344 B
1953 2326 1968 2343 c
1987 2320 2067 2345 Sauo
2086 2331 2118 2337 -—
2142 2325 2180 2344 ιο.
2200 2325 2256 2352 qm

404 2368 528 2391 maximo
549 2366 713 2392 C-Plrinel
730 2367 754 2392 C
772 2380 804 2384 —
828 2373 867 2397 14.
888 2365 1077 2399 Campaniam
1097 2366 1193 2390 urbem
1214 2366 1249 2395 C;
1270 2365 1455 2394 Emnnnvs,
1475 2372 1521 2399 op.
1541 2365 1606 2390 cit:
1629 2363 1812 2398 “CampanIe
1830 2364 1952 2395 urbem„
1974 2377 2006 2382 —-
2028 2369 2070 2389 21.
2089 2363 2190 2389 relicta
2207 2361 2256 2389 ne-

404 2412 527 2436 neuento
550 2412 574 2437 C
592 2424 623 2429 —-
646 2418 686 2443 ¹3·
706 2411 815 2444 optulit
835 2412 859 2436 C
876 2424 908 2428 —
930 2416 971 2435 21.
992 2409 1119 2434 Actcnus
1140 2411 1164 2435 C
1180 2424 1213 2429 —
1235 2416 1276 2435 22.
1295 2409 1371 2435 filius
1384 2409 1454 2434 elus.
1473 2409 1586 2434 Dehinc
1599 2409 1673 2434 allus
1693 2407 1880 2433 Grimoaldus
1894 2408 2027 2441 princeps
2043 2407 2071 2436 C.
2083 2414 2185 2434 manco
2203 2406 2256 2432 Ba

403 2456 483 2481 Semo
509 2469 542 2474 —
568 2462 609 2488 24.
636 2455 760 2480 eiusdem
784 2454 915 2480 ciuitatis
936 2455 962 2479 B
980 2463 994 2479 e
1015 2454 1094 2479 sasso
1114 2467 1122 2472 -
1143 2456 1276 2488 princeps
1304 2455 1371 2479 sunt
1400 2454 1555 2486 nuncupati
1579 2453 1602 2478 C
1624 2466 1650 2471 -
1673 2459 1714 2485 25.
1735 2452 1883 2478 uniuersas
1910 2452 1993 2477 Italic
2015 2450 2180 2484 prouincia·
2206 2458 2256 2477 sue

402 2500 525 2525 dltlonis
544 2502 728 2532 componeret
746 2500 773 2524 B
792 2508 806 2524 a
825 2500 905 2525 Sasso
925 2486 955 2517 -⁸
980 2498 1021 2524 28.
1041 2500 1121 2523 uenit
1142 2500 1172 2524 in
1191 2498 1311 2523 Romam
1333 2499 1357 2524 C
1374 2511 1385 2517 -
1404 2498 1516 2523 Dehinc
1538 2499 1566 2522 ln
1588 2496 1714 2522 Galliam
1737 2498 1760 2523 C
1779 2511 1810 2515 —
1830 2503 1873 2529 31·
1893 2497 1924 2521 ln
1945 2503 2009 2529 rege
2029 2496 2162 2521 conscius
2181 2495 2206 2522 C
2222 2508 2255 2514 —

401 2550 444 2575 32.
465 2544 644 2576 acceptisque
657 2545 691 2569 ab
705 2544 748 2569 eis
761 2543 813 2573 ,xn
833 2543 983 2569 obsidibus
1002 2545 1030 2567 et
1051 2544 1074 2567 C
1092 2548 1182 2576 34-35.
1201 2543 1317 2567 Tassllo
1333 2544 1356 2568 C
2199 2537 2201 2540 ⁴

493 2616 501 2634 ¹
514 2618 676 2649 Enuaanus,
691 2622 731 2650 op.
745 2619 798 2648 cit„
814 2618 842 2649 ,ὃς
857 2623 870 2649 7
886 2626 901 2642 a
919 2624 974 2642 100
987 2617 1081 2643 Chron.
1098 2611 1300 2642 Saleriaeftanum
1356 2617 1479 2642 Historia
1500 2618 1743 2650 Langobardorum
1764 2617 2024 2642 numentanorum.
2045 2616 2060 2647 β
2077 2614 2095 2640 6
2107 2623 2121 2640 e
2136 2619 2160 2648 7.
2175 2615 2206 2640 in
2216 2613 2258 2640 M.

403 2661 416 2691 ξ
439 2668 478 2691 ιο,
506 2662 548 2686 ed.
568 2662 626 2693 clt„
654 2669 680 2694 p.
706 2666 767 2694 477.
795 2660 893 2685 Anche
913 2660 935 2684 il
957 2659 1102 2684 Chronicon
1130 2660 1300 2684 Vult-amaus
1362 2660 1400 2688 G„
1434 2660 1485 2685 SS.
1512 2661 1547 2684 R.
1577 2660 1753 2692 Langobard.
1779 2663 1806 2684 et
1835 2658 1956 2683 ltatahar.
1984 2665 2033 2682 sec.
2071 2656 2170 2687 Vl-lx.
2197 2657 2258 2686 tlt..

403 2703 479 2727 dice:
496 2702 623 2728 “Urbem
637 2703 858 2728 munitissimam
869 2702 1031 2734 antiquitus
1042 2701 1190 2726 conditam
1209 2700 1300 2725 Saler-
1355 2709 1382 2734 p.
1409 2708 1469 2735 ²37·
1487 2702 1538 2727 Sui
1560 2702 1686 2735 principi
1708 2701 1735 2726 di
1761 2701 1934 2732 Benevento,
1960 2701 2161 2733 speci-imente
2179 2706 2229 2734 per
2247 2699 2258 2724 Ι

405 2743 418 2757 ¹‘
431 2752 499 2769 num
520 2746 691 2770 restauravit
702 2761 728 2776 „.
1355 2744 1408 2769 due
1427 2743 1590 2769 Grimoaldl
1605 2743 1643 2774 (a.
1658 2742 1795 2776 788-810).
1816 2743 1926 2768 notlzle
1939 2741 1988 2776 pli:
2002 2741 2111 2774 preelse
2122 2741 2148 2766 sl
2159 2740 2258 2766 hanno

491 2786 501 2803 ²
521 2788 608 2818 IDEM,
628 2791 670 2820 op.
690 2788 744 2818 cit„
763 2787 777 2817 ,ὃ
799 2793 838 2816 ιο,
860 2794 887 2820 p.
906 2785 967 2819 448.
1356 2786 1401 2810 nel
1431 2787 1524 2815 Chron.
1556 2785 1743 2811 Beneventani
1768 2793 1835 2810 mon.
1859 2793 1880 2810 s.
1911 2784 2024 2815 Sophiae
2053 2782 2138 2816 (Cod.
2162 2782 2257 2808 vatlo.
2284 2796 2319 2815 20

491 2827 502 2844 ³
523 2829 568 2854 Cf.
589 2829 714 2860 Faunus,
734 2829 858 2854 Historia
873 2829 1123 2861 Langobardorum,
1137 2829 1195 2859 cit„
1208 2826 1256 2856 111,
1271 2828 1299 2852 S.
1356 2826 1435 2860 4939)
1456 2829 1485 2852 ln
1507 2827 1648 2857 Uauium,
1667 2827 1702 2852 lt.
1721 2827 1808 2852 Sacra
1827 2827 1861 2856 X,
1888 2833 1934 2860 pp.
1955 2831 2005 2858 447
2024 2833 2040 2851 e
2065 2833 2138 2858 seg-3
2157 2832 2173 2850 e
2191 2824 2256 2850 Μυ-

402 2878 454 2904 33:
475 2871 489 2885 a
502 2872 558 2896 ruit
577 2874 671 2897 autem
691 2873 812 2904 primum
837 2872 1076 2903 langobardorum
1097 2870 1155 2895 dux
1169 2871 1198 2894 ln
1214 2869 1299 2894 Bene·
1354 2876 1475 2901 iza-rom,
1496 2871 1530 2895 R.
1551 2869 1572 2895 1.
1592 2870 1652 2902 SS..
1671 2869 1732 2899 ΧΠ,
1753 2877 1779 2903 p.
1798 2876 1850 2902 393
1869 2875 1885 2893 e
1904 2876 1960 2902 seg.

405 2914 419 2927 “
430 2916 518 2938 vento
530 2915 648 2939 nomine
662 2914 758 2943 Zotto,
772 2914 821 2945 qui
837 2915 866 2938 in
880 2920 914 2938 eo
928 2914 1106 2946 principatus
1121 2914 1163 2937 est
1177 2920 1225 2946 per
1239 2920 1300 2936 eur·
1444 2911 1452 2927 ⁴
1474 2912 1658 2941 Erxnaxnus.
1678 2914 1719 2943 op.
1739 2911 1794 2940 cit„
1813 2911 1867 2936 fine
1886 2910 1900 2942 ,δ
1922 2916 1962 2935 ιο.

404 2955 416 2968 ”
431 2955 521 2979 ricula
540 2955 646 2988 viginti
672 2962 812 2980 annorum
825 2973 849 2987 η.
881 2956 925 2979 Cf.
947 2963 1030 2987 pure:
1050 2954 1299 2982 Eacnamrun‘rus.
1444 2953 1454 2969 ⁵
1474 2953 1560 2986 Iunas,
1580 2957 1621 2985 op.
1641 2954 1695 2983 cit„
1715 2953 1729 2985 ξ
1750 2960 1790 2978 11.

2379 0 2391 101 l

2391 2323 2394 2330 ν
2386 2254 2398 2316 κ-’σν
2383 2091 2398 2242 ωιμιψκηᾱιιω
2387 2071 2398 2085 ιΑ
2394 2003 2398 2009 .
2381 1963 2395 1978 '2
2386 1933 2391 1939 ⁴
2382 1906 2398 1923 ξ’
2381 1877 2390 1897 “’·“

2384 2348 2398 2409 2¹51.

2391 2538 2398 2567 mn
2385 2410 2398 2504 Af&
