2398 3470
119 366 214 398 runt3
237 359 437 392 asserebant
459 359 552 392 enim
573 359 691 392 rustici
714 360 772 403 qui
795 360 887 403 capti
909 361 1058 403 fuerant,
1083 361 1226 394 consilio
1250 368 1284 394 et
1306 361 1563 394 machinatione
1580 361 1817 404 predictorum
1833 371 1950 394 mona-

121 413 264 446 chorum
286 411 448 445 abbatem
470 411 577 444 fuisse
608 412 770 445 occisum.

208 464 311 498 Anno
327 464 503 498 dominice
516 465 764 497 incarnationis
779 465 1079 499 M⁰C⁰LXXVIII⁰
1090 477 1206 499 mense
1220 466 1376 510 Augusti,
1393 467 1576 500 undecima
1590 468 1788 506 indictione,
1803 473 1926 511 quarto
1939 466 1948 484 ¹

58 560 59 563 Ἴ
121 518 179 552 die
200 523 312 552 stante
335 517 489 551 eiusdem
512 517 648 556 mensis,
671 518 838 551 uidelicet
860 519 895 550 in
919 519 1013 551 festo
1036 519 1275 552 decollationis
1297 520 1388 552 beati
1412 520 1571 553 Iohannis
1595 520 1756 563 baptiste,
1780 521 1950 553 Iohannes

54 569 99 605 25
121 571 166 604 de
187 570 336 608 Struma,
360 569 419 613 qui
441 575 478 602 et
499 580 520 601 a
541 569 610 602 suis
633 569 801 602 callixtus
824 571 1018 612 appellatus
1039 578 1101 609 est,
1125 578 1256 604 reatum
1272 583 1368 604 suum
1384 582 1588 615 agnoscens,
1606 573 1761 606 Montem
1778 572 1950 605 Albanum

70 650 79 668 ,Δ
121 624 273 656 deseruit
295 629 331 656 et
352 623 445 665 apud
467 622 701 655 Tusculanum
723 623 769 655 ad
790 624 899 665 pedes
921 634 1011 666 pape
1035 623 1223 656 Alexandri
1246 635 1325 656 cum
1348 624 1550 667 quibusdam
1575 626 1618 658 de
1642 626 1713 658 suis
1736 626 1873 658 clericis
1888 626 1951 657 hu-

119 676 209 710 milis
231 682 266 709 et
287 675 432 709 deuotus
454 675 611 709 accessit.
656 675 697 707 In
719 681 907 718 conspectu
931 676 1159 708 cardinalium
1184 682 1217 709 et
1240 677 1423 709 multorum
1446 687 1482 710 se
1509 687 1672 720 peccasse
1703 677 1849 720 pu'blice
1866 688 1948 711 con-

50 724 71 753 '3
121 730 234 764 fessus
255 734 307 762 est
330 729 466 762 dicens:
496 728 672 761 “Domine
693 727 892 761 uenerande
915 735 1024 770 pater,
1055 735 1237 771 peccatum
1269 741 1383 762 meum
1412 730 1593 763 manifeste
1624 731 1800 770 confiteor,
1831 738 1865 764 et
1894 741 1949 763 me

125 783 360 816 “auctoritate
383 781 555 825 imperiali
577 787 699 814 contra
721 781 831 813 Deum
855 787 890 813 et
911 787 1064 814 sanctam
1088 781 1272 814 ecclesiam
1289 788 1323 814 et
1339 792 1399 814 uos
1415 782 1524 826 egisse
1540 793 1725 826 cognosco.
1771 784 1843 817 Sed
1859 795 1949 817 nunc

47 834 91 868 ‘45¹2
126 837 142 854 ⁶
153 845 310 869 reversus
331 836 377 868 ad
401 845 471 872 cor,
494 834 660 868 delictum
682 843 795 866 meum
817 834 935 866 recolo
963 840 997 866 et
1012 834 1149 867 ueniam
1165 846 1186 866 a
1201 840 1316 867 uestra
1331 835 1460 876 pietate
1475 836 1636 877 deposco,
1652 846 1787 868 omnem
1803 837 1951 869 heresim

46 882 48 886 ’
123 888 186 922 ‘et
205 889 329 922 scisma
350 887 483 926 abiuro,
505 893 540 920 et
562 898 624 920 uos
644 887 681 919 in
704 887 879 919 dominum
901 892 936 919 et
957 887 1187 919 uniuersalem
1203 893 1336 929 patrem
1353 888 1455 920 totius
1470 888 1617 921 ecclesie
1635 889 1758 921 deuote
1773 889 1906 932 recipio
1920 913 1950 929 „.

121 940 234 981 Quem
258 941 460 974 Alexander
482 951 583 983 papa,
606 946 643 972 ut
665 946 739 973 erat
761 939 837 982 pius
860 946 895 972 et
918 939 1069 978 humilis,
1085 950 1154 972 non
1171 939 1368 983 obiurgauit
1384 946 1418 973 et
1435 940 1668 983 reprehendit,
1685 942 1747 974 sed
1763 943 1950 976 secundum

120 995 187 1029 sibi
208 995 360 1028 innatam
383 994 679 1027 mansuetudinem
701 993 852 1036 benigne
874 993 1018 1035 recepit,
1041 993 1178 1026 dicens:
1201 994 1216 1010 “
1229 992 1361 1031 Frater,
1376 994 1539 1037 gaudium
1555 1000 1606 1027 est
1621 995 1753 1038 angelis
1768 995 1832 1027 Dei
1847 1006 1950 1038 super

128 1050 222 1082 “uno
244 1053 430 1091 peccatore
453 1047 675 1090 penitentiam
698 1052 834 1090 agente.
882 1045 987 1085 Quod
1010 1047 1231 1090 suggestione
1254 1046 1426 1079 diabolica
1447 1046 1612 1079 unitatem
1630 1047 1775 1080 ecclesie
1792 1049 1950 1081 scindere

38 1098 99 1145 “15
126 1103 142 1121 ⁸
155 1102 301 1139 uoluisti.
324 1101 464 1134 multum
488 1100 668 1139 doluimus,
693 1106 727 1133 et
750 1100 845 1143 quod
868 1099 1056 1142 inspirante
1081 1100 1227 1132 Domino
1252 1099 1296 1132 ad
1311 1100 1386 1132 eius
1402 1101 1565 1133 unitatem
1584 1100 1698 1133 redire
1714 1101 1860 1139 uoluisti,
1877 1101 1952 1143 plu-

126 1155 277 1187 “rimum
300 1154 566 1198 congaudemus.
611 1154 772 1187 Romana
795 1153 955 1190 ecclesia,
978 1163 1045 1196 que
1069 1152 1163 1186 iuxta
1184 1153 1262 1185 Iesu
1284 1151 1416 1185 Christi
1438 1154 1671 1198 magisterium
1694 1153 1852 1186 inimicos
1876 1154 1951 1187 dili-

127 1209 236 1252 “gere
260 1207 448 1245 consueuit,
472 1213 506 1239 te
530 1207 634 1240 hodie
658 1206 872 1249 penitentem
894 1206 931 1238 in
953 1205 1059 1238 filium
1082 1206 1207 1248 recipit
1227 1212 1262 1238 et
1284 1216 1348 1248 pro
1370 1206 1467 1238 malis
1483 1205 1574 1239 bona
1589 1206 1650 1238 tibi
1666 1206 1857 1239 retribuere
1874 1217 1952 1250 pro-

127 1261 331 1300 ‘curabit„.
376 1261 428 1293 De
450 1266 566 1293 cetero
589 1259 791 1293 Alexander
812 1269 905 1302 papa
928 1269 1006 1291 eum
1029 1265 1064 1292 et
1086 1259 1122 1291 in
1145 1259 1242 1291 curia
1265 1265 1299 1291 et
1321 1260 1357 1290 in
1379 1269 1496 1292 mensa
1521 1270 1580 1292 sua
1596 1259 1784 1292 honorifice
1799 1259 1917 1293 habuit
1928 1261 1952 1293 ¹.

41 1350 43 1354 ,
210 1314 372 1347 Secundo
395 1318 509 1346 autem
532 1312 591 1346 die
614 1318 726 1346 stante
750 1312 902 1345 eiusdem
927 1311 1063 1351 mensis,
1088 1312 1169 1344 luna
1192 1312 1226 1344 in
1249 1312 1347 1355 signo
1370 1312 1514 1355 uirginis
1537 1319 1613 1354 post
1636 1312 1784 1345 mediam
1815 1318 1953 1346 noctem

31 1368 100 1408 320
120 1378 221 1412 passa
242 1374 294 1400 est
316 1366 496 1411 eclypsim,
518 1373 554 1400 et
575 1376 666 1409 pene
689 1367 725 1399 in
749 1366 849 1399 tertia
871 1372 969 1408 parte
992 1365 1044 1398 sui
1065 1366 1248 1398 obscurata
1271 1371 1322 1398 est
1333 1364 1355 1398 ³.
1400 1365 1524 1398 Tertio
1548 1366 1683 1398 decimo
1706 1376 1788 1398 uero
1813 1367 1869 1399 die
1900 1367 1950 1398 in-

37 1411 42 1420 ⁷
121 1422 244 1454 trantis
265 1420 390 1453 mensis
413 1420 635 1463 Septembris,
658 1419 852 1453 indictione
877 1428 941 1459 xn,
963 1419 1014 1452 sol
1036 1419 1073 1451 in
1095 1419 1193 1462 signo
1216 1419 1358 1462 uirginis
1382 1419 1475 1451 circa
1497 1419 1618 1452 horam
1632 1442 1641 1451 .
1655 1443 1662 1451 .
1679 1442 1687 1451 .
1701 1442 1710 1451 .

211 1566 238 1592 3.
256 1559 400 1584 dominice
419 1559 629 1584 incarnationis
648 1565 740 1582 manca
761 1558 787 1582 Β
801 1565 815 1582 e
833 1557 908 1582 Sam
927 1570 958 1576 —
983 1565 1008 1590 ς.
1032 1556 1172 1582 Callistus
1199 1558 1223 1581 Β
1247 1564 1261 1580 e
1285 1557 1361 1581 Sasso
1387 1572 1419 1576 —
1445 1555 1470 1581 8.
1495 1557 1606 1581 Domne
1632 1558 1655 1581 C
1671 1565 1684 1580 e
1703 1557 1791 1581 Arndt
1807 1570 1818 1576 —
1837 1564 1909 1590 papa
1929 1559 1956 1582 Β

123 1609 136 1626 a
154 1602 248 1632 Sauo}
265 1603 296 1626 in
313 1602 336 1626 A
354 1601 463 1626 l'antica
480 1601 608 1625 mileum
625 1603 704 1632 quasi
719 1603 866 1632 scamparsa
876 1597 917 1629 fu
934 1600 1053 1624 riser-itta
1071 1599 1143 1624 dalla
1160 1599 1237 1623 solita
1250 1606 1326 1623 mano
1338 1599 1382 1623 ael
1391 1606 1438 1623 sec.
1456 1598 1544 1623 XVII
1559 1612 1591 1617 —
1605 1607 1629 1631 9.
1643 1599 1690 1624 Set
1705 1600 1729 1624 C
1739 1606 1752 1623 e
1764 1600 1853 1623 Arndt
1867 1613 1897 1618 —
1914 1607 1955 1625 11.

124 1644 245 1669 schisma
265 1645 290 1670 C
304 1651 318 1668 e
335 1643 425 1668 Amat
442 1656 475 1661 —
498 1649 536 1667 12.
557 1644 598 1667 set
618 1643 641 1667 C
658 1650 672 1666 e
689 1642 777 1666 Arndt
794 1655 828 1660 —
851 1641 891 1666 18.
909 1643 937 1665 et
957 1642 988 1666 in
1001 1641 1080 1666 curia
1093 1648 1186 1665 manca
1197 1641 1227 1664 ιἰι
1242 1642 1342 1665 Carmo
1355 1654 1390 1658 —
1404 1648 1444 1673 19.
1458 1641 1488 1665 ln
1502 1648 1594 1664 manca
1606 1642 1635 1665 in
1648 1641 1670 1664 A
1688 1654 1718 1659 —
1733 1647 1774 1665 ιο.
1787 1641 1915 1674 eclypsin
1929 1642 1953 1665 A

37 1702 42 1721 ιζ
132 1699 164 1705 ·-
183 1693 226 1712 21.
248 1686 304 1717 Qui
317 1686 412 1716 finisce
429 1685 457 1709 la
474 1693 496 1710 c.
533 1685 566 1709 Le
583 1692 618 1710 cc.
637 1685 715 1709 282a
732 1692 745 1708 e
763 1685 778 1708 b
798 1686 954 1715 presentat-0
972 1682 1046 1712 forte
1070 1684 1225 1708 scotor-aum
1249 1691 1262 1707 e
1286 1683 1330 1707 nel
1347 1684 1467 1715 marg-tue
1484 1681 1614 1713 inferiore
1632 1683 1732 1714 l'opera
1750 1683 1794 1707 del
1809 1683 1891 1712 tao-10,
1908 1684 1953 1708 clu

42 1739 43 1742 ’
62 1754 64 1756 ,
81 1735 95 1762 5
125 1729 250 1754 lomna
263 1731 334 1761 pure
351 1728 425 1752 nella
442 1735 464 1752 c.
482 1727 533 1752 281

211 1829 219 1845 ¹
240 1830 264 1856 11
288 1833 390 1863 quarto
414 1831 518 1863 giorno
544 1829 727 1855 dell'uscente
752 1837 826 1855 mese
851 1829 881 1854 di
908 1830 1009 1861 agusto
1150 1828 1286 1861 Anonymi
1302 1827 1424 1852 monachi·
1442 1828 1604 1853 Carrinensis
1623 1828 1707 1852 Breve
1722 1827 1878 1857 Chronicon,
1891 1829 1954 1852 cit:

123 1873 192 1899 eade
210 1873 232 1898 il
251 1871 293 1904 28,
313 1873 342 1898 la
360 1873 432 1898 resta
451 1872 483 1898 di
500 1872 528 1898 S.
547 1871 695 1897 Giovanni
714 1872 859 1897 decollato
877 1871 893 1897 ὲ
912 1872 1011 1897 invece
1066 1869 1079 1883 “
1093 1869 1169 1902 1178.
1189 1870 1316 1903 Josnnes
1333 1870 1420 1894 abbas
1437 1869 1619 1898 Strumensis,
1639 1870 1688 1901 qui
1707 1869 1862 1894 vocabatur
1881 1877 1954 1903 papa

40 1992 43 1993 ⁷
211 1955 223 1973 ²
243 1957 390 1984 clamatam
408 1957 499 1982 Fossae
517 1957 613 1988 Novae,
633 1958 697 1981 eit:
715 1956 728 1970 ¹‘
742 1955 817 1989 1178.
853 1957 912 1981 Hoc
926 1964 1012 1985 anno,
1068 1955 1190 1980 “lanum
1214 1956 1250 1980 ad
1275 1955 1359 1988 pedes
1384 1955 1497 1980 domini
1522 1955 1679 1979 Alexandri
1700 1961 1789 1987 papae
1808 1954 1846 1978 111
1867 1955 1956 1985 venit,

45 1994 55 2013 J
67 2006 100 2025 xo
127 1999 142 2014 “
152 2007 169 2032 4
186 1999 243 2024 kal.
261 1999 427 2032 septembris
441 1999 565 2032 Josnnes
584 1998 692 2024 Struml
711 1998 904 2024 Tusculanum
923 1999 1013 2030 venit,
1069 1997 1174 2030 “quem
1194 2000 1293 2030 postea
1313 1999 1449 2022 rectorem
1468 1997 1624 2021 Beneventi
1643 1997 1794 2021 constituit
1804 2014 1828 2027 η.

38 2040 40 2042 ’
127 2039 141 2054 ”
151 2042 180 2066 et
191 2040 358 2066 Alexandro
370 2047 460 2073 papae
472 2040 622 2072 satisfecit,
635 2041 845 2073 poenloentiam
857 2042 924 2073 egIt,
939 2041 1014 2065 circa
1155 2038 1166 2055 ⁸
1186 2039 1230 2065 Cf.
1253 2040 1398 2065 Chronico„
1416 2039 1507 2063 Fossae
1520 2039 1615 2071 Novae,
1630 2040 1688 2068 eit„
1701 2046 1728 2071 p.
1743 2043 1802 2071 515,
1815 2045 1860 2063 nn.
1877 2038 1957 2070 1178:

128 2083 215 2108 “eum
234 2084 391 2116 permanat
402 2099 428 2116 ,.
1070 2081 1160 2107 “Idus
1179 2082 1346 2115 septembrls
1364 2081 1414 2106 Sol
1433 2082 1596 2106 obscuratus
1615 2082 1658 2106 est
1669 2097 1694 2113 η.

124 1915 148 1941 11
167 1922 211 1948 ²9·
929 1935 931 1938 Α
1068 1912 1081 1926 “
1092 1912 1225 1938 Calixtus
1244 1913 1275 1937 in
1295 1912 1487 1937 decollatione
1502 1912 1531 1936 B.
1546 1912 1667 1944 Joannis
1687 1911 1830 1945 Baptistae
1850 1911 1954 1936 Tuscu·
1986 1916 2014 1943 ις

122 243 174 281 [A-
193 243 228 275 c.
247 243 342 279 11⁷8]
701 239 988 276 ROMUALDI
1017 230 1376 276 SALERNITANI
1873 237 1946 278 297
1960 250 2035 274 Mun..
2048 254 2082 270 cc.
2097 253 2184 274 mnu

2033 482 2084 502 sug.
2099 483 2124 501 ες

2029 693 2051 709 c.
2065 688 2104 708 εει
2112 687 2125 708 h

2057 1325 2108 1349 1¹7⁸

2033 1383 2086 1403 suu.
2100 1384 2126 1403 3⁰

2031 1434 2088 1456 sept.
2105 1437 2128 1456 ¹³
