2398 3470
79 849 118 880 10

80 1113 118 1146 15

84 1906 115 1925 10

85 2113 114 2140 15

83 2329 117 2348 20

84 2537 116 2565 ²⁵

84 2753 120 2779 30

85 2959 118 2987 ³5

140 252 192 289 [A.
210 253 244 281 c.
266 252 359 287 nos]
720 245 1011 282 ROMUALDI
1039 245 1410 283 SALERNITANI

138 369 244 409 Quod
266 369 398 402 factum
422 369 557 401 animos
579 368 755 402 hominum
777 368 875 412 regni
897 378 967 401 non
990 368 1166 401 modicum
1180 368 1408 411 perturbauit.
1454 369 1538 401 Post
1554 369 1621 402 hec
1637 369 1784 402 consilio
1802 375 1837 402 et
1851 369 1983 403 auxilio

139 420 339 456 cancellarii
362 420 540 454 Gilbertus
563 431 680 455 comes
702 421 856 455 Grauine
879 420 1082 454 comitatum
1097 420 1255 454 Loritelli
1271 431 1350 454 cum
1367 421 1526 455 omnibus
1541 422 1612 455 suis
1627 422 1845 465 pertinentiis
1860 434 1881 456 a
1896 433 1980 467 rege

139 474 286 519 optinuit
301 480 343 508 'et
365 475 402 506 in
424 474 592 517 Apuliam
615 485 694 508 cnm
715 474 847 508 honore
869 473 1012 507 recessit
1025 473 1047 506 ¹.
1096 473 1336 507 Cancellarius
1357 485 1442 508 vero
1465 485 1545 508 cum
1568 485 1650 520 rege
1673 482 1709 508 et
1735 476 1857 520 regina
1888 476 1983 510 circa

137 528 268 572 pascha
290 526 499 561 panormum
522 528 629 561 rediit
640 527 664 568 ²,
687 527 816 561 dehinc
838 538 908 561 non
931 527 1046 560 multis
1068 527 1251 560 transactis
1274 527 1397 561 diebus
1418 528 1596 562 Matheum
1621 529 1733 563 ciuem
1757 529 1893 563 Salerni
1909 541 1981 563 ma-

139 582 282 626 gistrum
305 580 477 613 notarium
500 581 617 614 domni
641 581 733 627 regis
756 586 791 614 et
818 580 1026 614 familiarem
1056 580 1131 613 sine
1161 590 1265 613 causa
1296 581 1375 624 capi
1407 581 1494 614 fecit
1506 581 1529 615 ³.
1576 582 1683 621 Quod
1714 583 1844 616 factum
1875 594 1983 629 graue

139 634 269 668 resedit
290 632 448 667 omnibus
470 638 506 666 et
528 634 720 676 molestum,
744 633 824 678 quia
846 633 1024 678 predictus
1045 633 1209 666 Matheus
1232 634 1335 667 homo
1358 640 1432 667 erat
1454 635 1592 677 sapiens
1615 642 1650 669 et
1673 635 1852 676 discretus,
1884 643 1918 670 et
1948 637 1986 670 in

139 687 219 721 aula
241 687 337 732 regia
359 697 380 720 a
400 696 511 729 puero
535 687 713 726 enutritus,
738 693 772 720 et
795 688 830 720 in
852 687 998 732 agendis
1020 687 1125 731 regiis
1139 686 1287 730 probate
1303 687 1479 720 fidelitatis
1494 688 1656 721 inuentus
1664 688 1686 722 ⁴.
1731 689 1830 723 Infra
1845 696 1987 724 octauas

140 747 256 774 autem
278 740 408 784 pasche
431 740 580 783 populus
601 740 763 774 Messane
784 741 821 773 in
843 740 1024 774 tumultum
1047 750 1235 774 conuersus
1256 740 1408 785 Regium
1431 741 1505 780 iuit‚
1534 748 1569 775 et
1599 743 1760 776 comitem
1790 744 1980 777 Henricum

141 795 187 828 de
211 803 355 828 carcere
377 793 510 832 eduxit,
533 794 695 827 comitem
719 794 822 828 etiam
845 794 1058 828 Riccardum
1081 794 1141 838 qui
1165 794 1258 838 apud
1280 794 1542 827 Taurimenium
1565 796 1747 829 tenebatur
1778 797 1813 829 in
1843 807 1986 831 carcere

141 846 312 885 liberauit,
335 853 370 880 et
392 846 576 880 Oddonem
601 845 804 885 Quarellam
827 848 992 880 clericum
1015 847 1219 881 cancellarii
1241 853 1277 880 et
1299 847 1374 880 eius
1396 848 1709 888 familiarissimum,
1734 851 1794 893 qui
1810 856 1893 883 tunc
1910 857 1985 884 erat

141 901 315 940 Messane,
337 899 472 933 occidit
481 899 503 932 ⁵.
551 900 632 939 Quo
657 900 773 934 audito
797 901 945 944 populus
968 900 1132 934 Panormi
1154 900 1313 934 similiter
1335 901 1372 933 in
1395 901 1610 935 sedicionem
1626 913 1757 943 uersus,
1773 903 1934 937 insultum
1951 904 1987 936 in

140 953 389 987 cancellarium
411 952 506 992 fecit,
530 959 566 985 et
589 964 667 986 eum
690 963 768 987 cum
793 954 950 987 omnibus
973 954 1042 988 suis
1063 954 1101 987 in
1122 954 1209 987 turri
1232 954 1486 997 Campanamm
1509 965 1573 998 per
1596 955 1688 989 diem
1711 956 1986 1000 unumsobsedit,

141 1006 250 1040 altera
273 1013 385 1040 autem
408 1005 466 1039 die
489 1017 534 1039 ex
556 1007 720 1040 mandato
743 1008 836 1051 reg-is
859 1014 893 1040 et
915 1008 1034 1052 regine
1058 1018 1136 1040 cum
1159 1007 1364 1052 quibusdam
1388 1008 1432 1041 de
1455 1009 1525 1041 suis
1547 1010 1684 1052 galeam
1714 1010 1866 1044 intrauit.
1914 1011 1985 1045 Sed

141 1069 220 1094 cum
241 1059 395 1093 venisset
419 1060 512 1103 apud
534 1059 711 1100 Lecatam,
734 1060 836 1104 galea
858 1061 972 1094 fracta
994 1067 1055 1095 est.
1103 1059 1176 1100 Qui
1199 1061 1420 1104 postmodum
1441 1061 1556 1095 nauim
1579 1063 1753 1107 ingressus
1776 1063 1811 1096 in
1827 1064 1987 1098 Ierusoii-

141 1124 231 1147 mam
254 1113 362 1156 uenit,
385 1118 420 1146 et
443 1112 493 1146 ibi
515 1124 585 1146 non
609 1114 716 1146 multo
738 1113 906 1157 ‘tempore'
928 1114 1124 1148 demoratus
1146 1114 1276 1148 interiit
1287 1117 1310 1148 ⁰.
1357 1114 1534 1148 Gilbertus
1557 1116 1663 1149 etiam
1687 1127 1804 1150 comes
1826 1117 1982 1152 Loritelli

143 1177 220 1200 cum
244 1166 458 1200 Berteraimo
481 1166 552 1199 filio
575 1176 636 1199 suo
660 1167 788 1201 comite
811 1166 946 1201 Andrie
970 1178 1048 1201 cum
1071 1168 1228 1202 omnibus
1250 1168 1319 1201 suis
1340 1175 1469 1202 terram
1493 1169 1677 1209 abiurauit,
1696 1177 1731 1203 et
1754 1171 1987 1206 Ierosolimam

142 1220 299 1264 perrexit
309 1219 332 1254 ¹¹.
377 1220 504 1254 Comes
526 1230 610 1252 uero
634 1220 805 1254 Henricus
828 1227 863 1254 et
885 1231 1002 1255 comes
1023 1221 1240 1266 Ryccardus,
1264 1227 1447 1266 postquam
1470 1221 1515 1256 de
1538 1233 1680 1257 carcere
1698 1224 1864 1263 exierunt,
1889 1226 1989 1259 simul

143 1284 220 1307 cum
244 1273 524 1307 Messanensibus
547 1283 626 1307 cum
649 1273 775 1317 uiginti
797 1274 908 1318 galeis
922 1274 1132 1308 Panormum
1147 1281 1318 1308 uenerunt
1331 1278 1354 1310 ⁸.
1401 1275 1540 1315 Quibus
1554 1288 1617 1310 rex
1632 1278 1779 1322 gratiam
1795 1289 1891 1312 suam
1907 1280 1988 1313 red-

142 1327 231 1360 didit
254 1333 290 1360 et
311 1326 462 1360 sublatas
483 1333 591 1360 terras
612 1327 762 1360 restituit
773 1330 797 1361 ⁹.
842 1327 1028 1372 Postquam
1051 1334 1166 1362 autem
1189 1329 1418 1362 cancellarius
1441 1335 1477 1362 et
1500 1340 1616 1364 comes
1638 1330 1817 1365 Gilbertus
1833 1332 1877 1365 de
1894 1338 1988 1366 terra

234 1466 256 1483 1.
275 1457 340 1487 Quo
358 1458 436 1483 sacto
457 1459 481 1483 C
493 1471 523 1476 -
538 1463 562 1482 2.
581 1457 733 1483 Lauritelli
750 1460 774 1484 C
785 1458 877 1484 Arndt
895 1472 907 1478 -
925 1460 1113 1493 pertinenciis
1134 1461 1158 1486 C
1174 1468 1189 1484 e
1206 1460 1299 1486 Arndt
1314 1473 1346 1478 ·—
1366 1469 1391 1493 4.
1410 1462 1502 1486 civem
1520 1461 1634 1487 Salerni
1651 1471 1744 1488 nance
1763 1464 1788 1488 A
1810 1478 1841 1482 —·
1856 1465 1880 1489 8.
1894 1467 1987 1490 autem

143 1501 319 1533 soprmrieto
332 1501 462 1526 colsoli'to
477 1499 621 1525 Inchostro
638 1500 753 1526 sbiadito
774 1502 798 1527 C
815 1515 825 1519 -
845 1500 981 1526 Enricum
1001 1502 1025 1526 A
1045 1514 1078 1519 -—
1097 1509 1123 1534 9.
1141 1502 1231 1527 eciam
1252 1503 1276 1528 C
1292 1511 1306 1526 ε
1325 1503 1419 1528 Arndt
1436 1517 1469 1521 —
1492 1510 1531 1536 13.
1551 1503 1599 1529 Set
1620 1505 1644 1530 C
1657 1513 1672 1530 s
1689 1504 1781 1530 Arndt
1799 1519 1830 1524 ——
1854 1513 1893 1539 ¹4·
1913 1507 1988 1540 apud

144 1550 239 1568 manea
255 1542 316 1572 ΑΞ,
335 1542 397 1573 As,
416 1542 442 1566 B
460 1554 493 1560 -—
515 1547 599 1575 14-15.
617 1542 838 1568 Hierosolimam
858 1543 884 1567 B
901 1552 914 1567 e
932 1543 1030 1574 διευς
1049 1544 1271 1569 Hierusolimam
1292 1546 1316 1570 C
1333 1553 1347 1569 e
1365 1545 1455 1570 Arndt
1473 1559 1505 1564 —
1529 1545 1567 1571 16.
1586 1546 1741 1572 Berterano
1762 1548 1788 1572 Β
1808 1562 1839 1566 —-
1862 1555 1902 1582 17.
1921 1548 1989 1573 Ric-

145 1585 245 1610 eardus
265 1585 290 1611 C
306 1593 320 1609 e
338 1584 430 1610 Ande
443 1597 475 1603 —
498 1583 588 1618 18-19.
609 1584 703 1610 reddit
724 1585 748 1609 C

141 1683 204 1708 ‹ilce
222 1683 272 1708 che
297 1683 320 1707 il
345 1682 538 1716 predecessore
561 1683 592 1708 di
618 1683 719 1714 Ninfo,
744 1684 967 1709 archimandrita
992 1684 1036 1708 dei

141 1724 169 1751 S.
187 1724 337 1750 Salvatore
356 1724 384 1750 di
405 1725 536 1754 Messina,
555 1725 597 1758 gli
616 1732 707 1750 aveva
731 1733 872 1758 permesso
897 1726 925 1750 la
944 1728 1037 1751 caecis

142 1769 187 1793 dei
206 1767 319 1800 fagiunt
343 1768 374 1792 in
400 1775 456 1793 una
481 1769 556 1792 terra
577 1767 916 1793 deil’Arehimandritato
941 1776 1037 1801 presso

142 1811 170 1835 ia
180 1807 328 1844 proprieti
341 1810 371 1835 di
383 1809 425 1834 lui
440 1811 470 1834 in
484 1809 603 1835 Mascali
617 1823 650 1828 -
664 1817 730 1842 pare
743 1812 786 1835 sia
801 1812 877 1835 stato
891 1818 1037 1844 compreso

142 1852 328 1878 nell'indulto
346 1852 397 1877 che
414 1850 579 1884 Guglielmo
598 1852 625 1877 11
643 1852 702 1877 fece
722 1860 831 1886 appena
844 1853 997 1886 raggiunta
1010 1853 1038 1878 la

141 1895 290 1928 maggiore
307 1893 361 1920 eta.
398 1893 443 1919 Cf.
462 1894 485 1920 ii
505 1896 564 1920 mio
585 1896 606 1920 I
617 1896 651 1920 de
670 1896 780 1921 Parisio
794 1904 807 1919 e
821 1896 832 1919 i
843 1897 875 1920 de
894 1896 966 1921 Ocra
979 1896 1037 1925 cit..

142 1938 208 1962 estr-
227 1944 254 1970 p.
276 1943 325 1962 ιη
344 1944 359 1961 e
377 1943 418 1970 sg.

231 1977 253 1996 ¹⁰
272 1979 336 2005 Uoo
355 1979 524 2009 mmmm,
544 1987 570 2012 p.
587 1987 646 2013 142,
659 1981 722 2006 dice
734 1982 873 2006 arrestato
886 1988 956 2014 pure
969 1980 1037 2006 Gio-

143 2023 233 2047 vanui
251 2023 281 2047 di
300 2021 435 2056 Sinopoii
453 2023 504 2048 che
523 2030 581 2047 non
601 2025 639 2048 mi
657 2022 673 2049 e
693 2024 813 2048 riuscito
826 2023 1037 2048 d'identiiicare.

232 2062 336 2094 ῑῐυικ,
349 2065 403 2090 loc.
413 2065 461 2090 cit.
471 2065 486 2080 ⁸
496 2082 504 2090 .
515 2084 520 2090 .
533 2084 538 2090 .
551 2084 556 2090 .
572 2067 601 2090 in
616 2067 727 2091 tantam
739 2067 782 2091 est
794 2066 981 2099 precipitatus
995 2074 1039 2092 au-

145 2106 280 2132 “daciam
298 2108 332 2132 ut
349 2106 491 2132 Loroteili
510 2108 679 2133 comitatum
699 2116 714 2133 a
727 2108 806 2133 curia
826 2108 974 2140 postulans
987 2108 1038 2133 im-

143 2147 157 2162 ¹¹
168 2150 293 2183 petraret
303 2166 310 2174 .
322 2168 327 2173 .
340 2168 345 2174 .
358 2168 363 2174 .
374 2149 454 2181 Nam,
469 2151 586 2183 accepto
594 2151 736 2175 comitatu
748 2149 901 2181 Lorotelli‚
911 2150 1038 2175 Roberto

145 2189 279 2220 “eomith
299 2192 379 2216 cuius
398 2197 495 2216 omnes
515 2191 638 2217 reditum
651 2192 769 2217 summis
788 2192 938 2217 desiderils
956 2200 1040 2225 exop·

145 2234 277 2266 “tabaut‚
305 2234 481 2259 obstruxisse
511 2235 662 2261 videbatur
686 2236 797 2261 adltum
822 2236 983 2261 revertendi
1010 2237 1040 2261 et

146 2276 246 2310 “spem
263 2284 317 2310 que
336 2277 385 2302 diu
407 2278 518 2303 foverat
537 2285 585 2304 eos
604 2279 719 2312 penitus
738 2278 912 2303 sustulisse..
925 2298 931 2308 ‚
943 2297 949 2303 .
961 2297 984 2312 ,,.

232 2317 244 2335 ²
262 2319 347 2349 Inus,
365 2327 391 2352 p.
410 2325 475 2352 143:
497 2318 510 2333 ⁸
522 2320 586 2345 fflis
606 2321 703 2354 itaque
727 2320 887 2354 dispositIs,
905 2320 974 2346 xn-
992 2321 1038 2346 die

146 2361 268 2388 “martii
293 2370 342 2387 rex
368 2363 423 2387 iter
448 2363 598 2395 arripiens,
621 2361 687 2389 ΚΧο
711 2363 759 2388 die
784 2364 889 2389 mens1s
913 2362 1037 2388 elusdem

145 2403 160 2418 ‘¹
169 2403 342 2429 Panormum
364 2405 496 2437 pervenit
506 2420 530 2435 ,ν

232 2446 272 2471 La
291 2446 401 2479 Pasqua
419 2447 466 2472 dei
487 2446 556 2472 1168
575 2447 664 2473 cadde
683 2447 704 2472 il
725 2455 756 2480 3¹
780 2455 886 2473 marzo.

232 2486 243 2504 ²
261 2487 348 2518 lonc,
367 2496 395 2522 p.
416 2493 481 2522 145:
502 2489 533 2514 ⁸.
547 2490 694 2524 ...primo
713 2490 858 2515 Matheum
885 2492 1039 2522 notarium,

147 2531 161 2546 ⁸
170 2532 221 2564 qui
233 2532 334 2557 ceteris
347 2532 453 2557 astutIa
466 2532 666 2565 preeminebat,
681 2534 852 2566 congregata
865 2533 952 2565 συνίει,
965 2533 1040 2558 iudi·

147 2571 161 2586 ⁴¹
171 2573 219 2599 cio
238 2573 392 2606 sollempni
413 2573 588 2606 postulatum
603 2582 691 2608 neque
704 2575 872 2599 defensione
885 2582 1039 2609 congruam

146 2616 342 2646 ‘'offerentem,
361 2617 450 2650 recipi
470 2618 555 2643 iussit
573 2618 605 2643 in
625 2625 763 2643 carcerem
774 2635 798 2649 ῃ.
835 2617 865 2642 F.
885 2620 909 2643 si
933 2620 1040 2644 mostra

147 2658 219 2683 assai
239 2658 352 2683 fautore
365 2658 397 2683 di
415 2657 535 2684 Stefano
555 2659 585 2685 di
603 2659 717 2685 Perche.

234 2699 247 2716 ⁴
266 2699 300 2726 R.
319 2702 380 2726 tace
398 2700 490 2726 lfatti
503 2701 554 2727 che
566 2708 729 2727 avvennero
748 2702 824 2727 dalla
844 2703 1041 2728 carcerarione

147 2742 175 2767 di
195 2741 305 2768 Matteo
329 2743 357 2768 ai
382 2743 583 2776 rivoigimenti
607 2745 748 2777 promossi
775 2744 821 2769 dal
849 2745 966 2776 partito,
991 2744 1041 2770 che

147 2786 257 2811 diremo
276 2786 439 2819 nazionale‚
457 2794 472 2812 e
491 2787 542 2813 che
560 2788 735 2813 castrinsem
754 2787 776 2813 ll
791 2786 968 2814 Cancelliere
980 2788 1040 2814 Ste-

147 2827 216 2853 fano
236 2835 252 2853 a
270 2827 397 2853 lasciarsi
418 2828 575 2854 imbarcsre
600 2837 649 2863 per
667 2829 755 2854 Terra
779 2829 867 2855 Santa
886 2837 900 2854 e
918 2830 930 2854 i
942 2831 1005 2855 suoi
1026 2838 1041 2855 a

146 2871 260 2894 tornare
288 2869 364 2895 nella
392 2870 457 2896 loro
482 2872 586 2905 patria.
624 2870 743 2897 Codesti
757 2871 880 2902 secordi.
894 2871 956 2897 dice
968 2870 1041 2897 Fu.-

145 2916 245 2938 σΑιωο
263 2910 302 2945 (p.
324 2910 392 2944 160),
413 2913 517 2938 furono
536 2913 676 2946 garantiti
696 2913 732 2938 da
757 2912 897 2938 Riecardo
922 2912 1040 2946 Palmer,

146 2952 257 2978 Matteo
284 2953 420 2983 d’Aieilo,
448 2953 596 2980 Giovanni
627 2961 750 2980 vescovo
778 2954 809 2980 di
830 2953 930 2985 Malta,
954 2954 1041 2981 Gaito

144 2993 287 3021 Rlceardo
305 3002 320 3020 e
333 2993 538 3022 l'areivescovo
551 2995 714 3022 Romuaido
726 2995 761 3022 11.
789 2995 832 3021 Lo
844 2995 1042 3029 cameos,

144 3040 187 3068 op.
205 3037 259 3069 cit„
280 3035 314 3067 11,
327 3043 389 3071 345,
410 3046 436 3063 n.
459 3045 481 3070 1,
502 3038 583 3063 crede
602 3039 652 3064 che
671 3038 792 3063 Stelano
810 3039 836 3064 si
855 3038 898 3064 sia
917 3039 1040 3065 allonta·

283 3155 316 3182 Τ.
336 3154 397 3185 vn.
416 3152 476 3189 1221
495 3168 528 3173 —-
551 3159 590 3185 17.

1093 1688 1162 1711 nato
1180 1693 1230 1718 per
1247 1692 1356 1718 sempre
1375 1685 1410 1710 da
1423 1685 1553 1712 Palermo
1573 1687 1730 1713 nell'estate
1750 1689 1794 1713 del
1817 1688 1899 1720 11683
1917 1698 1962 1714 ma
1978 1692 1985 1714 i

1092 1727 1224 1761 diplomi,
1242 1728 1304 1753 dati
1323 1728 1358 1753 da
1376 1727 1495 1754 Stesano
1515 1729 1693 1755 Canceliiere
1712 1738 1726 1755 e
1752 1732 1847 1756 scritti
1873 1732 1919 1757 dal
1938 1739 1988 1757 no-

1090 1772 1153 1796 tsio
1172 1772 1312 1797 Riccardo
1332 1771 1492 1805 (Bramme,
1518 1781 1566 1797 nn.
1595 1778 1643 1805 177
1669 1782 1684 1799 e
1709 1776 1781 1807 235),
1807 1782 1838 1800 su
1864 1776 1909 1800 cui
1928 1776 1986 1808 egli

1093 1813 1181 1839 sunda
1193 1814 1222 1839 la
1241 1821 1291 1839 sua
1303 1814 1408 1847 ipotesi
1429 1821 1503 1840 sono
1523 1817 1594 1840 assai
1610 1818 1703 1848 guasti
1718 1817 1765 1842 nei
1778 1817 1838 1843 dati
1853 1818 1987 1843 cronolo-

1091 1856 1149 1889 gici
1170 1863 1184 1880 e
1203 1863 1338 1888 possono‚
1357 1854 1408 1890 pii:
1426 1857 1477 1881 che
1495 1857 1523 1882 al
1540 1856 1615 1887 1168,
1628 1858 1752 1883 riferirsi
1765 1859 1793 1884 al
1815 1858 1891 1892 1167,
1904 1861 1987 1885 tanto

1091 1896 1143 1931 pitz
1161 1898 1212 1923 che
1231 1898 1357 1924 l’ultimo
1376 1899 1504 1933 diploma
1523 1901 1624 1925 scritto
1638 1901 1673 1925 da
1686 1901 1827 1926 Riccardo
1839 1900 1854 1927 ὲ
1867 1903 1986 1935 proprio

1092 1940 1250 1973 dell'aprile
1269 1941 1297 1965 di
1317 1942 1494 1973 quest'anno.

1179 1981 1190 1997 ⁵
1209 1982 1274 2008 Uso
1291 1983 1462 2015 Fammum
1486 1991 1513 2017 p.
1535 1990 1584 2017 152
1604 1993 1619 2010 e
1638 1993 1693 2018 sg.:
1715 1986 1728 2000 ‘⁴
1741 2006 1746 2010 .
1759 2006 1764 2011 .
1777 2006 1781 2011 .
1794 2005 1800 2011 ,
1820 1987 1861 2012 At
1880 1987 1926 2012 ilii
1942 1995 1987 2012 re-

1093 2025 1200 2058 “pente
1218 2025 1366 2052 castelium
1386 2026 1499 2056 adeunt,
1519 2029 1547 2052 et
1566 2027 1695 2053 Odonem
1717 2027 1900 2058 Quarrelium
1915 2037 1930 2054 a
1944 2037 1988 2054 ca-

1094 2068 1241 2094 “stellano
1261 2068 1315 2093 sibi
1340 2069 1479 2094 tradItum
1505 2072 1648 2100 exuentes.
1667 2072 1751 2096 asino
1776 2079 1857 2104 quem
1877 2072 1912 2097 ad
1931 2072 1986 2097 hoc

1094 2110 1107 2124 ‘¹
1119 2112 1341 2144 preparaverant
1359 2119 1422 2136 eum
1447 2112 1610 2144 imponunt,
1636 2113 1755 2146 pedibus
1775 2115 1837 2139 eius
1857 2115 1887 2139 in
1907 2116 1989 2139 ante-

1095 2153 1224 2178 “riorem
1242 2153 1319 2179 asini
1338 2155 1447 2187 partem
1459 2155 1609 2187 porrectis,
1629 2157 1723 2189 capite
1741 2164 1809 2181 vero
1830 2158 1859 2181 in
1879 2158 1989 2189 partem

1094 2194 1292 2221 “contrariam
1323 2196 1477 2222 accusato.
1513 2197 1623 2222 Dehinc
1655 2199 1791 2224 universo
1816 2198 1925 2232 populo
1954 2200 1988 2225 ad

1094 2236 1107 2251 ¹¹
1119 2238 1311 2272 spectaculum
1335 2238 1504 2268 confluente,
1523 2246 1574 2272 per
1592 2240 1716 2265 medium
1740 2241 1819 2266 urbis
1838 2249 1901 2266 eum
1926 2249 1989 2267 cum

1095 2280 1109 2294 α
1118 2280 1232 2314 ingenti
1250 2280 1374 2306 clamore
1388 2281 1538 2311 deducunt,
1553 2283 1737 2308 contumeliis
1751 2283 1868 2309 interim
1881 2290 1914 2309 ac
1927 2291 1988 2309 ver-

1095 2322 1109 2336 “
1118 2322 1232 2348 berlbus
1251 2323 1418 2349 insistentes
1430 2341 1530 2355 ......

1181 2363 1192 2381 ⁸
1210 2365 1298 2396 Inna,
1316 2373 1344 2398 p.
1367 2371 1416 2399 159
1434 2373 1450 2391 e
1468 2373 1523 2399 sg.;
1544 2374 1571 2391 v.
1591 2374 1619 2391 n.
1642 2373 1665 2399 7.

1180 2406 1192 2424 ⁷
1211 2407 1296 2438 initu,
1316 2416 1342 2441 p.
1366 2408 1431 2434 162:
1453 2408 1486 2434 “.
1498 2426 1519 2434 ..
1530 2409 1580 2435 ‚In
1595 2417 1626 2435 eo
1640 2411 1716 2435 statu
1729 2411 1808 2436 curia
1821 2413 1990 2441 constituta,

1095 2450 1280 2476 “decernitur
1299 2452 1329 2475 in
1349 2452 1449 2484 primis
1469 2453 1511 2476 uti
1526 2450 1701 2478 Gillebertus
1715 2460 1809 2478 comes
1829 2453 1990 2479 Gravinen·

1093 2492 1107 2507 ⁶
1117 2493 1165 2522 sis,
1185 2500 1247 2518 cum
1265 2492 1327 2518 filio
1346 2501 1399 2519 suo
1419 2494 1578 2519 Bertranno
1598 2495 1704 2520 comite
1718 2496 1842 2528 pellatur
1860 2503 1876 2520 e
1889 2504 1986 2530 regno,

1095 2534 1214 2560 “salvus
1234 2537 1329 2560 tamen
1348 2537 1378 2561 et
1394 2536 1556 2567 incolumis,
1572 2536 1596 2561 si
1616 2537 1731 2568 quidem
1746 2537 1803 2562 hiis
1815 2539 1894 2562 curie
1912 2546 1990 2564 man-

1095 2576 1196 2603 “datis
1216 2577 1292 2603 ultro
1311 2585 1408 2610 parere
1427 2578 1572 2604 voluerit.
1662 2579 1702 2603 At
1722 2579 1773 2604 ille
1791 2578 1990 2613 (Gillebertus)

1095 2618 1237 2645 “multam
1263 2621 1293 2644 in
1313 2627 1342 2644 se
1366 2627 1514 2653 procerum
1539 2621 1689 2645 attendens
1714 2621 1865 2651 invidiam.
1892 2623 1993 2648 civita-

1096 2660 1178 2687 “tum
1198 2663 1282 2687 atrox
1307 2662 1405 2687 odium
1431 2662 1577 2695 nichilque
1602 2663 1661 2696 spei
1682 2663 1736 2687 sibi
1758 2663 1887 2689 relictum
1908 2665 1992 2690 intel-

1096 2702 1222 2737 “ligens.
1240 2704 1327 2737 elegit
1347 2711 1375 2729 se
1393 2703 1539 2729 Richardo
1558 2706 1656 2729 comiti
1683 2704 1822 2730 Fundano
1848 2714 1910 2731 cum
1932 2707 1991 2732 the-

1094 2746 1209 2772 ‘sauris
1228 2747 1287 2771 suis
1313 2754 1348 2772 eo
1366 2745 1449 2779 pacto
1475 2747 1574 2771 dedere
1593 2748 1625 2771 ut
1650 2746 1749 2772 liceret
1767 2749 1792 2772 ei
1821 2756 1883 2773 cum
1903 2756 1990 2774 uxore

1097 2787 1153 2813 “ac
1172 2788 1271 2814 iiberis
1290 2789 1322 2813 in
1342 2789 1436 2821 partes
1455 2788 1535 2821 Syrie
1561 2790 1766 2822 transmeare„.
1805 2790 1850 2815 Cf.
1876 2791 1992 2816 Annales

1096 2831 1260 2861 Casi’nenses,
1279 2839 1305 2863 p.
1324 2838 1385 2864 312,
1404 2831 1462 2864 agli
1481 2833 1550 2856 anni
1574 2830 1642 2856 1168
1660 2840 1675 2857 e
1697 2833 1772 2865 1169.

1182 2873 1194 2892 ⁸
1213 2873 1278 2899 Uoo
1292 2874 1461 2902 Fancmno,
1476 2881 1501 2905 p.
1519 2873 1565 2898 161
1577 2881 1584 2898 ε
1600 2873 1614 2886 ‘¹
1624 2875 1762 2899 Henricus
1775 2883 1868 2900 comes
1881 2876 1990 2901 Montis

1097 2913 1246 2941 “Caveosl
1271 2917 1298 2940 et
1324 2915 1482 2940 Richardus
1509 2915 1618 2941 Moliaii
1644 2923 1737 2942 comes
1761 2924 1823 2942 cum
1850 2918 1991 2950 plerisque

1095 2957 1341 2983 ‘Messanensium
1361 2957 1474 2982 xxim.
1492 2957 1583 2990 galeis
1603 2960 1718 2984 armatis
1744 2959 1905 2985 Panornum
1927 2967 1991 2992 per-

1098 2999 1112 3012 ¹¹
1124 3000 1253 3025 veniunt.
1267 3018 1273 3025 .
1283 3016 1290 3024 .
1302 3019 1307 3024 .
1318 3017 1345 3032 „.

1184 3038 1196 3057 ⁸
1214 3041 1299 3069 Ιοικ,
1324 3048 1370 3075 pp.
1398 3039 1456 3073 161,
1485 3040 1543 3066 162.
1587 3041 1692 3068 Enrico
1717 3045 1801 3069 conte
1826 3043 1855 3068 di
1882 3044 1992 3070 Monte-

2053 543 2116 561 mart.
2134 547 2158 561 zo

2037 757 2102 775 mart.
2117 760 2175 780 25-31

2015 1783 2050 1809 40

2016 1996 2048 2022 45

2018 2205 2052 2231 50

2019 2418 2050 2444 55

2022 3052 2056 3077 70

2058 1137 2079 1151 c.
2094 1136 2157 1156 ²⁴5⁰
