2398 3470
106 242 190 279 [ΑΛ.
204 243 238 272 c.
253 245 397 272 ss-ss-u.
412 250 437 270 e.
458 243 616 279 ειη-εει]
880 237 1197 275 CHRONICON
1922 236 1969 272 55

688 427 861 461 Saeuum
878 415 1108 461 'prinsecus-10
1131 436 1172 460 m
1193 427 1388 460 Ecemsm.

194 523 209 540 ‘⁴
222 521 291 555 Hic
314 522 489 555 secundus
519 528 598 565 post
625 522 801 555 Neronem
832 520 1046 554 Christianos
1076 521 1307 565 persequitur,
1331 519 1396 553 sub
1428 530 1497 563 quo
1521 520 1699 563 Johannes
1730 520 1907 564 apostolus
1937 521 1973 553 in

107 575 122 591 ‘⁶
136 573 301 607 Pathmos
323 574 471 607 insulam
495 575 601 608 exilio
623 574 798 618 relegatus
821 579 874 606 est
887 574 908 612 ¹,
934 580 968 606 et
999 574 1124 608 Flauia
1147 573 1324 606 Domitilla
1351 573 1386 605 in
1409 572 1557 606 insulam
1580 572 1787 606 Pontianam
1813 573 1857 606 ob
1889 573 1972 606 fidei

109 629 124 646 “
138 628 368 660 testimonium
393 628 595 668 exiliatur„
643 627 716 666 Qui
740 634 774 660 et
797 627 910 670 ipsum
933 628 1128 670 Johannem
1153 627 1347 670 apostolum
1371 626 1407 658 in
1430 626 1600 659 §eruentis
1624 626 1693 659 olei
1716 627 1847 659 dolium
1878 627 1976 671 jussit

103 733 186 767 sime
209 734 408 778 questionis,
434 734 568 779 exquiri·
589 743 700 777 genus
722 733 838 766 Dauid
861 733 950 766 inter
972 734 1115 777 Judeos,
1142 739 1246 776 atque
1276 732 1425 766 interfici
1447 733 1617 775 precepit.
1665 732 1824 775 Cumque
1855 733 1975 766 Domi-

102 787 216 820 tianus
239 787 426 821 exitiabilis
449 788 495 821 ob
518 787 652 820 scelera
673 787 844 820 uniuersis
868 798 993 820 exosus
1017 793 1120 827 esset,
1137 797 1276 820 suorum
1299 786 1539 830 conjuratione
1563 786 1599 818 in
1621 786 1752 829 palatio
1768 786 1976 820 interfectus

103 847 166 880 est,
190 850 282 873 anno
305 841 408 874 etatis
432 850 492 874 sue
516 850 593 872 xxx
608 840 744 884 imperii
760 850 846 873 uero
864 849 914 873 xv
930 851 1049 873 mense
1066 851 1092 873 v
1108 841 1207 885 cujus
1224 840 1375 872 cadauer
1391 839 1551 883 populari
1567 839 1751 882 sandapila
1766 850 1829 882 per
1845 840 1975 883 uispel-

27 927 28 930 ,
102 892 213 926 liones
236 900 464 936 exportatum,
489 899 593 937 atque
617 893 942 938 ignominiosissime
973 894 1147 936 sepultum
1180 899 1234 926 est
1245 893 1268 926 ¹.
1314 892 1422 936 Cujus
1453 892 1591 935 imperii
1615 902 1707 925 anno
1739 899 1866 926 octauo
1897 899 1976 935 post

13 945 79 988 310
102 946 240 980 cletum
262 946 424 980 Clemens
447 947 587 980 natione
611 957 784 986 romanus,
808 957 852 979 ex
873 952 974 989 patre
997 947 1161 980 Faustino
1184 946 1421 990 pontificalem
1444 946 1647 979 cathedram
1670 945 1888 989 gubernauit,
1920 957 1974 979 se-

16 987 25 999 *
101 999 222 1043 ditque
247 1010 355 1033 annos
377 1010 419 1033 1x
442 1010 578 1033 menses
594 1000 692 1033 duos.
738 1000 808 1033 Hic
824 1000 1000 1033 constituit
1016 1010 1187 1034 canonem
1203 1010 1308 1043 super
1332 999 1542 1032 eucharistia
1564 998 1755 1038 decantari,
1780 1005 1816 1032 et
1837 1005 1876 1032 ut
1891 999 1975 1042 Epi-

101 1062 228 1096 scopus
252 1053 423 1086 electione
448 1053 543 1093 cleri‚
560 1059 596 1086 et
611 1053 715 1086 laude
731 1054 845 1097 plebis
861 1054 1142 1087 constitueretur.
1190 1053 1258 1086 Hic
1281 1052 1345 1085 sub
1361 1052 1515 1096 Trajano
1539 1051 1743 1095 deportatus
1759 1052 1864 1085 exilio
1880 1059 1976 1086 trans

102 1102 353 1147 Ellespontum,
376 1105 516 1137 marinis
538 1104 701 1138 fluctibus
723 1115 788 1148 pro
812 1105 944 1138 Christi
966 1105 1105 1137 nomine
1129 1105 1312 1137 immersus
1337 1110 1388 1137 est
1401 1103 1424 1137 ³.

189 1158 286 1191 Anni
316 1158 456 1191 Domini
485 1158 713 1191 LXXXVIII
744 1165 779 1191 et
809 1168 900 1191 anno
931 1157 975 1190 ab
1007 1158 1093 1191 urbe
1125 1157 1268 1191 condita
1298 1157 1546 1191 DCCCXLVI
1578 1157 1735 1201 quamuis
1766 1157 1978 1201 Euthropius

37 1208 77 1243 15
102 1210 414 1254 quingentesimum
437 1210 532 1242 hunc
555 1221 684 1243 annum
707 1221 782 1243 esse
806 1210 1023 1254 scripserit⁴:
1049 1210 1169 1243 Nerua
1196 1210 1230 1242 in
1261 1210 1399 1253 priuata
1421 1210 1495 1242 uita
1516 1210 1716 1243 moderatus
1740 1216 1775 1242 et
1806 1216 1975 1250 strenuus,

101 1262 288 1298 nobilitatis
310 1264 439 1304 medie,
463 1267 571 1296 senex
595 1264 794 1303 admodum,
817 1264 1008 1306 imperator
1040 1264 1196 1297 decimus
1220 1263 1263 1297 ab
1287 1264 1448 1308 Augusto
1472 1269 1609 1296 creatus
1632 1269 1694 1296 est.
1741 1264 1976 1307 Equissimum

102 1327 138 1350 se
163 1324 198 1351 et
218 1317 401 1350 utillimum
425 1317 616 1360 reipublice
639 1317 790 1361 prebuit:
816 1317 877 1361 qui
901 1318 1020 1350 diuina
1050 1318 1249 1360 prouisione
1274 1318 1459 1351 consulens
1483 1317 1675 1361 Trajanum
1699 1317 1765 1350 sibi
1796 1318 1976 1361 adoptauit

101 1370 136 1403 in
157 1380 314 1414 regnum.
362 1371 483 1404 Nerua
505 1370 677 1414 siquidem
693 1370 806 1413 primo
824 1369 940 1403 edicto
963 1370 1041 1403 'suo
1060 1377 1205 1404 cunctos
1222 1371 1342 1403 exules
1358 1370 1538 1404 reuocauit
1546 1369 1568 1403 ⁵.
1617 1370 1632 1387 “
1648 1370 1753 1403 Unde
1770 1376 1806 1403 et
1820 1371 1974 1414 Joannes

107 1424 311 1467 “apostolus
326 1424 393 1456 hac
409 1424 627 1468 indulgentia
650 1423 815 1457 liberatus
838 1424 884 1457 ad
906 1424 1086 1467 Ephesum
1109 1425 1213 1457 rediit
1225 1424 1248 1457 Β.
1296 1425 1342 1457 Et
1365 1425 1448 1468 quia
1471 1434 1676 1457 concussam
1692 1435 1729 1457 se
1754 1424 1896 1457 absente
1913 1435 1976 1468 per

37 1475 80 1511 20
108 1477 123 1495 ³
134 1475 309 1508 hereticos
331 1475 419 1508 uidit
435 1475 586 1508 ecclesie
602 1475 717 1514 fidem,
735 1475 920 1508 confestim
937 1476 1029 1507 hanc
1047 1475 1259 1518 descriptam
1283 1476 1320 1508 in
1336 1475 1529 1519 Euangelio
1553 1485 1615 1508 suo
1638 1474 1738 1508 uerbi
1760 1475 1828 1508 Dei
1845 1476 1974 1508 eterni-

106 1529 121 1546 “
134 1532 241 1560 tatem
264 1526 431 1559 stabiliuit
445 1550 476 1567 „.
523 1526 643 1559 Nerua
668 1527 853 1560 confectus
884 1526 1006 1560 morbo
1032 1528 1125 1560 diem
1157 1526 1253 1566 obiit,
1276 1533 1355 1569 post
1378 1537 1506 1559 annum
1535 1532 1570 1559 et
1592 1536 1650 1559 1111
1673 1537 1811 1560 menses
1834 1526 1972 1570 imperii

103 1579 167 1612 sui:
192 1578 292 1611 etatis
314 1588 400 1610 uero
425 1588 486 1610 sue
509 1588 601 1610 anno
625 1588 740 1610 Lxxn
755 1577 777 1611 ⁷.

101 1696 175 1726 nus,
199 1690 432 1730 cognomento
455 1683 584 1727 Ulpius
616 1685 771 1718 Crinitus
783 1684 806 1725 ⁸,
839 1686 1019 1730 cujusdem
1051 1685 1214 1719 Consulis
1245 1685 1346 1724 filius,
1378 1685 1584 1718 undecimus
1615 1685 1660 1718 ab
1692 1686 1853 1729 Augusto
1877 1687 1972 1729 apud

39 1736 80 1775 25
102 1737 332 1784 Agrippinam
355 1737 470 1771 Gallie
493 1737 626 1778 urbem,
650 1738 800 1782 insignia
831 1738 977 1781 sumpsit
998 1738 1137 1781 imperii
1151 1737 1174 1771 ⁹.
1221 1738 1294 1778 Qui
1324 1749 1399 1771 rem
1420 1738 1599 1781 publicam
1632 1738 1684 1771 ita
1706 1737 1970 1779 administrauit,

103 1795 141 1822 ut
171 1789 328 1822 omnibus
358 1788 573 1832 principibus
603 1789 726 1822 merito
757 1790 966 1832 preferatur,
999 1789 1160 1822 inusitate
1192 1789 1369 1822 ciuilitatis
1401 1795 1436 1822 et
1458 1789 1672 1822 fortitudinis
1702 1790 1857 1823 Romani
1881 1790 1973 1823 enim

102 1842 247 1886 imperii,
271 1842 367 1886 quod
389 1841 434 1874 ab
455 1841 615 1886 Augusto
640 1842 825 1875 defensum
849 1842 959 1886 magis
981 1842 1106 1881 fuerat,
1131 1852 1235 1885 quam
1258 1842 1422 1875 nobiliter
1444 1842 1661 1885 ampliatum;
1687 1843 1773 1875 fines
1795 1842 1901 1887 longe
1926 1844 1975 1876 la-

66 1929 84 1938 v,
101 1899 205 1938 teque
228 1893 372 1927 diffudit
385 1892 419 1926 ¹⁰.
460 1893 682 1926 Germaniam
706 1899 800 1926 trans
824 1894 964 1927 Renum
986 1893 1022 1926 in
1045 1893 1226 1936 pristinum
1250 1900 1376 1926 statum
1397 1894 1538 1927 reduxit
1550 1892 1581 1926 ¹¹.
1616 1893 1773 1932 Daciam,
1798 1900 1833 1926 et
1851 1894 1975 1927 multas

102 1950 195 1978 trans
217 1944 414 1978 Danubium
437 1951 560 1988 gentes
576 1945 722 1989 subegit.
769 1945 919 1978 Parthos
934 1946 1079 1988 recepit.
1126 1943 1273 1978 Albanis
1289 1955 1410 1989 regem
1427 1945 1537 1978 dedit.
1586 1944 1801 1984 Carduenos,
1826 1952 1861 1979 et
1876 1946 1971 1978 Mar-

0 1995 3 2042 ζ
38 1995 82 2030 30
104 2005 291 2029 comannos
307 1996 504 2038 occupauit.
551 1996 732 2040 Regiones
748 2002 843 2029 trans
858 1996 1083 2039 Euphratem,
1100 2001 1136 2029 et
1151 1995 1274 2040 Tigrin
1290 1996 1382 2036 sitas,
1398 1996 1598 2039 prouincias
1614 1996 1711 2029 fecit.
1758 1996 1972 2038 Armeniam,

102 2049 280 2089 Assiriam,
295 2049 596 2092 Mesopotamiam,
615 2049 812 2082 Seleuciam
837 2055 872 2082 et
896 2049 1151 2083 Ethesifontem
1176 2055 1211 2082 et
1234 2049 1462 2094 Babyloniam
1478 2049 1563 2082 uicit
1586 2060 1628 2082 ac
1651 2051 1774 2083 tenuit.
1820 2050 1973 2085 Persidis

103 2112 221 2147 regem
244 2103 370 2136 statuit.
417 2103 463 2136 Et
485 2113 594 2146 usque
619 2103 664 2136 ad
687 2103 787 2136 Indie
811 2103 908 2143 fines,
934 2102 980 2135 'et
1002 2114 1096 2136 mare
1125 2102 1265 2135 rubrum
1289 2103 1447 2136 accessit.
1494 2103 1662 2136 Arabiam
1685 2109 1806 2147 postea
1829 2104 1866 2136 in
1889 2115 1970 2147 pro-

102 2156 216 2190 uincie
239 2156 386 2190 formam
411 2157 560 2201 redegit.
607 2157 646 2190 In
670 2157 757 2189 mari
780 2157 886 2190 rubro
911 2157 1056 2190 classem
1089 2157 1278 2196 constituit,
1301 2163 1340 2190 ut
1362 2157 1461 2190 Indie
1485 2158 1571 2190 fines
1595 2158 1804 2191 deuastaret.
1852 2158 1973 2192 Gloria

103 2207 255 2249 militari,
279 2208 448 2242 ciuilitate
473 2214 508 2241 et
531 2209 772 2241 moderatione
797 2214 934 2241 ceteros
957 2208 1136 2251 superauit
1150 2207 1183 2241 ¹².

193 2322 216 2341 ι.
233 2316 397 2341 Persecuclo
421 2316 443 2340 C
462 2329 494 2334 --
513 2322 540 2347 3.
559 2316 694 2349 religatus
711 2316 738 2340 B
751 2315 774 2340 C
790 2329 802 2335 -
822 2316 999 2341 Poncianam
1022 2315 1046 2339 C
1063 2329 1096 2334 —-
1117 2321 1141 2348 5.
1156 2316 1345 2342 Domieinnus
1368 2317 1392 2341 C
1408 2331 1441 2336 —
1454 2316 1511 2348 6—7.
1524 2317 1711 2343 Domicianus
1734 2317 1758 2342 C
1768 2331 1802 2337 —
1815 2325 1840 2351 9.
1856 2326 1971 2345 exorsus

109 2355 133 2381 C
147 2370 180 2375 —
202 2364 242 2383 ιι.
261 2358 462 2384 eucharistiam
480 2359 505 2383 A
526 2372 558 2376 —
581 2365 621 2391 13.
640 2358 845 2392 Helespontum
865 2359 891 2382 B
903 2372 937 2377 —
953 2365 992 2390 14.
1007 2357 1207 2384 Lxxxxvm
1226 2357 1284 2391 (sic)
1302 2359 1369 2383 C·-
1387 2360 1428 2385 18.
1441 2359 1583 2385 Iohannes
1602 2360 1629 2384 B
1642 2359 1665 2384 C
1683 2374 1714 2378 —
1732 2367 1771 2392 19.
1785 2361 1971 2395 indulgenda

0 2417 3 2438 i
108 2398 131 2423 C
145 2413 179 2419 —
198 2405 240 2426 22.
260 2400 351 2426 LXXI
373 2400 397 2424 C
413 2414 447 2419 —
466 2408 509 2433 23.
528 2408 605 2426 anno
624 2401 660 2426 ab
679 2401 882 2426 incarnatione
901 2401 1019 2426 Domini
1042 2401 1065 2425 C
1082 2415 1115 2419 —
1142 2404 1185 2432 25.
1211 2402 1441 2427 amministravit
1459 2403 1484 2427 Α
1504 2416 1537 2420 -
1557 2407 1599 2434 27.
1619 2403 1686 2435 post
1713 2403 1873 2435 Augustum
1896 2404 1920 2428 C
1936 2419 1969 2423 —

0 2439 3 2470 i
105 2446 147 2473 29.
167 2441 333 2468 Corduedos
351 2442 376 2466 Α
386 2443 413 2467 Β
423 2443 447 2467 C
451 2453 463 2472 ,·
481 2443 680 2468 Max-comedes
694 2444 873 2473 Euraomus,
893 2442 969 2471 VIII,
981 2448 998 2471 3
1019 2457 1053 2462 -
1067 2449 1110 2474 30.
1124 2443 1261 2468 Eufraten
1281 2444 1307 2468 B
1319 2445 1343 2470 C
1353 2458 1387 2463 —
1406 2452 1449 2477 31.
1464 2445 1608 2470 Eleuciam
1627 2444 1651 2468 A
1666 2457 1677 2463 -
1693 2445 1919 2477 Thesiphontem
1932 2446 1969 2475 B,

0 2471 2 2482 x

0 2485 17 2532 ἐξ
61 2487 77 2515 ς
104 2483 282 2516 Eunomus,
306 2485 382 2515 VIII,
400 2492 429 2515 3,
448 2487 504 2510 dice
524 2486 750 2519 Ctesthontem,
770 2494 783 2510 e
801 2486 852 2510 cosi
871 2486 955 2517 ripae
974 2485 1112 2516 ORosws,
1137 2485 1197 2515 VII,
1216 2493 1259 2515 12,
1278 2493 1294 2511 2

0 2530 17 2560 ιΙ

0 2555 19 2677 ιι
189 2566 198 2584 ¹
216 2569 291 2595 Beda
309 2570 420 2603 attinge
439 2570 474 2595 nd
493 2570 633 2601 Onosms,
653 2569 716 2600 VII,
739 2576 779 2600 ro,
801 2574 814 2601 5
835 2568 877 2602 (p.
896 2568 970 2601 ²5²)·
1150 2568 1161 2585 ⁷
1179 2577 1199 2594 R
1217 2571 1301 2604 copia
1326 2570 1524 2596 direttamente
1543 2570 1579 2596 da
1604 2570 1708 2596 Orosio
1734 2570 1837 2596 alcune
1862 2572 1967 2605 parole,

0 2631 2 2638 =
188 2607 200 2626 ²
219 2610 357 2643 011031115,
376 2611 438 2643 VH,
454 2618 496 2643 10,
509 2610 526 2637 6
547 2610 586 2645 (p.
608 2611 680 2643 ²5²)·
699 2612 876 2642 Etr-monus,
891 2611 953 2642 VII,
972 2617 1004 2643 ²3
1061 2612 1170 2637 mentre
1188 2619 1237 2644 per
1255 2612 1282 2637 la
1301 2612 1368 2637 data
1392 2612 1468 2638 della
1485 2613 1577 2638 morte
1595 2619 1611 2637 e
1630 2619 1680 2645 per
1698 2612 1737 2645 gli
1762 2613 1832 2638 anni
1857 2614 1967 2647 attinge

0 2644 6 2682 i
103 2649 141 2684 (p.
158 2651 220 2684 eit.)
237 2651 300 2679 fine.
1059 2653 1096 2679 ad
1117 2654 1266 2687 Eutropio.

0 2687 19 2733 {l
188 2691 200 2710 ⁸
216 2694 273 2720 Lab.
291 2695 380 2725 pm„
397 2696 467 2721 ediz.
485 2696 544 2727 eit.,
563 2695 585 2727 1,
607 2701 666 2727 1²3·
702 2694 726 2719 11
746 2696 877 2720 martirio
890 2695 919 2720 di
940 2694 1003 2720 Cle·
1148 2694 1160 2712 ⁸
1178 2695 1201 2720 11
1221 2697 1441 2729 “cognomento
1461 2697 1564 2731 Ulpius
1584 2696 1715 2722 Crinitus
1728 2715 1742 2729 „
1761 2696 1777 2722 ὲ
1795 2698 1826 2723 di
1851 2699 1965 2723 Eu’rno-

16 2734 20 2742 '
46 2739 80 2759 10
102 2737 192 2762 mente
204 2744 275 2771 papa
288 2739 403 2764 webbe
415 2739 559 2764 avvenuto
573 2739 651 2764 sotto
666 2738 794 2763 Traiano
808 2736 859 2763 111.
896 2737 1004 2766 Questa
1059 2744 1135 2770 mus,
1155 2738 1230 2770 VIII,
1251 2745 1265 2763 2
1287 2738 1326 2771 (p.
1348 2738 1421 2771 136).

0 2735 22 2821 li
104 2779 211 2805 notizia
227 2777 243 2805 e
259 2781 347 2806 tratta
365 2782 413 2814 qul
432 2781 479 2806 dal
496 2781 538 2805 De
555 2781 623 2805 vin's
641 2780 812 2809 inlustribus,
830 2787 866 2804 xv
884 2780 915 2805 di
934 2780 1004 2805 Hm·
1147 2779 1159 2796 ⁹
1177 2781 1316 2812 Onustus,
1337 2780 1400 2812 VII,
1422 2787 1463 2812 η,
1486 2787 1516 2806 12
1538 2780 1576 2814 (p.
1603 2781 1675 2814 ²5²)·
1712 2773 1734 2806 ὲ
1759 2781 1795 2806 da
1818 2782 1965 2807 avvertire

0 2823 20 2848 ΙΙ
101 2825 242 2846 Romanis
260 2819 343 2852 (edis.
361 2822 418 2853 cit„
436 2829 464 2854 p.
486 2821 539 2855 19).
569 2821 645 2847 Sulla
664 2821 821 2846 tradizione
840 2821 884 2846 del
906 2822 1003 2846 martl-
1059 2822 1127 2857 pero
1146 2823 1197 2848 che
1217 2823 1320 2849 Orosio
1340 2821 1375 2848 da
1394 2823 1494 2848 l'anno
1513 2824 1574 2856 847.

0 2856 9 2899 ξ
102 2862 146 2888 rio
163 2861 193 2887 di
211 2863 363 2895 Clemente,
381 2863 418 2889 οἱ.
439 2865 609 2895 Ducnasmz,
622 2866 661 2895 op.
674 2865 731 2892 cit„
751 2863 805 2888 loc.
823 2864 880 2894 cit.¹
894 2864 964 2888 nota
977 2871 1002 2897 9.
1137 2862 1160 2881 ¹⁰
1178 2865 1358 2896 Eunomus,
1379 2865 1455 2895 VIII,
1476 2871 1490 2889 2
1511 2866 1560 2890 cit.

190 2903 201 2920 ⁴
223 2904 362 2937 onosms,
380 2905 445 2937 VII,
465 2913 505 2938 11,
527 2913 538 2931 r
562 2905 601 2940 (p.
623 2906 699 2939 ²53)-
1137 2905 1157 2923 ¹¹
1178 2907 1319 2938 Otiosum,
1339 2907 1401 2938 VII,
1423 2913 1464 2939 12,
1487 2914 1511 2932 ².

3 2944 10 2977 ξ
47 2948 78 2978 ις
188 2944 200 2962 ⁸
216 2953 235 2972 ι
252 2947 278 2972 al
297 2947 394 2979 solito,
408 2955 492 2974 narra
504 2949 645 2981 copiando
660 2947 744 2979 Beda,
759 2947 863 2974 Orosio
878 2948 925 2972 nel
946 2948 1002 2973 loc.
1133 2947 1157 2965 ¹¹
1175 2950 1269 2975 Fonte
1293 2950 1450 2983 principale
1473 2949 1501 2974 di
1530 2950 1608 2975 tutta
1633 2951 1731 2983 que-ta
1758 2952 1926 2978 narratione
1951 2949 1966 2977 ὲ

102 2987 151 3014 eit.
168 2995 182 3012 e
199 2989 336 3023 Eutropio
356 2990 430 3021 vm,
453 2997 464 3015 r
485 2989 526 3024 (p.
546 2990 617 3024 136).
1056 2991 1238 3023 Eunomus,
1259 2990 1337 3023 vm,
1356 2997 1413 3024 ²·4·

190 3029 202 3047 ⁸
220 3030 358 3063 osonum,
376 3030 439 3063 VII,
460 3038 502 3065 n,
521 3037 548 3059 2.

0 686 7 714 J
61 679 80 713 5
102 679 232 725 mergi,'
256 691 277 713 a
299 691 368 724 quo
393 681 533 714 omnino
556 680 673 713 illesus
697 679 814 712 exiuit.
861 680 1080 713 Domitianus
1096 690 1234 724 quoque
1251 678 1443 712 acerbitate
1467 685 1730 719 tormentorum,
1754 685 1788 711 et
1805 680 1975 712 cruentis-
2011 696 2030 710 c.

189 1631 286 1664 Anni
308 1631 449 1664 Domini
471 1630 751 1664 LXXXXVIIII
776 1637 811 1664 et
834 1642 925 1665 anno
951 1631 994 1664 ab
1009 1631 1098 1664 urbe
1115 1630 1259 1665 condita
1272 1630 1460 1665 DCCCLI.
1508 1631 1683 1676 Trajanus
1698 1641 1828 1675 genere
1851 1632 1967 1675 hispa-
2005 1630 2028 1670 ζ’,
2043 1657 2063 1670 0,
2109 1657 2116 1671 1

2013 957 2113 978 Clemens
2124 960 2186 983 papa

2014 1155 2036 1169 a.
2052 1149 2078 1169 C.
2095 1150 2120 1169 88

2015 1182 2037 1196 u.
2053 1182 2073 1196 c.
2091 1177 2129 1201 846

2010 1388 2030 1402 c.
2047 1387 2094 1407 79¹¹

2042 1623 2069 1644 C.
2086 1625 2113 1648 98

2007 2123 2027 2137 c.
2044 2117 2090 2142 79⁶

1995 2663 2030 2682 20

1995 2877 2027 2903 25
