<?xml version="1.0" encoding="UTF-8"?>
<!DOCTYPE html PUBLIC "-//W3C//DTD XHTML 1.0 Transitional//EN"
    "http://www.w3.org/TR/xhtml1/DTD/xhtml1-transitional.dtd">
<html xmlns="http://www.w3.org/1999/xhtml" xml:lang="en" lang="en">
 <head>
  <title>
</title>
<meta http-equiv="Content-Type" content="text/html;charset=utf-8" />
  <meta name='ocr-system' content='tesseract 3.04.00' />
  <meta name='ocr-capabilities' content='ocr_page ocr_carea ocr_par ocr_line ocrx_word'/>
</head>
<body>
  <div class='ocr_page' id='page_1' title='image "./rerumitalicarums71murauoft_0150.png"; bbox 0 0 2398 3470; ppageno 0'>
   <div class='ocr_carea' id='block_1_1' title="bbox 174 247 381 273">
    <p class='ocr_par' dir='ltr' id='par_1_1' title="bbox 174 247 381 273">
     <span class='ocr_line' id='line_1_1' title="bbox 174 247 381 273; baseline 0.01 -6"><span class='ocrx_word' id='word_1_1' title='bbox 174 247 252 273; x_wconf 81' lang='grc' dir='ltr'><strong>Μυι..</strong></span> <span class='ocrx_word' id='word_1_2' title='bbox 267 252 301 268; x_wconf 88' lang='lat' dir='ltr'><strong>cc.</strong></span> <span class='ocrx_word' id='word_1_3' title='bbox 317 248 381 272; x_wconf 54' lang='lat'><strong>79⁴0</strong></span> 
     </span>
    </p>
   </div>
   <div class='ocr_carea' id='block_1_2' title="bbox 234 973 331 992">
    <p class='ocr_par' dir='ltr' id='par_1_2' title="bbox 234 973 331 992">
     <span class='ocr_line' id='line_1_2' title="bbox 234 973 331 992; baseline 0.01 -6"><span class='ocrx_word' id='word_1_4' title='bbox 234 973 254 988; x_wconf 85' lang='lat' dir='ltr'><strong>c.</strong></span> <span class='ocrx_word' id='word_1_5' title='bbox 271 973 310 992; x_wconf 82' lang='lat'><strong>¹05</strong></span> <span class='ocrx_word' id='word_1_6' title='bbox 317 973 331 987; x_wconf 85' lang='lat' dir='ltr'><strong>a</strong></span> 
     </span>
    </p>
   </div>
   <div class='ocr_carea' id='block_1_3' title="bbox 226 1717 327 1743">
    <p class='ocr_par' dir='ltr' id='par_1_3' title="bbox 226 1717 327 1743">
     <span class='ocr_line' id='line_1_3' title="bbox 226 1717 327 1743; baseline -0.01 -6"><span class='ocrx_word' id='word_1_7' title='bbox 226 1724 245 1738; x_wconf 84' lang='lat' dir='ltr'><strong>c.</strong></span> <span class='ocrx_word' id='word_1_8' title='bbox 261 1724 303 1743; x_wconf 63' lang='grc' dir='ltr'><strong>ιο]</strong></span> <span class='ocrx_word' id='word_1_9' title='bbox 315 1717 327 1736; x_wconf 82' lang='lat' dir='ltr'><em>b</em></span> 
     </span>
    </p>
   </div>
   <div class='ocr_carea' id='block_1_4' title="bbox 345 2619 377 2637">
    <p class='ocr_par' dir='ltr' id='par_1_4' title="bbox 345 2619 377 2637">
     <span class='ocr_line' id='line_1_4' title="bbox 345 2619 377 2637; baseline -0.031 0"><span class='ocrx_word' id='word_1_10' title='bbox 345 2619 377 2637; x_wconf 82' lang='lat'><strong>10</strong></span> 
     </span>
    </p>
   </div>
   <div class='ocr_carea' id='block_1_5' title="bbox 346 2827 373 2853">
    <p class='ocr_par' dir='ltr' id='par_1_5' title="bbox 346 2827 373 2853">
     <span class='ocr_line' id='line_1_5' title="bbox 346 2827 373 2853; baseline 0 0"><span class='ocrx_word' id='word_1_11' title='bbox 346 2827 373 2853; x_wconf 85' lang='lat'><strong>¹5</strong></span> 
     </span>
    </p>
   </div>
   <div class='ocr_carea' id='block_1_6' title="bbox 420 234 2274 285">
    <p class='ocr_par' dir='ltr' id='par_1_6' title="bbox 420 234 2274 285">
     <span class='ocr_line' id='line_1_6' title="bbox 420 234 2274 285; baseline 0.001 -9"><span class='ocrx_word' id='word_1_12' title='bbox 420 234 467 276; x_wconf 91' lang='lat'><strong>78</strong></span> <span class='ocrx_word' id='word_1_13' title='bbox 1003 238 1296 276; x_wconf 89' lang='lat' dir='ltr'>ROMUALDI</span> <span class='ocrx_word' id='word_1_14' title='bbox 1323 238 1688 278; x_wconf 78' lang='lat' dir='ltr'>SALERNTTANI</span> <span class='ocrx_word' id='word_1_15' title='bbox 1959 247 2044 284; x_wconf 72' lang='lat' dir='ltr'><strong>[aa.</strong></span> <span class='ocrx_word' id='word_1_16' title='bbox 2064 248 2098 277; x_wconf 88' lang='lat' dir='ltr'><strong>e.</strong></span> <span class='ocrx_word' id='word_1_17' title='bbox 2118 250 2274 285; x_wconf 68' lang='lat' dir='ltr'><strong>sia-3³51</strong></span> 
     </span>
    </p>
   </div>
   <div class='ocr_carea' id='block_1_7' title="bbox 404 367 2276 2071">
    <p class='ocr_par' dir='ltr' id='par_1_7' title="bbox 405 367 2275 1483">
     <span class='ocr_line' id='line_1_7' title="bbox 409 367 2274 415; baseline 0.003 -14"><span class='ocrx_word' id='word_1_18' title='bbox 409 367 485 401; x_wconf 88' lang='lat' dir='ltr'><strong>tori.</strong></span> <span class='ocrx_word' id='word_1_19' title='bbox 533 367 643 400; x_wconf 89' lang='lat' dir='ltr'><strong>Huius</strong></span> <span class='ocrx_word' id='word_1_20' title='bbox 665 367 880 410; x_wconf 83' lang='lat' dir='ltr'><strong>temporibus</strong></span> <span class='ocrx_word' id='word_1_21' title='bbox 903 368 1036 402; x_wconf 77' lang='lat' dir='ltr'><strong>factum</strong></span> <span class='ocrx_word' id='word_1_22' title='bbox 1060 375 1113 402; x_wconf 88' lang='lat' dir='ltr'><strong>est</strong></span> <span class='ocrx_word' id='word_1_23' title='bbox 1135 369 1330 402; x_wconf 88' lang='lat' dir='ltr'>Concilium</span> <span class='ocrx_word' id='word_1_24' title='bbox 1355 380 1434 402; x_wconf 92' lang='lat' dir='ltr'><strong>cum</strong></span> <span class='ocrx_word' id='word_1_25' title='bbox 1459 369 1532 413; x_wconf 89' lang='lat' dir='ltr'><strong>ejus</strong></span> <span class='ocrx_word' id='word_1_26' title='bbox 1554 377 1724 413; x_wconf 89' lang='lat' dir='ltr'><strong>precepto</strong></span> <span class='ocrx_word' id='word_1_27' title='bbox 1748 370 1782 402; x_wconf 90' lang='lat' dir='ltr'><strong>in</strong></span> <span class='ocrx_word' id='word_1_28' title='bbox 1807 370 1919 403; x_wconf 87' lang='lat' dir='ltr'>Nicea</span> <span class='ocrx_word' id='word_1_29' title='bbox 1943 371 2120 415; x_wconf 86' lang='lat' dir='ltr'><strong>Bythinie,</strong></span> <span class='ocrx_word' id='word_1_30' title='bbox 2137 378 2173 405; x_wconf 87' lang='lat' dir='ltr'><strong>et</strong></span> <span class='ocrx_word' id='word_1_31' title='bbox 2190 383 2274 406; x_wconf 60' lang='lat' dir='ltr'><strong>conz-</strong></span> 
     </span>
     <span class='ocr_line' id='line_1_8' title="bbox 410 421 2273 470; baseline 0.002 -16"><span class='ocrx_word' id='word_1_32' title='bbox 410 421 545 466; x_wconf 87' lang='lat' dir='ltr'><strong>gregati</strong></span> <span class='ocrx_word' id='word_1_33' title='bbox 575 426 656 453; x_wconf 84' lang='lat' dir='ltr'><strong>sunt</strong></span> <span class='ocrx_word' id='word_1_34' title='bbox 679 427 871 454; x_wconf 86' lang='lat' dir='ltr'><strong>trecentum</strong></span> <span class='ocrx_word' id='word_1_35' title='bbox 904 422 1027 455; x_wconf 92' lang='lat' dir='ltr'><strong>decem</strong></span> <span class='ocrx_word' id='word_1_36' title='bbox 1051 429 1085 454; x_wconf 89' lang='lat' dir='ltr'><strong>et</strong></span> <span class='ocrx_word' id='word_1_37' title='bbox 1115 429 1195 455; x_wconf 91' lang='lat' dir='ltr'><strong>octo</strong></span> <span class='ocrx_word' id='word_1_38' title='bbox 1218 422 1377 465; x_wconf 85' lang='lat' dir='ltr'><strong>episcopi</strong></span> <span class='ocrx_word' id='word_1_39' title='bbox 1409 423 1585 463; x_wconf 85' lang='lat' dir='ltr'><strong>catholici,</strong></span> <span class='ocrx_word' id='word_1_40' title='bbox 1615 424 1673 466; x_wconf 91' lang='lat' dir='ltr'><strong>qui</strong></span> <span class='ocrx_word' id='word_1_41' title='bbox 1706 430 1938 465; x_wconf 83' lang='lat' dir='ltr'><strong>exposuerunt</strong></span> <span class='ocrx_word' id='word_1_42' title='bbox 1968 425 2072 457; x_wconf 91' lang='lat' dir='ltr'><strong>fidem</strong></span> <span class='ocrx_word' id='word_1_43' title='bbox 2103 425 2273 470; x_wconf 87' lang='lat' dir='ltr'><strong>integram</strong></span> 
     </span>
     <span class='ocr_line' id='line_1_9' title="bbox 410 474 2274 517; baseline 0.002 -9"><span class='ocrx_word' id='word_1_44' title='bbox 410 474 616 508; x_wconf 81' lang='lat' dir='ltr'>catholicam</span> <span class='ocrx_word' id='word_1_45' title='bbox 639 474 906 513; x_wconf 88' lang='lat' dir='ltr'><strong>immaculatam,</strong></span> <span class='ocrx_word' id='word_1_46' title='bbox 931 482 967 508; x_wconf 92' lang='lat' dir='ltr'><strong>et</strong></span> <span class='ocrx_word' id='word_1_47' title='bbox 989 475 1243 508; x_wconf 88' lang='lat' dir='ltr'><strong>damnauerunt</strong></span> <span class='ocrx_word' id='word_1_48' title='bbox 1270 475 1422 514; x_wconf 89' lang='lat' dir='ltr'><strong>Arrium,</strong></span> <span class='ocrx_word' id='word_1_49' title='bbox 1455 482 1490 508; x_wconf 89' lang='lat' dir='ltr'><strong>et</strong></span> <span class='ocrx_word' id='word_1_50' title='bbox 1512 477 1685 515; x_wconf 71' lang='lat' dir='ltr'><strong>Fodnum,</strong></span> <span class='ocrx_word' id='word_1_51' title='bbox 1718 483 1753 509; x_wconf 90' lang='lat' dir='ltr'><strong>et</strong></span> <span class='ocrx_word' id='word_1_52' title='bbox 1783 476 1975 509; x_wconf 83' lang='lat' dir='ltr'><strong>sabellium</strong></span> <span class='ocrx_word' id='word_1_53' title='bbox 1998 477 2186 517; x_wconf 88' lang='lat' dir='ltr'><strong>hereticos,</strong></span> <span class='ocrx_word' id='word_1_54' title='bbox 2216 480 2274 512; x_wconf 88' lang='lat' dir='ltr'><strong>uel</strong></span> 
     </span>
     <span class='ocr_line' id='line_1_10' title="bbox 410 528 2274 574; baseline 0.003 -14"><span class='ocrx_word' id='word_1_55' title='bbox 410 538 527 561; x_wconf 87' lang='lat' dir='ltr'><strong>eorum</strong></span> <span class='ocrx_word' id='word_1_56' title='bbox 552 538 732 571; x_wconf 82' lang='lat' dir='ltr'><strong>sequaces.</strong></span> <span class='ocrx_word' id='word_1_57' title='bbox 779 528 818 560; x_wconf 90' lang='lat' dir='ltr'><strong>In</strong></span> <span class='ocrx_word' id='word_1_58' title='bbox 842 528 938 562; x_wconf 90' lang='lat' dir='ltr'><strong>Urbe</strong></span> <span class='ocrx_word' id='word_1_59' title='bbox 962 540 1046 562; x_wconf 87' lang='lat' dir='ltr'><strong>uero</strong></span> <span class='ocrx_word' id='word_1_60' title='bbox 1071 529 1186 561; x_wconf 89' lang='lat' dir='ltr'><strong>Roma</strong></span> <span class='ocrx_word' id='word_1_61' title='bbox 1211 530 1438 573; x_wconf 87' lang='lat' dir='ltr'><strong>congregauit</strong></span> <span class='ocrx_word' id='word_1_62' title='bbox 1453 530 1528 572; x_wconf 89' lang='lat' dir='ltr'><strong>ipse</strong></span> <span class='ocrx_word' id='word_1_63' title='bbox 1553 540 1631 563; x_wconf 90' lang='lat' dir='ltr'><strong>cum</strong></span> <span class='ocrx_word' id='word_1_64' title='bbox 1649 530 1795 563; x_wconf 79' lang='lat' dir='ltr'><strong>consilio</strong></span> <span class='ocrx_word' id='word_1_65' title='bbox 1819 529 1969 574; x_wconf 83' lang='lat' dir='ltr'><strong>Aug-usti</strong></span> <span class='ocrx_word' id='word_1_66' title='bbox 1993 531 2163 565; x_wconf 89' lang='lat' dir='ltr'><strong>ducentos</strong></span> <span class='ocrx_word' id='word_1_67' title='bbox 2177 538 2274 566; x_wconf 89' lang='lat' dir='ltr'><strong>octo-</strong></span> 
     </span>
     <span class='ocr_line' id='line_1_11' title="bbox 408 581 2275 625; baseline 0.004 -13"><span class='ocrx_word' id='word_1_68' title='bbox 408 581 506 624; x_wconf 83' lang='lat' dir='ltr'><strong>ginta</strong></span> <span class='ocrx_word' id='word_1_69' title='bbox 530 581 724 624; x_wconf 87' lang='lat' dir='ltr'><strong>episcopos,</strong></span> <span class='ocrx_word' id='word_1_70' title='bbox 750 587 783 614; x_wconf 91' lang='lat' dir='ltr'><strong>et</strong></span> <span class='ocrx_word' id='word_1_71' title='bbox 807 582 1009 625; x_wconf 88' lang='lat' dir='ltr'><strong>dampnauit</strong></span> <span class='ocrx_word' id='word_1_72' title='bbox 1031 583 1156 615; x_wconf 87' lang='lat' dir='ltr'><strong>iterum</strong></span> <span class='ocrx_word' id='word_1_73' title='bbox 1180 582 1364 622; x_wconf 85' lang='lat' dir='ltr'><strong>Calixtum,</strong></span> <span class='ocrx_word' id='word_1_74' title='bbox 1388 582 1527 615; x_wconf 91' lang='lat' dir='ltr'><strong>Arrium</strong></span> <span class='ocrx_word' id='word_1_75' title='bbox 1552 589 1587 616; x_wconf 86' lang='lat' dir='ltr'><strong>et</strong></span> <span class='ocrx_word' id='word_1_76' title='bbox 1611 584 1785 622; x_wconf 85' lang='lat' dir='ltr'><strong>Fotinum,</strong></span> <span class='ocrx_word' id='word_1_77' title='bbox 1812 594 1855 615; x_wconf 90' lang='lat' dir='ltr'><strong>ac</strong></span> <span class='ocrx_word' id='word_1_78' title='bbox 1882 583 2073 617; x_wconf 90' lang='lat' dir='ltr'><strong>Sabellium</strong></span> <span class='ocrx_word' id='word_1_79' title='bbox 2100 585 2275 620; x_wconf 78' lang='lat' dir='ltr'><strong>hereticos</strong></span> 
     </span>
     <span class='ocr_line' id='line_1_12' title="bbox 409 634 2273 682; baseline 0.003 -15"><span class='ocrx_word' id='word_1_80' title='bbox 409 635 588 668; x_wconf 87' lang='lat' dir='ltr'><strong>constituit</strong></span> <span class='ocrx_word' id='word_1_81' title='bbox 611 635 762 667; x_wconf 81' lang='lat' dir='ltr'>chrisma</span> <span class='ocrx_word' id='word_1_82' title='bbox 785 634 829 667; x_wconf 93' lang='lat' dir='ltr'><strong>ab</strong></span> <span class='ocrx_word' id='word_1_83' title='bbox 853 635 1022 678; x_wconf 89' lang='lat' dir='ltr'><strong>episcopo</strong></span> <span class='ocrx_word' id='word_1_84' title='bbox 1047 636 1185 674; x_wconf 89' lang='lat' dir='ltr'><strong>confici,</strong></span> <span class='ocrx_word' id='word_1_85' title='bbox 1209 642 1243 668; x_wconf 88' lang='lat' dir='ltr'><strong>et</strong></span> <span class='ocrx_word' id='word_1_86' title='bbox 1266 642 1303 667; x_wconf 91' lang='lat' dir='ltr'><strong>ut</strong></span> <span class='ocrx_word' id='word_1_87' title='bbox 1327 634 1538 678; x_wconf 89' lang='lat' dir='ltr'><strong>baptizatum</strong></span> <span class='ocrx_word' id='word_1_88' title='bbox 1561 637 1676 669; x_wconf 87' lang='lat' dir='ltr'><strong>statim</strong></span> <span class='ocrx_word' id='word_1_89' title='bbox 1701 642 1735 669; x_wconf 89' lang='lat' dir='ltr'><strong>et</strong></span> <span class='ocrx_word' id='word_1_90' title='bbox 1759 648 1778 668; x_wconf 88' lang='lat' dir='ltr'><strong>a</strong></span> <span class='ocrx_word' id='word_1_91' title='bbox 1795 637 1892 669; x_wconf 83' lang='lat' dir='ltr'><strong>fonte</strong></span> <span class='ocrx_word' id='word_1_92' title='bbox 1915 637 2065 670; x_wconf 87' lang='lat' dir='ltr'><strong>leuatum</strong></span> <span class='ocrx_word' id='word_1_93' title='bbox 2082 637 2178 671; x_wconf 88' lang='lat' dir='ltr'><strong>liniat</strong></span> <span class='ocrx_word' id='word_1_94' title='bbox 2193 650 2273 682; x_wconf 89' lang='lat' dir='ltr'><strong>pre-</strong></span> 
     </span>
     <span class='ocr_line' id='line_1_13' title="bbox 408 688 2275 733; baseline 0.002 -12"><span class='ocrx_word' id='word_1_95' title='bbox 408 689 526 733; x_wconf 86' lang='lat' dir='ltr'><strong>sbyter</strong></span> <span class='ocrx_word' id='word_1_96' title='bbox 549 688 710 720; x_wconf 80' lang='lat' dir='ltr'><strong>crismate</strong></span> <span class='ocrx_word' id='word_1_97' title='bbox 733 689 770 720; x_wconf 88' lang='lat' dir='ltr'><strong>in</strong></span> <span class='ocrx_word' id='word_1_98' title='bbox 791 688 937 727; x_wconf 89' lang='lat' dir='ltr'><strong>uertice,</strong></span> <span class='ocrx_word' id='word_1_99' title='bbox 960 695 1103 731; x_wconf 89' lang='lat' dir='ltr'><strong>propter</strong></span> <span class='ocrx_word' id='word_1_100' title='bbox 1127 689 1347 722; x_wconf 85' lang='lat' dir='ltr'><strong>occasionem</strong></span> <span class='ocrx_word' id='word_1_101' title='bbox 1371 690 1535 722; x_wconf 83' lang='lat' dir='ltr'><strong>transitus</strong></span> <span class='ocrx_word' id='word_1_102' title='bbox 1557 691 1687 722; x_wconf 89' lang='lat' dir='ltr'><strong>mortis.</strong></span> <span class='ocrx_word' id='word_1_103' title='bbox 1735 689 1804 722; x_wconf 93' lang='lat' dir='ltr'><strong>Hic</strong></span> <span class='ocrx_word' id='word_1_104' title='bbox 1828 690 2018 728; x_wconf 90' lang='lat' dir='ltr'><strong>constituit,</strong></span> <span class='ocrx_word' id='word_1_105' title='bbox 2033 696 2071 723; x_wconf 88' lang='lat' dir='ltr'><strong>ut</strong></span> <span class='ocrx_word' id='word_1_106' title='bbox 2093 691 2275 725; x_wconf 87' lang='lat' dir='ltr'><strong>Romanus</strong></span> 
     </span>
     <span class='ocr_line' id='line_1_14' title="bbox 407 741 2273 787; baseline 0.002 -12"><span class='ocrx_word' id='word_1_107' title='bbox 407 741 526 785; x_wconf 82' lang='lat' dir='ltr'><strong>presul</strong></span> <span class='ocrx_word' id='word_1_108' title='bbox 549 752 570 774; x_wconf 91' lang='lat' dir='ltr'><strong>a</strong></span> <span class='ocrx_word' id='word_1_109' title='bbox 593 741 688 774; x_wconf 92' lang='lat' dir='ltr'><strong>nullo</strong></span> <span class='ocrx_word' id='word_1_110' title='bbox 711 741 899 786; x_wconf 85' lang='lat' dir='ltr'><strong>judicetur,</strong></span> <span class='ocrx_word' id='word_1_111' title='bbox 928 748 962 774; x_wconf 88' lang='lat' dir='ltr'><strong>et</strong></span> <span class='ocrx_word' id='word_1_112' title='bbox 985 748 1023 774; x_wconf 91' lang='lat' dir='ltr'><strong>ut</strong></span> <span class='ocrx_word' id='word_1_113' title='bbox 1053 742 1238 786; x_wconf 84' lang='lat' dir='ltr'><strong>presbyter</strong></span> <span class='ocrx_word' id='word_1_114' title='bbox 1261 753 1332 775; x_wconf 90' lang='lat' dir='ltr'><strong>non</strong></span> <span class='ocrx_word' id='word_1_115' title='bbox 1365 744 1665 782; x_wconf 82' lang='lat' dir='ltr'><strong>condemnaretur,</strong></span> <span class='ocrx_word' id='word_1_116' title='bbox 1689 744 1755 776; x_wconf 88' lang='lat' dir='ltr'><strong>nisi</strong></span> <span class='ocrx_word' id='word_1_117' title='bbox 1785 743 1849 776; x_wconf 88' lang='lat' dir='ltr'><strong>sub</strong></span> <span class='ocrx_word' id='word_1_118' title='bbox 1873 744 2105 787; x_wconf 83' lang='lat' dir='ltr'><strong>quadraginta</strong></span> <span class='ocrx_word' id='word_1_119' title='bbox 2136 746 2273 779; x_wconf 78' lang='lat' dir='ltr'><strong>testium</strong></span> 
     </span>
     <span class='ocr_line' id='line_1_15' title="bbox 409 794 2275 841; baseline 0.002 -12"><span class='ocrx_word' id='word_1_120' title='bbox 409 801 505 830; x_wconf 85' lang='lat' dir='ltr'><strong>certa</strong></span> <span class='ocrx_word' id='word_1_121' title='bbox 537 794 835 838; x_wconf 84' lang='lat' dir='ltr'><strong>comprobatione.</strong></span> <span class='ocrx_word' id='word_1_122' title='bbox 883 796 928 828; x_wconf 92' lang='lat' dir='ltr'><strong>Et</strong></span> <span class='ocrx_word' id='word_1_123' title='bbox 957 802 994 828; x_wconf 91' lang='lat' dir='ltr'><strong>ut</strong></span> <span class='ocrx_word' id='word_1_124' title='bbox 1017 796 1160 828; x_wconf 87' lang='lat' dir='ltr'><strong>minoris</strong></span> <span class='ocrx_word' id='word_1_125' title='bbox 1191 796 1321 828; x_wconf 90' lang='lat' dir='ltr'><strong>ordinis</strong></span> <span class='ocrx_word' id='word_1_126' title='bbox 1344 796 1470 839; x_wconf 84' lang='lat' dir='ltr'><strong>aliquis</strong></span> <span class='ocrx_word' id='word_1_127' title='bbox 1501 798 1668 841; x_wconf 80' lang='lat' dir='ltr'><strong>majorem</strong></span> <span class='ocrx_word' id='word_1_128' title='bbox 1692 807 1762 830; x_wconf 89' lang='lat' dir='ltr'><strong>non</strong></span> <span class='ocrx_word' id='word_1_129' title='bbox 1795 804 1912 840; x_wconf 89' lang='lat' dir='ltr'><strong>posset</strong></span> <span class='ocrx_word' id='word_1_130' title='bbox 1936 807 2114 831; x_wconf 84' lang='lat' dir='ltr'><strong>accusare.</strong></span> <span class='ocrx_word' id='word_1_131' title='bbox 2162 799 2209 832; x_wconf 90' lang='lat' dir='ltr'><strong>Et</strong></span> <span class='ocrx_word' id='word_1_132' title='bbox 2236 806 2275 833; x_wconf 90' lang='lat' dir='ltr'><strong>ut</strong></span> 
     </span>
     <span class='ocr_line' id='line_1_16' title="bbox 409 849 2275 894; baseline 0.002 -12"><span class='ocrx_word' id='word_1_133' title='bbox 409 850 522 882; x_wconf 90' lang='lat' dir='ltr'><strong>nullus</strong></span> <span class='ocrx_word' id='word_1_134' title='bbox 545 849 655 882; x_wconf 89' lang='lat' dir='ltr'><strong>laicus</strong></span> <span class='ocrx_word' id='word_1_135' title='bbox 678 849 808 881; x_wconf 88' lang='lat' dir='ltr'><strong>clerico</strong></span> <span class='ocrx_word' id='word_1_136' title='bbox 833 849 966 882; x_wconf 90' lang='lat' dir='ltr'><strong>crimen</strong></span> <span class='ocrx_word' id='word_1_137' title='bbox 989 849 1116 882; x_wconf 82' lang='lat' dir='ltr'><strong>audeat</strong></span> <span class='ocrx_word' id='word_1_138' title='bbox 1140 849 1284 889; x_wconf 84' lang='lat' dir='ltr'><strong>inferre,</strong></span> <span class='ocrx_word' id='word_1_139' title='bbox 1310 855 1345 882; x_wconf 89' lang='lat' dir='ltr'><strong>et</strong></span> <span class='ocrx_word' id='word_1_140' title='bbox 1368 857 1406 882; x_wconf 89' lang='lat' dir='ltr'><strong>ut</strong></span> <span class='ocrx_word' id='word_1_141' title='bbox 1437 850 1587 883; x_wconf 90' lang='lat' dir='ltr'><strong>clericus</strong></span> <span class='ocrx_word' id='word_1_142' title='bbox 1610 857 1690 883; x_wconf 91' lang='lat' dir='ltr'><strong>ante</strong></span> <span class='ocrx_word' id='word_1_143' title='bbox 1721 851 1829 884; x_wconf 90' lang='lat' dir='ltr'><strong>laicos</strong></span> <span class='ocrx_word' id='word_1_144' title='bbox 1853 861 1923 883; x_wconf 88' lang='lat' dir='ltr'><strong>non</strong></span> <span class='ocrx_word' id='word_1_145' title='bbox 1952 851 2150 894; x_wconf 70' lang='lat' dir='ltr'><strong>judicetur:</strong></span> <span class='ocrx_word' id='word_1_146' title='bbox 2175 858 2210 885; x_wconf 90' lang='lat' dir='ltr'><strong>et</strong></span> <span class='ocrx_word' id='word_1_147' title='bbox 2235 859 2275 886; x_wconf 88' lang='lat' dir='ltr'><strong>ut</strong></span> 
     </span>
     <span class='ocr_line' id='line_1_17' title="bbox 410 902 2274 946; baseline 0.001 -10"><span class='ocrx_word' id='word_1_148' title='bbox 410 903 525 936; x_wconf 90' lang='lat' dir='ltr'><strong>nullus</strong></span> <span class='ocrx_word' id='word_1_149' title='bbox 549 902 698 935; x_wconf 88' lang='lat' dir='ltr'><strong>clericus</strong></span> <span class='ocrx_word' id='word_1_150' title='bbox 719 908 866 945; x_wconf 89' lang='lat' dir='ltr'><strong>propter</strong></span> <span class='ocrx_word' id='word_1_151' title='bbox 890 913 1029 935; x_wconf 90' lang='lat' dir='ltr'><strong>causam</strong></span> <span class='ocrx_word' id='word_1_152' title='bbox 1053 914 1150 935; x_wconf 89' lang='lat' dir='ltr'><strong>suam</strong></span> <span class='ocrx_word' id='word_1_153' title='bbox 1174 903 1364 946; x_wconf 86' lang='lat' dir='ltr'><strong>quamlibet</strong></span> <span class='ocrx_word' id='word_1_154' title='bbox 1386 904 1424 936; x_wconf 91' lang='lat' dir='ltr'><strong>in</strong></span> <span class='ocrx_word' id='word_1_155' title='bbox 1447 905 1578 936; x_wconf 88' lang='lat' dir='ltr'><strong>curiam</strong></span> <span class='ocrx_word' id='word_1_156' title='bbox 1603 904 1771 942; x_wconf 88' lang='lat' dir='ltr'><strong>introiret,</strong></span> <span class='ocrx_word' id='word_1_157' title='bbox 1795 913 1862 936; x_wconf 90' lang='lat' dir='ltr'><strong>nec</strong></span> <span class='ocrx_word' id='word_1_158' title='bbox 1887 910 2008 936; x_wconf 82' lang='lat' dir='ltr'><strong>contra</strong></span> <span class='ocrx_word' id='word_1_159' title='bbox 2031 904 2185 938; x_wconf 88' lang='lat' dir='ltr'><strong>iudicem</strong></span> <span class='ocrx_word' id='word_1_160' title='bbox 2208 906 2274 939; x_wconf 86' lang='lat' dir='ltr'><strong>du-</strong></span> 
     </span>
     <span class='ocr_line' id='line_1_18' title="bbox 410 955 2273 998; baseline 0.001 -8"><span class='ocrx_word' id='word_1_161' title='bbox 410 962 560 995; x_wconf 89' lang='lat' dir='ltr'><strong>ceretur,</strong></span> <span class='ocrx_word' id='word_1_162' title='bbox 583 955 648 989; x_wconf 84' lang='lat' dir='ltr'><strong>nisi</strong></span> <span class='ocrx_word' id='word_1_163' title='bbox 672 955 710 988; x_wconf 87' lang='lat' dir='ltr'><strong>in</strong></span> <span class='ocrx_word' id='word_1_164' title='bbox 734 956 884 989; x_wconf 89' lang='lat' dir='ltr'><strong>ecclesia</strong></span> <span class='ocrx_word' id='word_1_165' title='bbox 906 962 1052 988; x_wconf 89' lang='lat' dir='ltr'><strong>tantum.</strong></span> <span class='ocrx_word' id='word_1_166' title='bbox 1099 955 1166 989; x_wconf 91' lang='lat' dir='ltr'><strong>Hic</strong></span> <span class='ocrx_word' id='word_1_167' title='bbox 1191 955 1378 989; x_wconf 85' lang='lat' dir='ltr'><strong>con&#39;stituit</strong></span> <span class='ocrx_word' id='word_1_168' title='bbox 1394 963 1431 988; x_wconf 92' lang='lat' dir='ltr'><strong>ut</strong></span> <span class='ocrx_word' id='word_1_169' title='bbox 1447 957 1613 990; x_wconf 87' lang='lat' dir='ltr'><strong>diacones</strong></span> <span class='ocrx_word' id='word_1_170' title='bbox 1637 957 1832 990; x_wconf 88' lang='lat' dir='ltr'><strong>dalmaticis</strong></span> <span class='ocrx_word' id='word_1_171' title='bbox 1855 957 1893 990; x_wconf 90' lang='lat' dir='ltr'><strong>in</strong></span> <span class='ocrx_word' id='word_1_172' title='bbox 1916 958 2067 990; x_wconf 90' lang='lat' dir='ltr'><strong>ecclesia</strong></span> <span class='ocrx_word' id='word_1_173' title='bbox 2082 963 2273 998; x_wconf 85' lang='lat' dir='ltr'><strong>uterentur,</strong></span> 
     </span>
     <span class='ocr_line' id='line_1_19' title="bbox 410 1009 2275 1053; baseline 0.002 -10"><span class='ocrx_word' id='word_1_174' title='bbox 410 1017 445 1043; x_wconf 89' lang='lat' dir='ltr'><strong>et</strong></span> <span class='ocrx_word' id='word_1_175' title='bbox 468 1016 507 1042; x_wconf 90' lang='lat' dir='ltr'><strong>ut</strong></span> <span class='ocrx_word' id='word_1_176' title='bbox 528 1009 738 1042; x_wconf 79' lang='lat' dir='ltr'><strong>sacrificium</strong></span> <span class='ocrx_word' id='word_1_177' title='bbox 762 1009 880 1042; x_wconf 88' lang='lat' dir='ltr'><strong>altaris</strong></span> <span class='ocrx_word' id='word_1_178' title='bbox 902 1019 973 1042; x_wconf 89' lang='lat' dir='ltr'><strong>non</strong></span> <span class='ocrx_word' id='word_1_179' title='bbox 995 1010 1032 1042; x_wconf 91' lang='lat' dir='ltr'><strong>in</strong></span> <span class='ocrx_word' id='word_1_180' title='bbox 1055 1010 1180 1048; x_wconf 87' lang='lat' dir='ltr'><strong>serico,</strong></span> <span class='ocrx_word' id='word_1_181' title='bbox 1198 1020 1311 1053; x_wconf 90' lang='lat' dir='ltr'><strong>neque</strong></span> <span class='ocrx_word' id='word_1_182' title='bbox 1333 1011 1369 1042; x_wconf 91' lang='lat' dir='ltr'><strong>in</strong></span> <span class='ocrx_word' id='word_1_183' title='bbox 1393 1020 1511 1052; x_wconf 91' lang='lat' dir='ltr'><strong>panno</strong></span> <span class='ocrx_word' id='word_1_184' title='bbox 1534 1011 1645 1043; x_wconf 90' lang='lat' dir='ltr'><strong>tincto</strong></span> <span class='ocrx_word' id='word_1_185' title='bbox 1670 1010 1876 1049; x_wconf 86' lang='lat' dir='ltr'><strong>celebretur,</strong></span> <span class='ocrx_word' id='word_1_186' title='bbox 1894 1011 1959 1044; x_wconf 81' lang='lat' dir='ltr'><strong>nisi</strong></span> <span class='ocrx_word' id='word_1_187' title='bbox 1982 1016 2114 1044; x_wconf 89' lang='lat' dir='ltr'><strong>tantum</strong></span> <span class='ocrx_word' id='word_1_188' title='bbox 2127 1012 2167 1046; x_wconf 88' lang='lat' dir='ltr'><strong>in</strong></span> <span class='ocrx_word' id='word_1_189' title='bbox 2182 1012 2275 1046; x_wconf 86' lang='lat' dir='ltr'><strong>lineo</strong></span> 
     </span>
     <span class='ocr_line' id='line_1_20' title="bbox 410 1062 2275 1108; baseline 0.001 -12"><span class='ocrx_word' id='word_1_190' title='bbox 410 1070 550 1096; x_wconf 89' lang='lat' dir='ltr'><strong>terreno</strong></span> <span class='ocrx_word' id='word_1_191' title='bbox 574 1069 772 1105; x_wconf 90' lang='lat' dir='ltr'><strong>procreato,</strong></span> <span class='ocrx_word' id='word_1_192' title='bbox 795 1062 887 1096; x_wconf 91' lang='lat' dir='ltr'><strong>sicut</strong></span> <span class='ocrx_word' id='word_1_193' title='bbox 911 1073 1038 1106; x_wconf 88' lang='lat' dir='ltr'><strong>corpus</strong></span> <span class='ocrx_word' id='word_1_194' title='bbox 1062 1063 1194 1096; x_wconf 89' lang='lat' dir='ltr'><strong>domini</strong></span> <span class='ocrx_word' id='word_1_195' title='bbox 1217 1063 1324 1096; x_wconf 84' lang='lat' dir='ltr'><strong>nostri</strong></span> <span class='ocrx_word' id='word_1_196' title='bbox 1347 1063 1456 1106; x_wconf 91' lang='lat' dir='ltr'><strong>Jhesu</strong></span> <span class='ocrx_word' id='word_1_197' title='bbox 1479 1063 1605 1097; x_wconf 89' lang='lat' dir='ltr'><strong>Christi</strong></span> <span class='ocrx_word' id='word_1_198' title='bbox 1630 1064 1666 1095; x_wconf 91' lang='lat' dir='ltr'><strong>in</strong></span> <span class='ocrx_word' id='word_1_199' title='bbox 1689 1064 1847 1108; x_wconf 86' lang='lat' dir='ltr'><strong>syndone</strong></span> <span class='ocrx_word' id='word_1_200' title='bbox 1870 1064 1999 1097; x_wconf 88' lang='lat' dir='ltr'><strong>munda</strong></span> <span class='ocrx_word' id='word_1_201' title='bbox 2022 1065 2193 1108; x_wconf 83' lang='lat' dir='ltr'><strong>sepultum</strong></span> <span class='ocrx_word' id='word_1_202' title='bbox 2210 1073 2275 1101; x_wconf 83' lang='lat' dir='ltr'><strong>eat.</strong></span> 
     </span>
     <span class='ocr_line' id='line_1_21' title="bbox 408 1116 2275 1160; baseline 0.001 -9"><span class='ocrx_word' id='word_1_203' title='bbox 408 1116 595 1151; x_wconf 88' lang='lat' dir='ltr'><strong>Constituit</strong></span> <span class='ocrx_word' id='word_1_204' title='bbox 617 1116 733 1155; x_wconf 85' lang='lat' dir='ltr'><strong>etiam,</strong></span> <span class='ocrx_word' id='word_1_205' title='bbox 757 1122 795 1150; x_wconf 90' lang='lat' dir='ltr'><strong>ut</strong></span> <span class='ocrx_word' id='word_1_206' title='bbox 817 1117 847 1149; x_wconf 88' lang='lat' dir='ltr'><strong>si</strong></span> <span class='ocrx_word' id='word_1_207' title='bbox 870 1116 947 1160; x_wconf 90' lang='lat' dir='ltr'><strong>quis</strong></span> <span class='ocrx_word' id='word_1_208' title='bbox 970 1116 1171 1150; x_wconf 89' lang='lat' dir='ltr'><strong>desiderare</strong></span> <span class='ocrx_word' id='word_1_209' title='bbox 1194 1117 1230 1149; x_wconf 91' lang='lat' dir='ltr'><strong>in</strong></span> <span class='ocrx_word' id='word_1_210' title='bbox 1256 1116 1408 1149; x_wconf 89' lang='lat' dir='ltr'><strong>ecclesia</strong></span> <span class='ocrx_word' id='word_1_211' title='bbox 1431 1117 1590 1155; x_wconf 88' lang='lat' dir='ltr'><strong>militare,</strong></span> <span class='ocrx_word' id='word_1_212' title='bbox 1615 1123 1674 1150; x_wconf 91' lang='lat' dir='ltr'><strong>aut</strong></span> <span class='ocrx_word' id='word_1_213' title='bbox 1695 1118 1879 1160; x_wconf 86' lang='lat' dir='ltr'><strong>proficere,</strong></span> <span class='ocrx_word' id='word_1_214' title='bbox 1902 1124 1940 1150; x_wconf 92' lang='lat' dir='ltr'><strong>ut</strong></span> <span class='ocrx_word' id='word_1_215' title='bbox 1965 1124 2055 1151; x_wconf 86' lang='lat' dir='ltr'><strong>esset</strong></span> <span class='ocrx_word' id='word_1_216' title='bbox 2078 1118 2191 1152; x_wconf 87' lang='lat' dir='ltr'><strong>lector</strong></span> <span class='ocrx_word' id='word_1_217' title='bbox 2217 1119 2275 1153; x_wconf 82' lang='lat' dir='ltr'><strong>die</strong></span> 
     </span>
     <span class='ocr_line' id='line_1_22' title="bbox 408 1169 2274 1216; baseline 0.002 -13"><span class='ocrx_word' id='word_1_218' title='bbox 408 1181 495 1210; x_wconf 87' lang='lat' dir='ltr'>xxx,</span> <span class='ocrx_word' id='word_1_219' title='bbox 520 1169 694 1203; x_wconf 83' lang='lat' dir='ltr'><strong>exorcista</strong></span> <span class='ocrx_word' id='word_1_220' title='bbox 717 1170 794 1202; x_wconf 92' lang='lat' dir='ltr'><strong>dies</strong></span> <span class='ocrx_word' id='word_1_221' title='bbox 817 1170 969 1213; x_wconf 87' lang='lat' dir='ltr'><strong>tn&#39;ginta,</strong></span> <span class='ocrx_word' id='word_1_222' title='bbox 994 1170 1141 1203; x_wconf 88' lang='lat' dir='ltr'><strong>acolitus</strong></span> <span class='ocrx_word' id='word_1_223' title='bbox 1156 1180 1266 1203; x_wconf 89' lang='lat' dir='ltr'><strong>annos</strong></span> <span class='ocrx_word' id='word_1_224' title='bbox 1289 1181 1324 1209; x_wconf 88' lang='lat' dir='ltr'><strong>V,</strong></span> <span class='ocrx_word' id='word_1_225' title='bbox 1340 1170 1576 1203; x_wconf 87' lang='lat' dir='ltr'><strong>subdiaconus</strong></span> <span class='ocrx_word' id='word_1_226' title='bbox 1599 1181 1708 1203; x_wconf 87' lang='lat' dir='ltr'><strong>annos</strong></span> <span class='ocrx_word' id='word_1_227' title='bbox 1724 1181 1759 1209; x_wconf 91' lang='lat' dir='ltr'><strong>v,</strong></span> <span class='ocrx_word' id='word_1_228' title='bbox 1783 1171 1952 1204; x_wconf 88' lang='lat' dir='ltr'><strong>diaconus</strong></span> <span class='ocrx_word' id='word_1_229' title='bbox 1975 1182 2084 1204; x_wconf 89' lang='lat' dir='ltr'><strong>annos</strong></span> <span class='ocrx_word' id='word_1_230' title='bbox 2106 1182 2171 1212; x_wconf 83' lang='lat' dir='ltr'><strong>vn,</strong></span> <span class='ocrx_word' id='word_1_231' title='bbox 2194 1183 2274 1216; x_wconf 87' lang='lat' dir='ltr'><strong>pre-</strong></span> 
     </span>
     <span class='ocr_line' id='line_1_23' title="bbox 407 1223 2275 1269; baseline 0.002 -12"><span class='ocrx_word' id='word_1_232' title='bbox 407 1225 524 1269; x_wconf 89' lang='lat' dir='ltr'><strong>sbyter</strong></span> <span class='ocrx_word' id='word_1_233' title='bbox 547 1233 657 1256; x_wconf 87' lang='lat' dir='ltr'><strong>annos</strong></span> <span class='ocrx_word' id='word_1_234' title='bbox 680 1233 734 1262; x_wconf 91' lang='lat'><strong>111,</strong></span> <span class='ocrx_word' id='word_1_235' title='bbox 758 1224 925 1266; x_wconf 87' lang='lat' dir='ltr'><strong>probatus</strong></span> <span class='ocrx_word' id='word_1_236' title='bbox 948 1234 992 1256; x_wconf 87' lang='lat' dir='ltr'><strong>ex</strong></span> <span class='ocrx_word' id='word_1_237' title='bbox 1016 1223 1109 1256; x_wconf 89' lang='lat' dir='ltr'><strong>omni</strong></span> <span class='ocrx_word' id='word_1_238' title='bbox 1134 1230 1244 1266; x_wconf 86' lang='lat' dir='ltr'><strong>parte,</strong></span> <span class='ocrx_word' id='word_1_239' title='bbox 1262 1224 1365 1257; x_wconf 87' lang='lat' dir='ltr'><strong>etiam</strong></span> <span class='ocrx_word' id='word_1_240' title='bbox 1389 1230 1424 1256; x_wconf 92' lang='lat' dir='ltr'><strong>et</strong></span> <span class='ocrx_word' id='word_1_241' title='bbox 1447 1224 1491 1257; x_wconf 90' lang='lat' dir='ltr'><strong>ab</strong></span> <span class='ocrx_word' id='word_1_242' title='bbox 1515 1225 1578 1263; x_wconf 91' lang='lat' dir='ltr'><strong>his,</strong></span> <span class='ocrx_word' id='word_1_243' title='bbox 1596 1224 1654 1267; x_wconf 92' lang='lat' dir='ltr'><strong>qui</strong></span> <span class='ocrx_word' id='word_1_244' title='bbox 1678 1225 1766 1257; x_wconf 78' lang='lat' dir='ltr'><strong>foris</strong></span> <span class='ocrx_word' id='word_1_245' title='bbox 1781 1230 1870 1264; x_wconf 81' lang='lat' dir='ltr'><strong>sunt,</strong></span> <span class='ocrx_word' id='word_1_246' title='bbox 1894 1225 2128 1258; x_wconf 88' lang='lat' dir='ltr'><strong>testimonium</strong></span> <span class='ocrx_word' id='word_1_247' title='bbox 2144 1226 2275 1261; x_wconf 84' lang='lat' dir='ltr'><strong>habere</strong></span> 
     </span>
     <span class='ocr_line' id='line_1_24' title="bbox 407 1276 2274 1322; baseline 0.001 -11"><span class='ocrx_word' id='word_1_248' title='bbox 407 1279 546 1318; x_wconf 89' lang='lat' dir='ltr'><strong>bonum,</strong></span> <span class='ocrx_word' id='word_1_249' title='bbox 569 1277 670 1310; x_wconf 90' lang='lat' dir='ltr'><strong>unius</strong></span> <span class='ocrx_word' id='word_1_250' title='bbox 691 1276 809 1309; x_wconf 88' lang='lat' dir='ltr'><strong>uxoris</strong></span> <span class='ocrx_word' id='word_1_251' title='bbox 832 1277 957 1317; x_wconf 86' lang='lat' dir='ltr'><strong>uirum,</strong></span> <span class='ocrx_word' id='word_1_252' title='bbox 981 1287 1127 1309; x_wconf 90' lang='lat' dir='ltr'><strong>uxorem</strong></span> <span class='ocrx_word' id='word_1_253' title='bbox 1151 1288 1171 1308; x_wconf 92' lang='lat' dir='ltr'><strong>a</strong></span> <span class='ocrx_word' id='word_1_254' title='bbox 1194 1277 1378 1310; x_wconf 87' lang='lat' dir='ltr'><strong>sacerdote</strong></span> <span class='ocrx_word' id='word_1_255' title='bbox 1402 1276 1636 1316; x_wconf 90' lang='lat' dir='ltr'><strong>benedictam,</strong></span> <span class='ocrx_word' id='word_1_256' title='bbox 1662 1283 1695 1310; x_wconf 90' lang='lat' dir='ltr'><strong>et</strong></span> <span class='ocrx_word' id='word_1_257' title='bbox 1719 1277 1767 1310; x_wconf 90' lang='lat' dir='ltr'><strong>sic</strong></span> <span class='ocrx_word' id='word_1_258' title='bbox 1793 1278 1838 1310; x_wconf 92' lang='lat' dir='ltr'><strong>ad</strong></span> <span class='ocrx_word' id='word_1_259' title='bbox 1862 1277 2019 1311; x_wconf 89' lang='lat' dir='ltr'><strong>ordinem</strong></span> <span class='ocrx_word' id='word_1_260' title='bbox 2050 1279 2274 1322; x_wconf 75' lang='lat' dir='ltr'><strong>episcopatus</strong></span> 
     </span>
     <span class='ocr_line' id='line_1_25' title="bbox 405 1330 2274 1375; baseline 0.001 -10"><span class='ocrx_word' id='word_1_261' title='bbox 405 1332 603 1365; x_wconf 87' lang='lat' dir='ltr'><strong>accederet.</strong></span> <span class='ocrx_word' id='word_1_262' title='bbox 651 1330 695 1363; x_wconf 89' lang='lat' dir='ltr'><strong>Et</strong></span> <span class='ocrx_word' id='word_1_263' title='bbox 719 1336 756 1362; x_wconf 92' lang='lat' dir='ltr'><strong>ut</strong></span> <span class='ocrx_word' id='word_1_264' title='bbox 777 1330 892 1362; x_wconf 88' lang='lat' dir='ltr'><strong>nullus</strong></span> <span class='ocrx_word' id='word_1_265' title='bbox 915 1330 1065 1373; x_wconf 85' lang='lat' dir='ltr'><strong>majoris,</strong></span> <span class='ocrx_word' id='word_1_266' title='bbox 1089 1330 1146 1362; x_wconf 86' lang='lat' dir='ltr'><strong>uel</strong></span> <span class='ocrx_word' id='word_1_267' title='bbox 1169 1330 1293 1373; x_wconf 90' lang='lat' dir='ltr'><strong>prioris</strong></span> <span class='ocrx_word' id='word_1_268' title='bbox 1317 1330 1448 1363; x_wconf 83' lang='lat' dir='ltr'><strong>ordinis</strong></span> <span class='ocrx_word' id='word_1_269' title='bbox 1472 1331 1585 1363; x_wconf 91' lang='lat' dir='ltr'><strong>locum</strong></span> <span class='ocrx_word' id='word_1_270' title='bbox 1610 1330 1802 1369; x_wconf 86' lang='lat' dir='ltr'><strong>inuaderet,</strong></span> <span class='ocrx_word' id='word_1_271' title='bbox 1818 1331 1882 1363; x_wconf 89' lang='lat' dir='ltr'><strong>sed</strong></span> <span class='ocrx_word' id='word_1_272' title='bbox 1906 1331 2065 1364; x_wconf 88' lang='lat' dir='ltr'><strong>ordinem</strong></span> <span class='ocrx_word' id='word_1_273' title='bbox 2079 1338 2274 1375; x_wconf 89' lang='lat' dir='ltr'><strong>temporum</strong></span> 
     </span>
     <span class='ocr_line' id='line_1_26' title="bbox 406 1383 2272 1429; baseline 0.001 -11"><span class='ocrx_word' id='word_1_274' title='bbox 406 1396 485 1418; x_wconf 86' lang='lat' dir='ltr'><strong>curn</strong></span> <span class='ocrx_word' id='word_1_275' title='bbox 517 1384 697 1429; x_wconf 85' lang='lat' dir='ltr'><strong>religionis</strong></span> <span class='ocrx_word' id='word_1_276' title='bbox 719 1383 856 1426; x_wconf 88' lang='lat' dir='ltr'><strong>pudore</strong></span> <span class='ocrx_word' id='word_1_277' title='bbox 889 1390 1129 1428; x_wconf 86' lang='lat' dir='ltr'><strong>cognosceret.</strong></span> <span class='ocrx_word' id='word_1_278' title='bbox 1177 1384 1366 1417; x_wconf 87' lang='lat' dir='ltr'><strong>Constituit</strong></span> <span class='ocrx_word' id='word_1_279' title='bbox 1389 1384 1505 1423; x_wconf 90' lang='lat' dir='ltr'><strong>etiam,</strong></span> <span class='ocrx_word' id='word_1_280' title='bbox 1537 1391 1574 1417; x_wconf 89' lang='lat' dir='ltr'><strong>ut</strong></span> <span class='ocrx_word' id='word_1_281' title='bbox 1597 1385 1624 1417; x_wconf 89' lang='lat' dir='ltr'><strong>si</strong></span> <span class='ocrx_word' id='word_1_282' title='bbox 1657 1385 1734 1427; x_wconf 88' lang='lat' dir='ltr'><strong>quis</strong></span> <span class='ocrx_word' id='word_1_283' title='bbox 1756 1395 1836 1417; x_wconf 88' lang='lat' dir='ltr'><strong>reus</strong></span> <span class='ocrx_word' id='word_1_284' title='bbox 1868 1385 1987 1418; x_wconf 90' lang='lat' dir='ltr'><strong>mortis</strong></span> <span class='ocrx_word' id='word_1_285' title='bbox 2011 1385 2056 1418; x_wconf 91' lang='lat' dir='ltr'><strong>ad</strong></span> <span class='ocrx_word' id='word_1_286' title='bbox 2087 1385 2272 1420; x_wconf 83' lang='lat' dir='ltr'><strong>ecclesiam</strong></span> 
     </span>
     <span class='ocr_line' id='line_1_27' title="bbox 407 1437 1104 1483; baseline -0.001 -11"><span class='ocrx_word' id='word_1_287' title='bbox 407 1438 618 1483; x_wconf 79' lang='lat' dir='ltr'><strong>confugerit,</strong></span> <span class='ocrx_word' id='word_1_288' title='bbox 642 1437 776 1482; x_wconf 84' lang='lat' dir='ltr'><strong>judiciu</strong></span> <span class='ocrx_word' id='word_1_289' title='bbox 800 1437 919 1470; x_wconf 90' lang='lat' dir='ltr'><strong>mortis</strong></span> <span class='ocrx_word' id='word_1_290' title='bbox 942 1437 1069 1470; x_wconf 91' lang='lat' dir='ltr'><strong>euadat</strong></span> <span class='ocrx_word' id='word_1_291' title='bbox 1084 1437 1104 1471; x_wconf 93' lang='lat'><strong>¹.</strong></span> 
     </span>
    </p>

    <p class='ocr_par' dir='ltr' id='par_1_8' title="bbox 404 1491 2276 2071">
     <span class='ocr_line' id='line_1_28' title="bbox 494 1491 2273 1534; baseline 0.001 -9"><span class='ocrx_word' id='word_1_292' title='bbox 494 1492 621 1525; x_wconf 88' lang='lat' dir='ltr'><strong>Beatus</strong></span> <span class='ocrx_word' id='word_1_293' title='bbox 651 1497 767 1524; x_wconf 88' lang='lat' dir='ltr'><strong>autem</strong></span> <span class='ocrx_word' id='word_1_294' title='bbox 799 1491 967 1523; x_wconf 89' lang='lat' dir='ltr'><strong>Siluester</strong></span> <span class='ocrx_word' id='word_1_295' title='bbox 990 1491 1184 1524; x_wconf 89' lang='lat' dir='ltr'><strong>catholicus</strong></span> <span class='ocrx_word' id='word_1_296' title='bbox 1215 1497 1249 1523; x_wconf 90' lang='lat' dir='ltr'><strong>et</strong></span> <span class='ocrx_word' id='word_1_297' title='bbox 1273 1491 1456 1524; x_wconf 74' lang='lat' dir='ltr'><strong>confessor</strong></span> <span class='ocrx_word' id='word_1_298' title='bbox 1481 1491 1613 1534; x_wconf 86' lang='lat' dir='ltr'><strong>quieuit</strong></span> <span class='ocrx_word' id='word_1_299' title='bbox 1643 1491 1679 1523; x_wconf 91' lang='lat' dir='ltr'><strong>in</strong></span> <span class='ocrx_word' id='word_1_300' title='bbox 1701 1501 1801 1534; x_wconf 88' lang='lat' dir='ltr'><strong>pace,</strong></span> <span class='ocrx_word' id='word_1_301' title='bbox 1833 1498 1868 1524; x_wconf 92' lang='lat' dir='ltr'><strong>et</strong></span> <span class='ocrx_word' id='word_1_302' title='bbox 1890 1491 2044 1534; x_wconf 87' lang='lat' dir='ltr'><strong>sepultus</strong></span> <span class='ocrx_word' id='word_1_303' title='bbox 2075 1499 2127 1525; x_wconf 84' lang='lat' dir='ltr'><strong>est</strong></span> <span class='ocrx_word' id='word_1_304' title='bbox 2157 1493 2273 1529; x_wconf 81' lang='lat' dir='ltr'><strong>Rome</strong></span> 
     </span>
     <span class='ocr_line' id='line_1_29' title="bbox 405 1543 2276 1590; baseline 0.001 -12"><span class='ocrx_word' id='word_1_305' title='bbox 405 1545 509 1590; x_wconf 76' lang='lat' dir='ltr'><strong>juxta&#39;</strong></span> <span class='ocrx_word' id='word_1_306' title='bbox 527 1544 693 1588; x_wconf 88' lang='lat' dir='ltr'><strong>palatium</strong></span> <span class='ocrx_word' id='word_1_307' title='bbox 718 1544 913 1584; x_wconf 86' lang='lat' dir='ltr'><strong>Octauiani,</strong></span> <span class='ocrx_word' id='word_1_308' title='bbox 937 1544 983 1576; x_wconf 90' lang='lat' dir='ltr'><strong>ad</strong></span> <span class='ocrx_word' id='word_1_309' title='bbox 1006 1545 1132 1583; x_wconf 90' lang='lat' dir='ltr'><strong>locum,</strong></span> <span class='ocrx_word' id='word_1_310' title='bbox 1158 1544 1214 1587; x_wconf 94' lang='lat' dir='ltr'><strong>qui</strong></span> <span class='ocrx_word' id='word_1_311' title='bbox 1240 1545 1367 1577; x_wconf 90' lang='lat' dir='ltr'><strong>dicitur</strong></span> <span class='ocrx_word' id='word_1_312' title='bbox 1390 1544 1505 1587; x_wconf 85' lang='lat' dir='ltr'><strong>Caput</strong></span> <span class='ocrx_word' id='word_1_313' title='bbox 1517 1543 1540 1577; x_wconf 74' lang='lat'><strong>¹.</strong></span> <span class='ocrx_word' id='word_1_314' title='bbox 1587 1545 1834 1578; x_wconf 89' lang='lat' dir='ltr'><strong>Constantinus</strong></span> <span class='ocrx_word' id='word_1_315' title='bbox 1849 1546 1956 1589; x_wconf 87' lang='lat' dir='ltr'><strong>igitur</strong></span> <span class='ocrx_word' id='word_1_316' title='bbox 1979 1551 2059 1588; x_wconf 91' lang='lat' dir='ltr'><strong>post</strong></span> <span class='ocrx_word' id='word_1_317' title='bbox 2074 1546 2198 1579; x_wconf 87' lang='lat' dir='ltr'><strong>decem</strong></span> <span class='ocrx_word' id='word_1_318' title='bbox 2213 1557 2276 1580; x_wconf 83' lang='lat' dir='ltr'><strong>an-</strong></span> 
     </span>
     <span class='ocr_line' id='line_1_30' title="bbox 405 1597 2275 1643; baseline 0.001 -11"><span class='ocrx_word' id='word_1_319' title='bbox 405 1610 481 1640; x_wconf 88' lang='lat' dir='ltr'><strong>nos,</strong></span> <span class='ocrx_word' id='word_1_320' title='bbox 504 1609 608 1643; x_wconf 90' lang='lat' dir='ltr'><strong>quam</strong></span> <span class='ocrx_word' id='word_1_321' title='bbox 632 1609 653 1630; x_wconf 91' lang='lat' dir='ltr'><strong>a</strong></span> <span class='ocrx_word' id='word_1_322' title='bbox 675 1597 959 1641; x_wconf 86' lang='lat' dir='ltr'><strong>persecutoribus</strong></span> <span class='ocrx_word' id='word_1_323' title='bbox 990 1598 1141 1630; x_wconf 88' lang='lat' dir='ltr'><strong>ecclesia</strong></span> <span class='ocrx_word' id='word_1_324' title='bbox 1162 1598 1366 1638; x_wconf 84' lang='lat' dir='ltr'><strong>uexabatur‚</strong></span> <span class='ocrx_word' id='word_1_325' title='bbox 1396 1597 1442 1631; x_wconf 86' lang='lat' dir='ltr'><strong>dc</strong></span> <span class='ocrx_word' id='word_1_326' title='bbox 1465 1598 1709 1641; x_wconf 87' lang='lat' dir='ltr'><strong>persecutione</strong></span> <span class='ocrx_word' id='word_1_327' title='bbox 1743 1599 1949 1631; x_wconf 84' lang='lat' dir='ltr'><strong>christianus</strong></span> <span class='ocrx_word' id='word_1_328' title='bbox 1972 1599 2123 1632; x_wconf 78' lang='lat' dir='ltr'><strong>effectus</strong></span> <span class='ocrx_word' id='word_1_329' title='bbox 2152 1609 2275 1642; x_wconf 84' lang='lat' dir='ltr'><strong>pacem</strong></span> 
     </span>
     <span class='ocr_line' id='line_1_31' title="bbox 405 1650 2275 1695; baseline 0.001 -9"><span class='ocrx_word' id='word_1_330' title='bbox 405 1653 555 1686; x_wconf 88' lang='lat' dir='ltr'><strong>ecclesie</strong></span> <span class='ocrx_word' id='word_1_331' title='bbox 578 1651 723 1684; x_wconf 86' lang='lat' dir='ltr'><strong>indulsit</strong></span> <span class='ocrx_word' id='word_1_332' title='bbox 735 1650 758 1684; x_wconf 84' lang='lat'><strong>³.</strong></span> <span class='ocrx_word' id='word_1_333' title='bbox 805 1652 873 1684; x_wconf 91' lang='lat' dir='ltr'><strong>Iste</strong></span> <span class='ocrx_word' id='word_1_334' title='bbox 890 1652 943 1683; x_wconf 90' lang='lat' dir='ltr'><strong>uir</strong></span> <span class='ocrx_word' id='word_1_335' title='bbox 957 1652 1094 1695; x_wconf 77' lang='lat' dir='ltr'><strong>ingenS,</strong></span> <span class='ocrx_word' id='word_1_336' title='bbox 1110 1657 1146 1683; x_wconf 91' lang='lat' dir='ltr'><strong>et</strong></span> <span class='ocrx_word' id='word_1_337' title='bbox 1169 1652 1285 1684; x_wconf 89' lang='lat' dir='ltr'><strong>omnia</strong></span> <span class='ocrx_word' id='word_1_338' title='bbox 1299 1652 1471 1694; x_wconf 88' lang='lat' dir='ltr'><strong>perficere</strong></span> <span class='ocrx_word' id='word_1_339' title='bbox 1482 1651 1494 1668; x_wconf 86' lang='lat'>⁴</span> <span class='ocrx_word' id='word_1_340' title='bbox 1518 1651 1632 1684; x_wconf 87' lang='lat' dir='ltr'><strong>nitens</strong></span> <span class='ocrx_word' id='word_1_341' title='bbox 1648 1662 1715 1694; x_wconf 92' lang='lat' dir='ltr'><strong>que</strong></span> <span class='ocrx_word' id='word_1_342' title='bbox 1738 1651 1775 1684; x_wconf 91' lang='lat' dir='ltr'><strong>in</strong></span> <span class='ocrx_word' id='word_1_343' title='bbox 1791 1652 1905 1684; x_wconf 86' lang='lat' dir='ltr'><strong>animo</strong></span> <span class='ocrx_word' id='word_1_344' title='bbox 1928 1658 2159 1695; x_wconf 80' lang='lat' dir='ltr'><strong>preparasset,</strong></span> <span class='ocrx_word' id='word_1_345' title='bbox 2174 1653 2275 1687; x_wconf 85' lang='lat' dir='ltr'><strong>simul</strong></span> 
     </span>
     <span class='ocr_line' id='line_1_32' title="bbox 405 1704 2274 1750; baseline 0.001 -11"><span class='ocrx_word' id='word_1_346' title='bbox 405 1706 636 1750; x_wconf 88' lang='lat' dir='ltr'><strong>principatum</strong></span> <span class='ocrx_word' id='word_1_347' title='bbox 660 1705 766 1738; x_wconf 91' lang='lat' dir='ltr'><strong>totius</strong></span> <span class='ocrx_word' id='word_1_348' title='bbox 789 1704 883 1738; x_wconf 91' lang='lat' dir='ltr'><strong>orbis</strong></span> <span class='ocrx_word' id='word_1_349' title='bbox 905 1705 1076 1738; x_wconf 79' lang='lat' dir='ltr'><strong>affectans</strong></span> <span class='ocrx_word' id='word_1_350' title='bbox 1098 1704 1258 1737; x_wconf 90' lang='lat' dir='ltr'><strong>Licinio&#39;</strong></span> <span class='ocrx_word' id='word_1_351' title='bbox 1282 1705 1408 1738; x_wconf 90' lang='lat' dir='ltr'><strong>bellum</strong></span> <span class='ocrx_word' id='word_1_352' title='bbox 1434 1705 1550 1738; x_wconf 89' lang='lat' dir='ltr'><strong>intulit</strong></span> <span class='ocrx_word' id='word_1_353' title='bbox 1564 1705 1592 1743; x_wconf 74' lang='lat'><strong>⁵3</strong></span> <span class='ocrx_word' id='word_1_354' title='bbox 1616 1705 1773 1738; x_wconf 87' lang='lat' dir='ltr'><strong>Licinius</strong></span> <span class='ocrx_word' id='word_1_355' title='bbox 1799 1711 1912 1738; x_wconf 91' lang='lat' dir='ltr'><strong>autem</strong></span> <span class='ocrx_word' id='word_1_356' title='bbox 1939 1705 2083 1739; x_wconf 86' lang='lat' dir='ltr'><strong>auaritie</strong></span> <span class='ocrx_word' id='word_1_357' title='bbox 2109 1706 2274 1750; x_wconf 83' lang='lat' dir='ltr'><strong>cupidine</strong></span> 
     </span>
     <span class='ocr_line' id='line_1_33' title="bbox 407 1757 2273 1803; baseline 0 -10"><span class='ocrx_word' id='word_1_358' title='bbox 407 1760 559 1794; x_wconf 90' lang='lat' dir='ltr'><strong>omnium</strong></span> <span class='ocrx_word' id='word_1_359' title='bbox 582 1758 761 1802; x_wconf 87' lang='lat' dir='ltr'><strong>pessimus,</strong></span> <span class='ocrx_word' id='word_1_360' title='bbox 786 1768 899 1801; x_wconf 90' lang='lat' dir='ltr'><strong>neque</strong></span> <span class='ocrx_word' id='word_1_361' title='bbox 923 1757 1055 1791; x_wconf 89' lang='lat' dir='ltr'><strong>alienus</strong></span> <span class='ocrx_word' id='word_1_362' title='bbox 1078 1769 1099 1790; x_wconf 84' lang='lat' dir='ltr'><strong>a</strong></span> <span class='ocrx_word' id='word_1_363' title='bbox 1123 1759 1259 1791; x_wconf 85' lang='lat' dir='ltr'><strong>luxurio</strong></span> <span class='ocrx_word' id='word_1_364' title='bbox 1282 1758 1436 1798; x_wconf 85' lang='lat' dir='ltr'><strong>uenerio,</strong></span> <span class='ocrx_word' id='word_1_365' title='bbox 1453 1768 1557 1801; x_wconf 85' lang='lat' dir='ltr'><strong>asper</strong></span> <span class='ocrx_word' id='word_1_366' title='bbox 1577 1758 1776 1798; x_wconf 85' lang='lat' dir='ltr'><strong>admodum,</strong></span> <span class='ocrx_word' id='word_1_367' title='bbox 1801 1759 1894 1792; x_wconf 89' lang='lat' dir='ltr'><strong>haud</strong></span> <span class='ocrx_word' id='word_1_368' title='bbox 1917 1758 2142 1792; x_wconf 85' lang='lat' dir='ltr'><strong>mediocriter</strong></span> <span class='ocrx_word' id='word_1_369' title='bbox 2165 1760 2273 1803; x_wconf 84' lang='lat' dir='ltr'><strong>impa-</strong></span> 
     </span>
     <span class='ocr_line' id='line_1_34' title="bbox 406 1810 2273 1856; baseline 0.001 -10"><span class='ocrx_word' id='word_1_370' title='bbox 406 1813 503 1853; x_wconf 87' lang='lat' dir='ltr'><strong>tiens,</strong></span> <span class='ocrx_word' id='word_1_371' title='bbox 527 1811 673 1844; x_wconf 73' lang='lat' dir='ltr'><strong>infestus</strong></span> <span class='ocrx_word' id='word_1_372' title='bbox 703 1811 822 1849; x_wconf 88' lang='lat' dir='ltr'><strong>literis,</strong></span> <span class='ocrx_word' id='word_1_373' title='bbox 847 1821 943 1855; x_wconf 86' lang='lat' dir='ltr'><strong>quas,</strong></span> <span class='ocrx_word' id='word_1_374' title='bbox 975 1821 1040 1853; x_wconf 91' lang='lat' dir='ltr'><strong>per</strong></span> <span class='ocrx_word' id='word_1_375' title='bbox 1069 1810 1296 1850; x_wconf 84' lang='lat' dir='ltr'><strong>inscientiam,</strong></span> <span class='ocrx_word' id='word_1_376' title='bbox 1320 1811 1413 1843; x_wconf 87' lang='lat' dir='ltr'><strong>uirus</strong></span> <span class='ocrx_word' id='word_1_377' title='bbox 1444 1821 1485 1843; x_wconf 94' lang='lat' dir='ltr'><strong>ac</strong></span> <span class='ocrx_word' id='word_1_378' title='bbox 1508 1817 1642 1854; x_wconf 90' lang='lat' dir='ltr'><strong>pestem</strong></span> <span class='ocrx_word' id='word_1_379' title='bbox 1674 1811 1850 1853; x_wconf 87' lang='lat' dir='ltr'><strong>publicam</strong></span> <span class='ocrx_word' id='word_1_380' title='bbox 1873 1811 2074 1852; x_wconf 87' lang='lat' dir='ltr'><strong>nominauit,</strong></span> <span class='ocrx_word' id='word_1_381' title='bbox 2106 1813 2273 1856; x_wconf 85' lang='lat' dir='ltr'><strong>precipue</strong></span> 
     </span>
     <span class='ocr_line' id='line_1_35' title="bbox 405 1864 2274 1910; baseline 0 -10"><span class='ocrx_word' id='word_1_382' title='bbox 405 1867 579 1900; x_wconf 80' lang='lat' dir='ltr'><strong>forensem</strong></span> <span class='ocrx_word' id='word_1_383' title='bbox 611 1865 815 1898; x_wconf 83' lang='lat' dir='ltr'><strong>industriam</strong></span> <span class='ocrx_word' id='word_1_384' title='bbox 838 1864 1016 1908; x_wconf 87' lang='lat' dir='ltr'><strong>diligebat,</strong></span> <span class='ocrx_word' id='word_1_385' title='bbox 1048 1865 1253 1903; x_wconf 89' lang='lat' dir='ltr'><strong>rusticanus,</strong></span> <span class='ocrx_word' id='word_1_386' title='bbox 1279 1875 1321 1898; x_wconf 89' lang='lat' dir='ltr'><strong>eo</strong></span> <span class='ocrx_word' id='word_1_387' title='bbox 1346 1865 1442 1908; x_wconf 91' lang='lat' dir='ltr'><strong>quod</strong></span> <span class='ocrx_word' id='word_1_388' title='bbox 1466 1864 1510 1897; x_wconf 87' lang='lat' dir='ltr'><strong>ab</strong></span> <span class='ocrx_word' id='word_1_389' title='bbox 1543 1866 1669 1899; x_wconf 86' lang='lat' dir='ltr'><strong>eodem</strong></span> <span class='ocrx_word' id='word_1_390' title='bbox 1697 1875 1827 1909; x_wconf 86' lang='lat' dir='ltr'><strong>genere</strong></span> <span class='ocrx_word' id='word_1_391' title='bbox 1860 1871 1955 1898; x_wconf 90' lang='lat' dir='ltr'><strong>ortus</strong></span> <span class='ocrx_word' id='word_1_392' title='bbox 1985 1866 2156 1910; x_wconf 87' lang='lat' dir='ltr'><strong>alitusque</strong></span> <span class='ocrx_word' id='word_1_393' title='bbox 2187 1873 2274 1908; x_wconf 83' lang='lat' dir='ltr'><strong>erat,</strong></span> 
     </span>
     <span class='ocr_line' id='line_1_36' title="bbox 404 1917 2272 1961; baseline 0.001 -8"><span class='ocrx_word' id='word_1_394' title='bbox 404 1920 488 1953; x_wconf 85' lang='lat' dir='ltr'><strong>satis</strong></span> <span class='ocrx_word' id='word_1_395' title='bbox 510 1918 653 1956; x_wconf 87' lang='lat' dir='ltr'><strong>inutilis,</strong></span> <span class='ocrx_word' id='word_1_396' title='bbox 677 1928 719 1951; x_wconf 91' lang='lat' dir='ltr'><strong>ac</strong></span> <span class='ocrx_word' id='word_1_397' title='bbox 744 1917 873 1950; x_wconf 85' lang='lat' dir='ltr'><strong>malitie</strong></span> <span class='ocrx_word' id='word_1_398' title='bbox 898 1923 1013 1950; x_wconf 90' lang='lat' dir='ltr'><strong>custos</strong></span> <span class='ocrx_word' id='word_1_399' title='bbox 1025 1917 1047 1951; x_wconf 81' lang='lat'><strong>⁶.</strong></span> <span class='ocrx_word' id='word_1_400' title='bbox 1094 1917 1163 1951; x_wconf 91' lang='lat' dir='ltr'><strong>Hic</strong></span> <span class='ocrx_word' id='word_1_401' title='bbox 1186 1919 1305 1960; x_wconf 89' lang='lat' dir='ltr'><strong>itaque</strong></span> <span class='ocrx_word' id='word_1_402' title='bbox 1328 1918 1512 1961; x_wconf 88' lang='lat' dir='ltr'><strong>repentina</strong></span> <span class='ocrx_word' id='word_1_403' title='bbox 1535 1918 1632 1951; x_wconf 86' lang='lat' dir='ltr'><strong>rabie</strong></span> <span class='ocrx_word' id='word_1_404' title='bbox 1657 1919 1848 1958; x_wconf 85' lang='lat' dir='ltr'><strong>suscitatus,</strong></span> <span class='ocrx_word' id='word_1_405' title='bbox 1873 1928 1993 1951; x_wconf 89' lang='lat' dir='ltr'><strong>omnes</strong></span> <span class='ocrx_word' id='word_1_406' title='bbox 2023 1919 2230 1954; x_wconf 82' lang='lat' dir='ltr'><strong>christianos</strong></span> <span class='ocrx_word' id='word_1_407' title='bbox 2252 1931 2272 1954; x_wconf 86' lang='lat' dir='ltr'><strong>e</strong></span> 
     </span>
     <span class='ocr_line' id='line_1_37' title="bbox 406 1971 2271 2017; baseline 0.001 -11"><span class='ocrx_word' id='word_1_408' title='bbox 406 1973 537 2017; x_wconf 89' lang='lat' dir='ltr'><strong>palatio</strong></span> <span class='ocrx_word' id='word_1_409' title='bbox 559 1982 622 2005; x_wconf 90' lang='lat' dir='ltr'><strong>suo</strong></span> <span class='ocrx_word' id='word_1_410' title='bbox 645 1971 742 2004; x_wconf 88' lang='lat' dir='ltr'><strong>iussit</strong></span> <span class='ocrx_word' id='word_1_411' title='bbox 758 1971 898 2014; x_wconf 87' lang='lat' dir='ltr'><strong>expelli.</strong></span> <span class='ocrx_word' id='word_1_412' title='bbox 942 1971 1027 2004; x_wconf 86' lang='lat' dir='ltr'><strong>Mox</strong></span> <span class='ocrx_word' id='word_1_413' title='bbox 1051 1971 1179 2004; x_wconf 91' lang='lat' dir='ltr'><strong>bellum</strong></span> <span class='ocrx_word' id='word_1_414' title='bbox 1204 1972 1293 2004; x_wconf 89' lang='lat' dir='ltr'><strong>inter</strong></span> <span class='ocrx_word' id='word_1_415' title='bbox 1317 1971 1594 2010; x_wconf 86' lang='lat' dir='ltr'><strong>Constantinum,</strong></span> <span class='ocrx_word' id='word_1_416' title='bbox 1619 1978 1654 2004; x_wconf 88' lang='lat' dir='ltr'><strong>et</strong></span> <span class='ocrx_word' id='word_1_417' title='bbox 1675 1973 1788 2014; x_wconf 90' lang='lat' dir='ltr'><strong>ipsum</strong></span> <span class='ocrx_word' id='word_1_418' title='bbox 1812 1972 1983 2005; x_wconf 90' lang='lat' dir='ltr'><strong>Licinium</strong></span> <span class='ocrx_word' id='word_1_419' title='bbox 2011 1972 2190 2007; x_wconf 78' lang='lat' dir='ltr'><strong>efferbuit:</strong></span> <span class='ocrx_word' id='word_1_420' title='bbox 2209 1973 2271 2007; x_wconf 84' lang='lat' dir='ltr'><strong>sed</strong></span> 
     </span>
     <span class='ocr_line' id='line_1_38' title="bbox 406 2024 2273 2071; baseline -0.001 -10"><span class='ocrx_word' id='word_1_421' title='bbox 406 2027 654 2061; x_wconf 86' lang='lat' dir='ltr'><strong>Constantinus</strong></span> <span class='ocrx_word' id='word_1_422' title='bbox 668 2025 844 2059; x_wconf 90' lang='lat' dir='ltr'><strong>Licinium</strong></span> <span class='ocrx_word' id='word_1_423' title='bbox 858 2026 896 2058; x_wconf 90' lang='lat' dir='ltr'><strong>in</strong></span> <span class='ocrx_word' id='word_1_424' title='bbox 920 2025 1101 2058; x_wconf 85' lang='lat' dir='ltr'><strong>Pannonia</strong></span> <span class='ocrx_word' id='word_1_425' title='bbox 1124 2026 1272 2068; x_wconf 90' lang='lat' dir='ltr'><strong>primum</strong></span> <span class='ocrx_word' id='word_1_426' title='bbox 1295 2025 1390 2064; x_wconf 88' lang='lat' dir='ltr'><strong>uicit,</strong></span> <span class='ocrx_word' id='word_1_427' title='bbox 1415 2025 1543 2059; x_wconf 89' lang='lat' dir='ltr'><strong>deinde</strong></span> <span class='ocrx_word' id='word_1_428' title='bbox 1568 2026 1662 2068; x_wconf 89' lang='lat' dir='ltr'><strong>apud</strong></span> <span class='ocrx_word' id='word_1_429' title='bbox 1686 2024 1816 2058; x_wconf 88' lang='lat' dir='ltr'><strong>Kiala⁷</strong></span> <span class='ocrx_word' id='word_1_430' title='bbox 1840 2026 2024 2068; x_wconf 87' lang='lat' dir='ltr'><strong>oppressit,</strong></span> <span class='ocrx_word' id='word_1_431' title='bbox 2040 2026 2273 2071; x_wconf 86' lang='lat' dir='ltr'><strong>uniuersaque</strong></span> 
     </span>
    </p>
   </div>
   <div class='ocr_carea' id='block_1_8' title="bbox 463 2112 557 2116">
    <p class='ocr_par' dir='ltr' id='par_1_9' title="bbox 463 2112 557 2116">
     <span class='ocr_line' id='line_1_39' title="bbox 463 2112 557 2116; baseline 0 0"><span class='ocrx_word' id='word_1_432' title='bbox 463 2112 557 2116; x_wconf 95' lang='lat' dir='ltr'><strong> </strong></span> 
     </span>
    </p>
   </div>
   <div class='ocr_carea' id='block_1_9' title="bbox 402 2152 2274 2463">
    <p class='ocr_par' dir='ltr' id='par_1_10' title="bbox 402 2152 2274 2463">
     <span class='ocr_line' id='line_1_40' title="bbox 497 2152 2272 2195; baseline -0.001 -6"><span class='ocrx_word' id='word_1_433' title='bbox 497 2170 521 2189; x_wconf 86' lang='lat'><strong>1.</strong></span> <span class='ocrx_word' id='word_1_434' title='bbox 534 2163 641 2189; x_wconf 77' lang='lat' dir='ltr'><strong>Nicena</strong></span> <span class='ocrx_word' id='word_1_435' title='bbox 659 2162 772 2188; x_wconf 72' lang='lat' dir='ltr'><strong>munla</strong></span> <span class='ocrx_word' id='word_1_436' title='bbox 786 2164 855 2190; x_wconf 77' lang='grc'><strong>0-</strong></span> <span class='ocrx_word' id='word_1_437' title='bbox 869 2168 894 2188; x_wconf 82' lang='lat'><strong>2.</strong></span> <span class='ocrx_word' id='word_1_438' title='bbox 913 2163 944 2187; x_wconf 73' lang='lat' dir='ltr'><strong>in</strong></span> <span class='ocrx_word' id='word_1_439' title='bbox 967 2162 991 2187; x_wconf 84' lang='lat' dir='ltr'><strong>C</strong></span> <span class='ocrx_word' id='word_1_440' title='bbox 1005 2163 1135 2195; x_wconf 60' lang='lat' dir='ltr'><strong>aggravato</strong></span> <span class='ocrx_word' id='word_1_441' title='bbox 1152 2164 1217 2187; x_wconf 74' lang='lat' dir='ltr'><strong>sotto</strong></span> <span class='ocrx_word' id='word_1_442' title='bbox 1235 2162 1259 2187; x_wconf 77' lang='lat'><strong>1¹1</strong></span> <span class='ocrx_word' id='word_1_443' title='bbox 1275 2162 1352 2195; x_wconf 75' lang='lat' dir='ltr'><strong>rigo.-</strong></span> <span class='ocrx_word' id='word_1_444' title='bbox 1366 2161 1446 2186; x_wconf 84' lang='lat' dir='ltr'><strong>fldem</strong></span> <span class='ocrx_word' id='word_1_445' title='bbox 1462 2175 1492 2180; x_wconf 92' lang='lat'>—</span> <span class='ocrx_word' id='word_1_446' title='bbox 1507 2169 1531 2194; x_wconf 86' lang='lat'><strong>3.</strong></span> <span class='ocrx_word' id='word_1_447' title='bbox 1546 2161 1775 2195; x_wconf 73' lang='lat' dir='ltr'><strong>dampnaverunt</strong></span> <span class='ocrx_word' id='word_1_448' title='bbox 1787 2162 1813 2185; x_wconf 85' lang='lat' dir='ltr'><em>B</em></span> <span class='ocrx_word' id='word_1_449' title='bbox 1831 2174 1843 2181; x_wconf 86' lang='lat'><strong>·</strong></span> <span class='ocrx_word' id='word_1_450' title='bbox 1861 2152 2014 2186; x_wconf 63' lang='lat' dir='ltr'><strong>Photinum</strong></span> <span class='ocrx_word' id='word_1_451' title='bbox 2032 2161 2093 2188; x_wconf 80' lang='lat' dir='ltr'><strong>Bc</strong></span> <span class='ocrx_word' id='word_1_452' title='bbox 2104 2175 2137 2180; x_wconf 94' lang='lat'><strong>-—-</strong></span> <span class='ocrx_word' id='word_1_453' title='bbox 2152 2166 2178 2194; x_wconf 82' lang='grc'><strong>5.</strong></span> <span class='ocrx_word' id='word_1_454' title='bbox 2196 2162 2272 2188; x_wconf 77' lang='lat' dir='ltr'>Pho-</span> 
     </span>
     <span class='ocr_line' id='line_1_41' title="bbox 402 2206 2272 2240; baseline 0.001 -9"><span class='ocrx_word' id='word_1_455' title='bbox 402 2209 494 2233; x_wconf 82' lang='lat' dir='ltr'><strong>tinum</strong></span> <span class='ocrx_word' id='word_1_456' title='bbox 508 2208 610 2233; x_wconf 75' lang='lat' dir='ltr'><strong>Bc—</strong></span> <span class='ocrx_word' id='word_1_457' title='bbox 629 2206 656 2234; x_wconf 84' lang='lat'><strong>6.</strong></span> <span class='ocrx_word' id='word_1_458' title='bbox 668 2208 733 2239; x_wconf 59' lang='lat' dir='ltr'><strong>dopo</strong></span> <span class='ocrx_word' id='word_1_459' title='bbox 745 2208 777 2232; x_wconf 85' lang='lat' dir='ltr'><strong>ut</strong></span> <span class='ocrx_word' id='word_1_460' title='bbox 798 2208 822 2233; x_wconf 88' lang='lat' dir='ltr'><strong>C</strong></span> <span class='ocrx_word' id='word_1_461' title='bbox 837 2207 990 2239; x_wconf 66' lang='lat' dir='ltr'><strong>aggiungae:</strong></span> <span class='ocrx_word' id='word_1_462' title='bbox 1010 2207 1162 2240; x_wconf 75' lang='lat' dir='ltr'><strong>episcopm</strong></span> <span class='ocrx_word' id='word_1_463' title='bbox 1179 2206 1333 2231; x_wconf 81' lang='lat' dir='ltr'><strong>batizatum</strong></span> <span class='ocrx_word' id='word_1_464' title='bbox 1352 2206 1501 2239; x_wconf 79' lang='lat' dir='ltr'><strong>consignet</strong></span> <span class='ocrx_word' id='word_1_465' title='bbox 1519 2213 1622 2239; x_wconf 84' lang='lat' dir='ltr'><strong>papam</strong></span> <span class='ocrx_word' id='word_1_466' title='bbox 1641 2206 1793 2231; x_wconf 78' lang='lat' dir='ltr'><strong>hereticam</strong></span> <span class='ocrx_word' id='word_1_467' title='bbox 1813 2206 1983 2231; x_wconf 78' lang='lat' dir='ltr'><strong>suasionem.</strong></span> <span class='ocrx_word' id='word_1_468' title='bbox 2005 2206 2168 2232; x_wconf 75' lang='lat' dir='ltr'><strong>Constituit</strong></span> <span class='ocrx_word' id='word_1_469' title='bbox 2184 2208 2272 2233; x_wconf 69' lang='lat' dir='ltr'><strong>eti-m</strong></span> 
     </span>
     <span class='ocr_line' id='line_1_42' title="bbox 405 2250 2270 2284; baseline -0.001 -6"><span class='ocrx_word' id='word_1_470' title='bbox 405 2254 491 2279; x_wconf 86' lang='lat' dir='ltr'><strong>ut....</strong></span> <span class='ocrx_word' id='word_1_471' title='bbox 511 2268 543 2272; x_wconf 88' lang='lat'><em>-</em></span> <span class='ocrx_word' id='word_1_472' title='bbox 565 2258 590 2282; x_wconf 90' lang='lat'><strong>7.</strong></span> <span class='ocrx_word' id='word_1_473' title='bbox 608 2253 759 2277; x_wconf 81' lang='lat' dir='ltr'><strong>chrismate</strong></span> <span class='ocrx_word' id='word_1_474' title='bbox 777 2252 804 2276; x_wconf 87' lang='lat' dir='ltr'><em>B</em></span> <span class='ocrx_word' id='word_1_475' title='bbox 816 2265 850 2270; x_wconf 97' lang='lat'><strong>—</strong></span> <span class='ocrx_word' id='word_1_476' title='bbox 863 2251 888 2278; x_wconf 90' lang='lat'><strong>8.</strong></span> <span class='ocrx_word' id='word_1_477' title='bbox 906 2251 1130 2283; x_wconf 83' lang='lat' dir='ltr'><strong>condempnetur</strong></span> <span class='ocrx_word' id='word_1_478' title='bbox 1145 2251 1169 2276; x_wconf 90' lang='lat' dir='ltr'><strong>C</strong></span> <span class='ocrx_word' id='word_1_479' title='bbox 1185 2265 1218 2269; x_wconf 97' lang='lat'><strong>—</strong></span> <span class='ocrx_word' id='word_1_480' title='bbox 1238 2259 1263 2282; x_wconf 84' lang='lat'><strong>9.</strong></span> <span class='ocrx_word' id='word_1_481' title='bbox 1282 2251 1522 2283; x_wconf 76' lang='lat' dir='ltr'><strong>comprobaeione</strong></span> <span class='ocrx_word' id='word_1_482' title='bbox 1545 2251 1569 2276; x_wconf 87' lang='lat' dir='ltr'><strong>C</strong></span> <span class='ocrx_word' id='word_1_483' title='bbox 1585 2263 1595 2269; x_wconf 87' lang='lat'><em>-</em></span> <span class='ocrx_word' id='word_1_484' title='bbox 1617 2251 1752 2275; x_wconf 84' lang='lat' dir='ltr'><strong>malorem</strong></span> <span class='ocrx_word' id='word_1_485' title='bbox 1772 2257 1801 2275; x_wconf 84' lang='lat' dir='ltr'><strong>se</strong></span> <span class='ocrx_word' id='word_1_486' title='bbox 1820 2258 1879 2275; x_wconf 86' lang='lat' dir='ltr'><strong>non</strong></span> <span class='ocrx_word' id='word_1_487' title='bbox 1899 2251 1998 2283; x_wconf 82' lang='lat' dir='ltr'><strong>poscet</strong></span> <span class='ocrx_word' id='word_1_488' title='bbox 2011 2252 2035 2276; x_wconf 88' lang='lat' dir='ltr'><strong>C</strong></span> <span class='ocrx_word' id='word_1_489' title='bbox 2047 2263 2080 2269; x_wconf 92' lang='lat'><strong>—</strong></span> <span class='ocrx_word' id='word_1_490' title='bbox 2101 2258 2145 2277; x_wconf 83' lang='lat'><strong>11.</strong></span> <span class='ocrx_word' id='word_1_491' title='bbox 2156 2250 2270 2284; x_wconf 73' lang='lat' dir='ltr'><strong>contra]</strong></span> 
     </span>
     <span class='ocr_line' id='line_1_43' title="bbox 404 2294 2272 2328; baseline -0.001 -6"><span class='ocrx_word' id='word_1_492' title='bbox 404 2299 471 2323; x_wconf 85' lang='lat' dir='ltr'><strong>ante</strong></span> <span class='ocrx_word' id='word_1_493' title='bbox 484 2297 510 2320; x_wconf 90' lang='lat' dir='ltr'><em>B</em></span> <span class='ocrx_word' id='word_1_494' title='bbox 521 2298 546 2323; x_wconf 86' lang='lat' dir='ltr'><strong>C</strong></span> <span class='ocrx_word' id='word_1_495' title='bbox 563 2310 595 2314; x_wconf 82' lang='lat'><em>-</em></span> <span class='ocrx_word' id='word_1_496' title='bbox 619 2303 708 2321; x_wconf 81' lang='lat'><strong>11-12.</strong></span> <span class='ocrx_word' id='word_1_497' title='bbox 728 2295 836 2321; x_wconf 79' lang='lat' dir='ltr'><strong>diceret</strong></span> <span class='ocrx_word' id='word_1_498' title='bbox 852 2295 876 2320; x_wconf 85' lang='lat' dir='ltr'><strong>C</strong></span> <span class='ocrx_word' id='word_1_499' title='bbox 887 2309 918 2314; x_wconf 92' lang='lat'><strong>—-</strong></span> <span class='ocrx_word' id='word_1_500' title='bbox 936 2302 975 2327; x_wconf 80' lang='lat'><strong>¹4·</strong></span> <span class='ocrx_word' id='word_1_501' title='bbox 989 2296 1053 2327; x_wconf 73' lang='lat' dir='ltr'><strong>dopo</strong></span> <span class='ocrx_word' id='word_1_502' title='bbox 1066 2295 1195 2328; x_wconf 82' lang='lat' dir='ltr'><strong>syndone</strong></span> <span class='ocrx_word' id='word_1_503' title='bbox 1211 2296 1234 2320; x_wconf 89' lang='lat' dir='ltr'><strong>C</strong></span> <span class='ocrx_word' id='word_1_504' title='bbox 1244 2295 1396 2327; x_wconf 73' lang='lat' dir='ltr'><strong>aggiunge:</strong></span> <span class='ocrx_word' id='word_1_505' title='bbox 1408 2295 1484 2319; x_wconf 80' lang='lat' dir='ltr'><strong>linea</strong></span> <span class='ocrx_word' id='word_1_506' title='bbox 1499 2307 1531 2312; x_wconf 84' lang='lat'>-</span> <span class='ocrx_word' id='word_1_507' title='bbox 1550 2300 1589 2326; x_wconf 82' lang='lat'><strong>15.</strong></span> <span class='ocrx_word' id='word_1_508' title='bbox 1603 2294 1789 2320; x_wconf 78' lang='lat' dir='ltr'><strong>desiderasset</strong></span> <span class='ocrx_word' id='word_1_509' title='bbox 1804 2295 1828 2320; x_wconf 87' lang='lat' dir='ltr'><strong>C</strong></span> <span class='ocrx_word' id='word_1_510' title='bbox 1841 2307 1871 2311; x_wconf 88' lang='lat'><strong>—-</strong></span> <span class='ocrx_word' id='word_1_511' title='bbox 1889 2294 1930 2319; x_wconf 82' lang='lat'><strong>18.</strong></span> <span class='ocrx_word' id='word_1_512' title='bbox 1949 2295 1979 2318; x_wconf 77' lang='lat' dir='ltr'><strong>in</strong></span> <span class='ocrx_word' id='word_1_513' title='bbox 1991 2295 2017 2318; x_wconf 92' lang='lat' dir='ltr'><em>B</em></span> <span class='ocrx_word' id='word_1_514' title='bbox 2029 2302 2122 2319; x_wconf 79' lang='lat' dir='ltr'><strong>manca</strong></span> <span class='ocrx_word' id='word_1_515' title='bbox 2141 2295 2181 2320; x_wconf 84' lang='lat' dir='ltr'><strong>ad</strong></span> <span class='ocrx_word' id='word_1_516' title='bbox 2197 2295 2272 2320; x_wconf 85' lang='lat' dir='ltr'><strong>ordl-</strong></span> 
     </span>
     <span class='ocr_line' id='line_1_44' title="bbox 409 2338 2272 2373; baseline -0.001 -7"><span class='ocrx_word' id='word_1_517' title='bbox 409 2350 487 2372; x_wconf 73' lang='lat' dir='ltr'><strong>nem3</strong></span> <span class='ocrx_word' id='word_1_518' title='bbox 501 2342 611 2367; x_wconf 75' lang='lat' dir='ltr'><strong>ordinis</strong></span> <span class='ocrx_word' id='word_1_519' title='bbox 628 2341 651 2365; x_wconf 86' lang='lat' dir='ltr'><strong>C</strong></span> <span class='ocrx_word' id='word_1_520' title='bbox 663 2355 694 2358; x_wconf 97' lang='lat'><strong>—</strong></span> <span class='ocrx_word' id='word_1_521' title='bbox 712 2348 753 2373; x_wconf 88' lang='lat'><strong>19.</strong></span> <span class='ocrx_word' id='word_1_522' title='bbox 766 2340 865 2365; x_wconf 86' lang='lat' dir='ltr'><strong>ordlne</strong></span> <span class='ocrx_word' id='word_1_523' title='bbox 881 2341 904 2366; x_wconf 90' lang='lat' dir='ltr'><strong>C</strong></span> <span class='ocrx_word' id='word_1_524' title='bbox 914 2352 927 2358; x_wconf 97' lang='lat'><em>-</em></span> <span class='ocrx_word' id='word_1_525' title='bbox 939 2341 982 2365; x_wconf 86' lang='lat' dir='ltr'><strong>set</strong></span> <span class='ocrx_word' id='word_1_526' title='bbox 993 2340 1052 2365; x_wconf 87' lang='lat' dir='ltr'><strong>BC</strong></span> <span class='ocrx_word' id='word_1_527' title='bbox 1071 2353 1093 2357; x_wconf 89' lang='lat'><em>-</em></span> <span class='ocrx_word' id='word_1_528' title='bbox 1111 2345 1153 2363; x_wconf 83' lang='lat'><strong>20.</strong></span> <span class='ocrx_word' id='word_1_529' title='bbox 1166 2341 1255 2363; x_wconf 78' lang='lat' dir='ltr'><strong>eclam</strong></span> <span class='ocrx_word' id='word_1_530' title='bbox 1269 2339 1295 2362; x_wconf 86' lang='lat' dir='ltr'><em>B</em></span> <span class='ocrx_word' id='word_1_531' title='bbox 1309 2340 1334 2364; x_wconf 88' lang='lat' dir='ltr'><strong>C</strong></span> <span class='ocrx_word' id='word_1_532' title='bbox 1346 2351 1378 2356; x_wconf 92' lang='lat'>—</span> <span class='ocrx_word' id='word_1_533' title='bbox 1394 2344 1436 2370; x_wconf 86' lang='lat'><strong>²3·</strong></span> <span class='ocrx_word' id='word_1_534' title='bbox 1448 2338 1551 2370; x_wconf 85' lang='lat' dir='ltr'><strong>Capud</strong></span> <span class='ocrx_word' id='word_1_535' title='bbox 1567 2339 1591 2364; x_wconf 91' lang='lat' dir='ltr'><strong>C</strong></span> <span class='ocrx_word' id='word_1_536' title='bbox 1603 2352 1634 2355; x_wconf 93' lang='lat'><em>-</em></span> <span class='ocrx_word' id='word_1_537' title='bbox 1650 2338 1693 2363; x_wconf 82' lang='lat'><strong>26.</strong></span> <span class='ocrx_word' id='word_1_538' title='bbox 1707 2338 1798 2363; x_wconf 83' lang='lat' dir='ltr'><strong>tocius</strong></span> <span class='ocrx_word' id='word_1_539' title='bbox 1812 2339 1836 2364; x_wconf 90' lang='lat' dir='ltr'><strong>C</strong></span> <span class='ocrx_word' id='word_1_540' title='bbox 1853 2351 1864 2357; x_wconf 93' lang='lat'><em>·</em></span> <span class='ocrx_word' id='word_1_541' title='bbox 1883 2339 2006 2364; x_wconf 82' lang='lat' dir='ltr'><strong>auaricls</strong></span> <span class='ocrx_word' id='word_1_542' title='bbox 2022 2339 2046 2364; x_wconf 91' lang='lat' dir='ltr'><strong>C</strong></span> <span class='ocrx_word' id='word_1_543' title='bbox 2057 2351 2090 2356; x_wconf 90' lang='lat'><strong>——</strong></span> <span class='ocrx_word' id='word_1_544' title='bbox 2105 2345 2149 2370; x_wconf 83' lang='lat'><strong>27.</strong></span> <span class='ocrx_word' id='word_1_545' title='bbox 2161 2339 2272 2365; x_wconf 71' lang='lat' dir='ltr'><strong>luxuria</strong></span> 
     </span>
     <span class='ocr_line' id='line_1_45' title="bbox 404 2382 2274 2416; baseline -0.001 -5"><span class='ocrx_word' id='word_1_546' title='bbox 404 2393 524 2412; x_wconf 81' lang='lat' dir='ltr'><strong>ueueres</strong></span> <span class='ocrx_word' id='word_1_547' title='bbox 536 2385 564 2410; x_wconf 86' lang='lat' dir='ltr'><em>B</em></span> <span class='ocrx_word' id='word_1_548' title='bbox 576 2400 609 2404; x_wconf 98' lang='lat'><strong>—</strong></span> <span class='ocrx_word' id='word_1_549' title='bbox 625 2386 666 2412; x_wconf 83' lang='lat'><strong>28.</strong></span> <span class='ocrx_word' id='word_1_550' title='bbox 685 2386 792 2410; x_wconf 76' lang='lat' dir='ltr'><strong>litteris</strong></span> <span class='ocrx_word' id='word_1_551' title='bbox 812 2385 836 2410; x_wconf 89' lang='lat' dir='ltr'><strong>C</strong></span> <span class='ocrx_word' id='word_1_552' title='bbox 851 2397 863 2403; x_wconf 96' lang='lat'>-</span> <span class='ocrx_word' id='word_1_553' title='bbox 883 2383 1071 2409; x_wconf 79' lang='lat' dir='ltr'><strong>inscienciam</strong></span> <span class='ocrx_word' id='word_1_554' title='bbox 1089 2383 1116 2407; x_wconf 85' lang='lat' dir='ltr'><em>B</em></span> <span class='ocrx_word' id='word_1_555' title='bbox 1127 2385 1151 2410; x_wconf 87' lang='lat' dir='ltr'><strong>C</strong></span> <span class='ocrx_word' id='word_1_556' title='bbox 1163 2397 1195 2401; x_wconf 92' lang='lat'><em>—</em></span> <span class='ocrx_word' id='word_1_557' title='bbox 1211 2390 1252 2416; x_wconf 87' lang='lat'><strong>²9·</strong></span> <span class='ocrx_word' id='word_1_558' title='bbox 1268 2383 1426 2416; x_wconf 81' lang='lat' dir='ltr'><strong>negligebat</strong></span> <span class='ocrx_word' id='word_1_559' title='bbox 1438 2382 1466 2406; x_wconf 85' lang='lat' dir='ltr'><em>B</em></span> <span class='ocrx_word' id='word_1_560' title='bbox 1482 2395 1495 2402; x_wconf 89' lang='lat'>-</span> <span class='ocrx_word' id='word_1_561' title='bbox 1512 2389 1546 2407; x_wconf 91' lang='lat' dir='ltr'><strong>eo</strong></span> <span class='ocrx_word' id='word_1_562' title='bbox 1568 2383 1591 2408; x_wconf 89' lang='lat' dir='ltr'><strong>C</strong></span> <span class='ocrx_word' id='word_1_563' title='bbox 1608 2395 1619 2401; x_wconf 91' lang='lat'>-</span> <span class='ocrx_word' id='word_1_564' title='bbox 1639 2382 1768 2416; x_wconf 85' lang='lat' dir='ltr'><strong>altusque</strong></span> <span class='ocrx_word' id='word_1_565' title='bbox 1783 2384 1807 2409; x_wconf 86' lang='lat' dir='ltr'><strong>C</strong></span> <span class='ocrx_word' id='word_1_566' title='bbox 1819 2396 1852 2401; x_wconf 98' lang='lat'><strong>—</strong></span> <span class='ocrx_word' id='word_1_567' title='bbox 1871 2389 1916 2415; x_wconf 82' lang='grc' dir='ltr'><strong>3ο.</strong></span> <span class='ocrx_word' id='word_1_568' title='bbox 1930 2383 2009 2407; x_wconf 78' lang='lat' dir='ltr'><strong>utilis</strong></span> <span class='ocrx_word' id='word_1_569' title='bbox 2028 2383 2052 2409; x_wconf 88' lang='lat' dir='ltr'><strong>C</strong></span> <span class='ocrx_word' id='word_1_570' title='bbox 2064 2395 2076 2402; x_wconf 88' lang='lat'><strong>·</strong></span> <span class='ocrx_word' id='word_1_571' title='bbox 2092 2383 2202 2409; x_wconf 74' lang='lat' dir='ltr'><strong>malicie</strong></span> <span class='ocrx_word' id='word_1_572' title='bbox 2213 2383 2274 2410; x_wconf 80' lang='lat' dir='ltr'><strong>Bc</strong></span> 
     </span>
     <span class='ocr_line' id='line_1_46' title="bbox 405 2425 2271 2463; baseline -0.001 -8"><span class='ocrx_word' id='word_1_573' title='bbox 405 2444 437 2449; x_wconf 92' lang='lat'><strong>—</strong></span> <span class='ocrx_word' id='word_1_574' title='bbox 458 2437 502 2463; x_wconf 87' lang='lat'><strong>31.</strong></span> <span class='ocrx_word' id='word_1_575' title='bbox 521 2430 651 2456; x_wconf 75' lang='lat' dir='ltr'><strong>efferuutt</strong></span> <span class='ocrx_word' id='word_1_576' title='bbox 671 2432 713 2459; x_wconf 74' lang='lat' dir='ltr'><strong>C,-</strong></span> <span class='ocrx_word' id='word_1_577' title='bbox 735 2429 843 2454; x_wconf 73' lang='lat' dir='ltr'><strong>Oroslus</strong></span> <span class='ocrx_word' id='word_1_578' title='bbox 861 2428 896 2454; x_wconf 69' lang='lat' dir='ltr'><strong>lna</strong></span> <span class='ocrx_word' id='word_1_579' title='bbox 914 2428 1044 2454; x_wconf 82' lang='lat' dir='ltr'><strong>efferbuit</strong></span> <span class='ocrx_word' id='word_1_580' title='bbox 1063 2442 1073 2447; x_wconf 96' lang='lat'>-</span> <span class='ocrx_word' id='word_1_581' title='bbox 1094 2430 1137 2453; x_wconf 88' lang='lat' dir='ltr'><strong>set</strong></span> <span class='ocrx_word' id='word_1_582' title='bbox 1149 2428 1211 2454; x_wconf 87' lang='lat' dir='ltr'><strong>BC</strong></span> <span class='ocrx_word' id='word_1_583' title='bbox 1230 2441 1261 2446; x_wconf 90' lang='lat'><strong>—-</strong></span> <span class='ocrx_word' id='word_1_584' title='bbox 1281 2434 1325 2459; x_wconf 85' lang='lat'><strong>3²·</strong></span> <span class='ocrx_word' id='word_1_585' title='bbox 1343 2427 1520 2452; x_wconf 78' lang='lat' dir='ltr'><strong>Pannoniam</strong></span> <span class='ocrx_word' id='word_1_586' title='bbox 1546 2427 1618 2452; x_wconf 80' lang='lat' dir='ltr'><strong>uicit</strong></span> <span class='ocrx_word' id='word_1_587' title='bbox 1637 2428 1759 2460; x_wconf 80' lang='lat' dir='ltr'><strong>primum</strong></span> <span class='ocrx_word' id='word_1_588' title='bbox 1775 2427 1814 2455; x_wconf 81' lang='lat' dir='ltr'><strong>C,-</strong></span> <span class='ocrx_word' id='word_1_589' title='bbox 1831 2427 1859 2451; x_wconf 82' lang='lat' dir='ltr'><strong>Ia</strong></span> <span class='ocrx_word' id='word_1_590' title='bbox 1878 2427 1974 2452; x_wconf 67' lang='lat' dir='ltr'><strong>leudone</strong></span> <span class='ocrx_word' id='word_1_591' title='bbox 1991 2427 2090 2453; x_wconf 60' lang='lat' dir='ltr'><strong>walse</strong></span> <span class='ocrx_word' id='word_1_592' title='bbox 2107 2427 2122 2452; x_wconf 67' lang='grc' dir='ltr'><strong><em>ἑ</em></strong></span> <span class='ocrx_word' id='word_1_593' title='bbox 2138 2425 2271 2458; x_wconf 68' lang='lat' dir='ltr'><strong>consm</strong></span> 
     </span>
    </p>
   </div>
   <div class='ocr_carea' id='block_1_10' title="bbox 404 2474 927 2508">
    <p class='ocr_par' dir='ltr' id='par_1_11' title="bbox 404 2474 927 2508">
     <span class='ocr_line' id='line_1_47' title="bbox 404 2474 927 2508; baseline -0.004 -8"><span class='ocrx_word' id='word_1_594' title='bbox 404 2475 461 2500; x_wconf 78' lang='lat' dir='ltr'><strong>alla</strong></span> <span class='ocrx_word' id='word_1_595' title='bbox 484 2475 614 2500; x_wconf 73' lang='lat' dir='ltr'><strong>Orosiam</strong></span> <span class='ocrx_word' id='word_1_596' title='bbox 633 2488 644 2494; x_wconf 97' lang='lat'><em>-</em></span> <span class='ocrx_word' id='word_1_597' title='bbox 658 2476 728 2508; x_wconf 75' lang='lat' dir='ltr'><strong>aput</strong></span> <span class='ocrx_word' id='word_1_598' title='bbox 741 2475 766 2501; x_wconf 85' lang='lat' dir='ltr'><strong>C</strong></span> <span class='ocrx_word' id='word_1_599' title='bbox 777 2487 789 2494; x_wconf 93' lang='lat'>-</span> <span class='ocrx_word' id='word_1_600' title='bbox 802 2474 887 2500; x_wconf 82' lang='lat' dir='ltr'><strong>Klala</strong></span> <span class='ocrx_word' id='word_1_601' title='bbox 899 2475 927 2498; x_wconf 91' lang='lat' dir='ltr'><em>B</em></span> 
     </span>
    </p>
   </div>
   <div class='ocr_carea' id='block_1_11' title="bbox 402 2569 1312 3068">
    <p class='ocr_par' dir='ltr' id='par_1_12' title="bbox 402 2569 1312 2854">
     <span class='ocr_line' id='line_1_48' title="bbox 493 2569 1311 2599; baseline -0.006 -2"><span class='ocrx_word' id='word_1_602' title='bbox 493 2570 502 2587; x_wconf 90' lang='lat'><strong>¹</strong></span> <span class='ocrx_word' id='word_1_603' title='bbox 524 2571 569 2597; x_wconf 73' lang='lat' dir='ltr'><strong>Cf.</strong></span> <span class='ocrx_word' id='word_1_604' title='bbox 589 2572 794 2599; x_wconf 62' lang='lat' dir='ltr'><strong>Monuni-xus.</strong></span> <span class='ocrx_word' id='word_1_605' title='bbox 813 2570 1018 2598; x_wconf 63' lang='lat' dir='ltr'><strong>Sanctum-mm,</strong></span> <span class='ocrx_word' id='word_1_606' title='bbox 1035 2570 1090 2594; x_wconf 68' lang='lat' dir='ltr'><strong>sive</strong></span> <span class='ocrx_word' id='word_1_607' title='bbox 1113 2569 1187 2593; x_wconf 75' lang='lat' dir='ltr'><strong>Vitae</strong></span> <span class='ocrx_word' id='word_1_608' title='bbox 1209 2571 1311 2593; x_wconf 76' lang='lat' dir='ltr'><strong>sancto-</strong></span> 
     </span>
     <span class='ocr_line' id='line_1_49' title="bbox 402 2610 1312 2643; baseline -0.004 -4"><span class='ocrx_word' id='word_1_609' title='bbox 402 2622 464 2639; x_wconf 71' lang='lat' dir='ltr'><strong>rum</strong></span> <span class='ocrx_word' id='word_1_610' title='bbox 482 2614 603 2639; x_wconf 72' lang='lat' dir='ltr'><strong>collectae</strong></span> <span class='ocrx_word' id='word_1_611' title='bbox 621 2613 798 2638; x_wconf 63' lang='lat' dir='ltr'><strong>eas-codicibus</strong></span> <span class='ocrx_word' id='word_1_612' title='bbox 816 2620 888 2641; x_wconf 71' lang='lat' dir='ltr'><strong>ms..</strong></span> <span class='ocrx_word' id='word_1_613' title='bbox 903 2612 1010 2637; x_wconf 86' lang='lat' dir='ltr'><strong>Milano</strong></span> <span class='ocrx_word' id='word_1_614' title='bbox 1030 2611 1127 2643; x_wconf 84' lang='lat' dir='ltr'><strong>(senza</strong></span> <span class='ocrx_word' id='word_1_615' title='bbox 1141 2611 1221 2643; x_wconf 82' lang='lat' dir='ltr'><strong>data)</strong></span> <span class='ocrx_word' id='word_1_616' title='bbox 1235 2610 1312 2635; x_wconf 77' lang='lat' dir='ltr'><strong>forse</strong></span> 
     </span>
     <span class='ocr_line' id='line_1_50' title="bbox 407 2652 1312 2687; baseline -0.004 -6"><span class='ocrx_word' id='word_1_617' title='bbox 407 2662 481 2687; x_wconf 68' lang='lat'>¹⁴75,</span> <span class='ocrx_word' id='word_1_618' title='bbox 504 2657 560 2681; x_wconf 84' lang='lat' dir='ltr'><strong>vol.</strong></span> <span class='ocrx_word' id='word_1_619' title='bbox 578 2654 613 2683; x_wconf 85' lang='lat'><strong>11.</strong></span> <span class='ocrx_word' id='word_1_620' title='bbox 633 2654 724 2687; x_wconf 78' lang='lat' dir='ltr'><strong>fogllo</strong></span> <span class='ocrx_word' id='word_1_621' title='bbox 745 2661 806 2687; x_wconf 80' lang='lat'><strong>279,</strong></span> <span class='ocrx_word' id='word_1_622' title='bbox 825 2655 873 2678; x_wconf 85' lang='lat' dir='ltr'><strong>cit.</strong></span> <span class='ocrx_word' id='word_1_623' title='bbox 893 2654 938 2678; x_wconf 86' lang='lat' dir='ltr'><strong>dal</strong></span> <span class='ocrx_word' id='word_1_624' title='bbox 952 2654 1121 2683; x_wconf 66' lang='lat' dir='ltr'><strong>Damasus,</strong></span> <span class='ocrx_word' id='word_1_625' title='bbox 1140 2652 1312 2678; x_wconf 88' lang='lat' dir='ltr'><strong>Introdu-</strong></span> 
     </span>
     <span class='ocr_line' id='line_1_51' title="bbox 403 2695 1311 2729; baseline -0.003 -7"><span class='ocrx_word' id='word_1_626' title='bbox 403 2699 518 2727; x_wconf 80' lang='lat' dir='ltr'><strong>zlone,</strong></span> <span class='ocrx_word' id='word_1_627' title='bbox 537 2705 563 2729; x_wconf 90' lang='lat' dir='ltr'><strong>p.</strong></span> <span class='ocrx_word' id='word_1_628' title='bbox 583 2703 629 2722; x_wconf 89' lang='lat' dir='ltr'><strong>cx.</strong></span> <span class='ocrx_word' id='word_1_629' title='bbox 667 2697 720 2721; x_wconf 86' lang='lat' dir='ltr'><strong>Per</strong></span> <span class='ocrx_word' id='word_1_630' title='bbox 739 2697 759 2721; x_wconf 91' lang='lat' dir='ltr'><strong>ll</strong></span> <span class='ocrx_word' id='word_1_631' title='bbox 784 2699 861 2721; x_wconf 84' lang='lat' dir='ltr'><strong>reato</strong></span> <span class='ocrx_word' id='word_1_632' title='bbox 887 2695 924 2720; x_wconf 80' lang='lat' dir='ltr'><strong>cf.</strong></span> <span class='ocrx_word' id='word_1_633' title='bbox 945 2696 972 2720; x_wconf 93' lang='lat' dir='ltr'><strong>lo</strong></span> <span class='ocrx_word' id='word_1_634' title='bbox 994 2695 1090 2720; x_wconf 74' lang='lat' dir='ltr'><strong>studio</strong></span> <span class='ocrx_word' id='word_1_635' title='bbox 1110 2695 1244 2720; x_wconf 78' lang='lat' dir='ltr'><strong>accurato</strong></span> <span class='ocrx_word' id='word_1_636' title='bbox 1267 2695 1311 2719; x_wconf 89' lang='lat' dir='ltr'><strong>del</strong></span> 
     </span>
     <span class='ocr_line' id='line_1_52' title="bbox 403 2735 1311 2770; baseline -0.004 -6"><span class='ocrx_word' id='word_1_637' title='bbox 403 2739 559 2764; x_wconf 85' lang='lat' dir='ltr'><strong>medesimo</strong></span> <span class='ocrx_word' id='word_1_638' title='bbox 574 2738 728 2764; x_wconf 83' lang='lat' dir='ltr'><strong>Duchesne</strong></span> <span class='ocrx_word' id='word_1_639' title='bbox 742 2737 802 2770; x_wconf 86' lang='lat' dir='ltr'><strong>(pp.</strong></span> <span class='ocrx_word' id='word_1_640' title='bbox 812 2744 862 2763; x_wconf 75' lang='lat' dir='ltr'><strong>cxx</strong></span> <span class='ocrx_word' id='word_1_641' title='bbox 875 2745 893 2762; x_wconf 91' lang='lat' dir='ltr'><strong>a</strong></span> <span class='ocrx_word' id='word_1_642' title='bbox 905 2743 963 2763; x_wconf 78' lang='lat' dir='ltr'><strong>cxx</strong></span> <span class='ocrx_word' id='word_1_643' title='bbox 976 2735 1082 2761; x_wconf 83' lang='lat' dir='ltr'><strong>den’ln</strong></span> <span class='ocrx_word' id='word_1_644' title='bbox 1092 2740 1145 2762; x_wconf 91' lang='lat' dir='ltr'><strong>tro</strong></span> <span class='ocrx_word' id='word_1_645' title='bbox 1153 2737 1275 2761; x_wconf 82' lang='lat' dir='ltr'><strong>duzlon</strong></span> <span class='ocrx_word' id='word_1_646' title='bbox 1285 2735 1311 2768; x_wconf 86' lang='lat' dir='ltr'><strong>e)</strong></span> 
     </span>
     <span class='ocr_line' id='line_1_53' title="bbox 404 2771 1310 2814; baseline -0.003 -8"><span class='ocrx_word' id='word_1_647' title='bbox 404 2790 418 2806; x_wconf 92' lang='lat' dir='ltr'><strong>e</strong></span> <span class='ocrx_word' id='word_1_648' title='bbox 432 2781 461 2807; x_wconf 85' lang='lat' dir='ltr'><strong>L.</strong></span> <span class='ocrx_word' id='word_1_649' title='bbox 480 2782 524 2810; x_wconf 76' lang='lat' dir='ltr'><strong>P..</strong></span> <span class='ocrx_word' id='word_1_650' title='bbox 538 2781 559 2811; x_wconf 92' lang='lat'><strong>1,</strong></span> <span class='ocrx_word' id='word_1_651' title='bbox 579 2789 606 2814; x_wconf 87' lang='lat' dir='ltr'><strong>p.</strong></span> <span class='ocrx_word' id='word_1_652' title='bbox 628 2786 679 2813; x_wconf 86' lang='lat'><strong>170</strong></span> <span class='ocrx_word' id='word_1_653' title='bbox 691 2788 743 2813; x_wconf 88' lang='lat' dir='ltr'><strong>sg.,</strong></span> <span class='ocrx_word' id='word_1_654' title='bbox 757 2780 830 2805; x_wconf 83' lang='lat' dir='ltr'><strong>dove</strong></span> <span class='ocrx_word' id='word_1_655' title='bbox 844 2787 916 2804; x_wconf 84' lang='lat' dir='ltr'><strong>sono</strong></span> <span class='ocrx_word' id='word_1_656' title='bbox 926 2771 1049 2805; x_wconf 77' lang='lat' dir='ltr'><strong>discussi</strong></span> <span class='ocrx_word' id='word_1_657' title='bbox 1063 2780 1070 2803; x_wconf 84' lang='lat' dir='ltr'><strong>i</strong></span> <span class='ocrx_word' id='word_1_658' title='bbox 1086 2779 1145 2804; x_wconf 84' lang='lat' dir='ltr'><strong>vari</strong></span> <span class='ocrx_word' id='word_1_659' title='bbox 1159 2779 1225 2804; x_wconf 86' lang='lat' dir='ltr'><strong>testi</strong></span> <span class='ocrx_word' id='word_1_660' title='bbox 1237 2779 1310 2803; x_wconf 86' lang='lat' dir='ltr'><strong>della</strong></span> 
     </span>
     <span class='ocr_line' id='line_1_54' title="bbox 405 2824 676 2854; baseline -0.004 -6"><span class='ocrx_word' id='word_1_661' title='bbox 405 2824 418 2837; x_wconf 67' lang='lat'><strong><em>⁶</em></strong></span> <span class='ocrx_word' id='word_1_662' title='bbox 430 2825 498 2848; x_wconf 82' lang='lat' dir='ltr'><strong>Vita</strong></span> <span class='ocrx_word' id='word_1_663' title='bbox 517 2824 676 2854; x_wconf 55' lang='lat' dir='ltr'><strong>silvestrum</strong></span> 
     </span>
    </p>

    <p class='ocr_par' dir='ltr' id='par_1_13' title="bbox 404 2863 1312 2983">
     <span class='ocr_line' id='line_1_55' title="bbox 494 2863 1311 2897; baseline -0.004 -6"><span class='ocrx_word' id='word_1_664' title='bbox 494 2864 506 2881; x_wconf 75' lang='lat'><strong>²</strong></span> <span class='ocrx_word' id='word_1_665' title='bbox 524 2865 556 2891; x_wconf 78' lang='lat' dir='ltr'><strong>L.</strong></span> <span class='ocrx_word' id='word_1_666' title='bbox 573 2866 617 2894; x_wconf 79' lang='lat' dir='ltr'><strong>P..</strong></span> <span class='ocrx_word' id='word_1_667' title='bbox 630 2866 651 2896; x_wconf 89' lang='lat'><strong>1,</strong></span> <span class='ocrx_word' id='word_1_668' title='bbox 673 2873 698 2897; x_wconf 90' lang='lat' dir='ltr'><strong>p.</strong></span> <span class='ocrx_word' id='word_1_669' title='bbox 716 2863 765 2893; x_wconf 84' lang='lat'><strong>187</strong></span> <span class='ocrx_word' id='word_1_670' title='bbox 786 2864 848 2890; x_wconf 86' lang='lat' dir='ltr'><strong>dice</strong></span> <span class='ocrx_word' id='word_1_671' title='bbox 869 2865 922 2889; x_wconf 89' lang='lat' dir='ltr'><strong>che</strong></span> <span class='ocrx_word' id='word_1_672' title='bbox 941 2864 1081 2890; x_wconf 73' lang='lat' dir='ltr'><strong>silvestro</strong></span> <span class='ocrx_word' id='word_1_673' title='bbox 1101 2864 1130 2889; x_wconf 84' lang='lat' dir='ltr'><strong>su</strong></span> <span class='ocrx_word' id='word_1_674' title='bbox 1149 2864 1261 2897; x_wconf 83' lang='lat' dir='ltr'><strong>sepolto</strong></span> <span class='ocrx_word' id='word_1_675' title='bbox 1280 2864 1311 2889; x_wconf 81' lang='lat' dir='ltr'><strong>ln</strong></span> 
     </span>
     <span class='ocr_line' id='line_1_56' title="bbox 404 2906 1308 2940; baseline -0.002 -8"><span class='ocrx_word' id='word_1_676' title='bbox 404 2908 418 2922; x_wconf 81' lang='lat'>“</span> <span class='ocrx_word' id='word_1_677' title='bbox 430 2909 577 2940; x_wconf 84' lang='lat' dir='ltr'><strong>cymiterio</strong></span> <span class='ocrx_word' id='word_1_678' title='bbox 597 2908 767 2938; x_wconf 80' lang='lat' dir='ltr'><strong>Prescellae,</strong></span> <span class='ocrx_word' id='word_1_679' title='bbox 781 2908 828 2932; x_wconf 84' lang='lat' dir='ltr'><strong>via</strong></span> <span class='ocrx_word' id='word_1_680' title='bbox 840 2907 960 2937; x_wconf 79' lang='lat' dir='ltr'><strong>Salaria,</strong></span> <span class='ocrx_word' id='word_1_681' title='bbox 974 2906 1010 2931; x_wconf 92' lang='lat' dir='ltr'><strong>ab</strong></span> <span class='ocrx_word' id='word_1_682' title='bbox 1024 2907 1093 2931; x_wconf 86' lang='lat' dir='ltr'><strong>urbe</strong></span> <span class='ocrx_word' id='word_1_683' title='bbox 1108 2906 1201 2931; x_wconf 84' lang='lat' dir='ltr'><strong>Roma</strong></span> <span class='ocrx_word' id='word_1_684' title='bbox 1215 2906 1308 2930; x_wconf 87' lang='lat' dir='ltr'><strong>milla-</strong></span> 
     </span>
     <span class='ocr_line' id='line_1_57' title="bbox 405 2949 1312 2983; baseline 0 -9"><span class='ocrx_word' id='word_1_685' title='bbox 405 2951 419 2964; x_wconf 81' lang='lat'><strong>⁴¹</strong></span> <span class='ocrx_word' id='word_1_686' title='bbox 431 2951 471 2974; x_wconf 87' lang='lat' dir='ltr'><strong>rio</strong></span> <span class='ocrx_word' id='word_1_687' title='bbox 488 2956 561 2976; x_wconf 62' lang='grc' dir='ltr'><strong>ιιι...</strong></span> <span class='ocrx_word' id='word_1_688' title='bbox 574 2968 596 2983; x_wconf 81' lang='lat'><strong>„.</strong></span> <span class='ocrx_word' id='word_1_689' title='bbox 617 2950 664 2976; x_wconf 74' lang='lat' dir='ltr'><strong>Cf.</strong></span> <span class='ocrx_word' id='word_1_690' title='bbox 677 2957 694 2975; x_wconf 87' lang='lat' dir='ltr'><strong>a</strong></span> <span class='ocrx_word' id='word_1_691' title='bbox 704 2957 732 2982; x_wconf 89' lang='lat' dir='ltr'><strong>p.</strong></span> <span class='ocrx_word' id='word_1_692' title='bbox 743 2956 792 2975; x_wconf 84' lang='lat'><strong>201</strong></span> <span class='ocrx_word' id='word_1_693' title='bbox 808 2949 883 2974; x_wconf 80' lang='lat' dir='ltr'><strong>dello</strong></span> <span class='ocrx_word' id='word_1_694' title='bbox 896 2950 989 2974; x_wconf 78' lang='lat' dir='ltr'><strong>stesso</strong></span> <span class='ocrx_word' id='word_1_695' title='bbox 1003 2949 1117 2974; x_wconf 85' lang='lat' dir='ltr'><strong>volume</strong></span> <span class='ocrx_word' id='word_1_696' title='bbox 1131 2949 1156 2973; x_wconf 77' lang='lat' dir='ltr'><strong>la</strong></span> <span class='ocrx_word' id='word_1_697' title='bbox 1173 2951 1239 2973; x_wconf 81' lang='lat' dir='ltr'><strong>nota</strong></span> <span class='ocrx_word' id='word_1_698' title='bbox 1253 2954 1312 2980; x_wconf 81' lang='lat'><strong>1²3·</strong></span> 
     </span>
    </p>

    <p class='ocr_par' dir='ltr' id='par_1_14' title="bbox 493 2990 1019 3024">
     <span class='ocr_line' id='line_1_58' title="bbox 493 2990 1019 3024; baseline -0.002 -6"><span class='ocrx_word' id='word_1_699' title='bbox 493 2990 504 3007; x_wconf 80' lang='lat'>³</span> <span class='ocrx_word' id='word_1_700' title='bbox 528 2992 665 3023; x_wconf 73' lang='lat' dir='ltr'><strong>Onosws,</strong></span> <span class='ocrx_word' id='word_1_701' title='bbox 686 2992 748 3023; x_wconf 83' lang='lat' dir='ltr'><strong>vn.</strong></span> <span class='ocrx_word' id='word_1_702' title='bbox 770 2992 813 3023; x_wconf 78' lang='lat'><strong>²8,</strong></span> <span class='ocrx_word' id='word_1_703' title='bbox 836 2998 865 3024; x_wconf 84' lang='lat'><strong>15</strong></span> <span class='ocrx_word' id='word_1_704' title='bbox 887 2992 926 3024; x_wconf 87' lang='lat' dir='ltr'><strong>(p.</strong></span> <span class='ocrx_word' id='word_1_705' title='bbox 946 2990 1019 3024; x_wconf 76' lang='lat'>²7¹)-</span> 
     </span>
    </p>

    <p class='ocr_par' dir='ltr' id='par_1_15' title="bbox 493 3032 1119 3068">
     <span class='ocr_line' id='line_1_59' title="bbox 493 3032 1119 3068; baseline 0 -9"><span class='ocrx_word' id='word_1_706' title='bbox 493 3032 505 3049; x_wconf 71' lang='lat'>4</span> <span class='ocrx_word' id='word_1_707' title='bbox 528 3035 706 3066; x_wconf 68' lang='lat' dir='ltr'><strong>Eunomus,</strong></span> <span class='ocrx_word' id='word_1_708' title='bbox 727 3035 762 3065; x_wconf 75' lang='lat' dir='ltr'><strong>x,</strong></span> <span class='ocrx_word' id='word_1_709' title='bbox 783 3041 796 3067; x_wconf 87' lang='lat'><strong>5</strong></span> <span class='ocrx_word' id='word_1_710' title='bbox 818 3034 896 3068; x_wconf 82' lang='lat' dir='ltr'><strong>(pag.</strong></span> <span class='ocrx_word' id='word_1_711' title='bbox 913 3034 992 3067; x_wconf 77' lang='lat' dir='ltr'><strong>cit.)=</strong></span> <span class='ocrx_word' id='word_1_712' title='bbox 1011 3034 1119 3064; x_wconf 75' lang='lat' dir='ltr'><strong>efficere.</strong></span> 
     </span>
    </p>
   </div>
   <div class='ocr_carea' id='block_1_12' title="bbox 1363 2566 2275 2939">
    <p class='ocr_par' dir='ltr' id='par_1_16' title="bbox 1458 2566 1978 2600">
     <span class='ocr_line' id='line_1_60' title="bbox 1458 2566 1978 2600; baseline 0 -8"><span class='ocrx_word' id='word_1_713' title='bbox 1458 2566 1469 2583; x_wconf 84' lang='lat'>⁵</span> <span class='ocrx_word' id='word_1_714' title='bbox 1490 2568 1669 2598; x_wconf 66' lang='lat' dir='ltr'><strong>Eua-somus,</strong></span> <span class='ocrx_word' id='word_1_715' title='bbox 1691 2567 1747 2593; x_wconf 87' lang='lat' dir='ltr'><strong>loc.</strong></span> <span class='ocrx_word' id='word_1_716' title='bbox 1767 2569 1825 2598; x_wconf 64' lang='lat' dir='ltr'><strong>cit„</strong></span> <span class='ocrx_word' id='word_1_717' title='bbox 1846 2574 1908 2600; x_wconf 88' lang='lat' dir='ltr'><strong>pag.</strong></span> <span class='ocrx_word' id='word_1_718' title='bbox 1927 2567 1978 2592; x_wconf 80' lang='lat' dir='ltr'><strong>cit.</strong></span> 
     </span>
    </p>

    <p class='ocr_par' dir='ltr' id='par_1_17' title="bbox 1363 2609 2275 2897">
     <span class='ocr_line' id='line_1_61' title="bbox 1457 2609 2274 2641; baseline 0.001 -7"><span class='ocrx_word' id='word_1_719' title='bbox 1457 2609 1468 2625; x_wconf 81' lang='lat'>⁶</span> <span class='ocrx_word' id='word_1_720' title='bbox 1487 2609 1722 2641; x_wconf 82' lang='lat' dir='ltr'><strong>Interpolazione</strong></span> <span class='ocrx_word' id='word_1_721' title='bbox 1743 2609 1772 2634; x_wconf 88' lang='lat' dir='ltr'><strong>di</strong></span> <span class='ocrx_word' id='word_1_722' title='bbox 1792 2617 1820 2634; x_wconf 80' lang='lat' dir='ltr'><strong>R.</strong></span> <span class='ocrx_word' id='word_1_723' title='bbox 1843 2610 1866 2634; x_wconf 87' lang='lat' dir='ltr'><strong>Il</strong></span> <span class='ocrx_word' id='word_1_724' title='bbox 1892 2610 1980 2634; x_wconf 87' lang='lat' dir='ltr'><strong>brano</strong></span> <span class='ocrx_word' id='word_1_725' title='bbox 1999 2609 2028 2634; x_wconf 85' lang='lat' dir='ltr'><strong>di</strong></span> <span class='ocrx_word' id='word_1_726' title='bbox 2054 2609 2193 2640; x_wconf 69' lang='lat' dir='ltr'><strong>Onosws,</strong></span> <span class='ocrx_word' id='word_1_727' title='bbox 2212 2609 2274 2640; x_wconf 83' lang='lat' dir='ltr'><strong>vn,</strong></span> 
     </span>
     <span class='ocr_line' id='line_1_62' title="bbox 1365 2651 2274 2686; baseline 0 -9"><span class='ocrx_word' id='word_1_728' title='bbox 1365 2653 1408 2682; x_wconf 80' lang='lat'><strong>28,</strong></span> <span class='ocrx_word' id='word_1_729' title='bbox 1431 2659 1462 2677; x_wconf 76' lang='grc' dir='ltr'><em>η</em></span> <span class='ocrx_word' id='word_1_730' title='bbox 1484 2652 1523 2684; x_wconf 87' lang='lat' dir='ltr'><strong>(p.</strong></span> <span class='ocrx_word' id='word_1_731' title='bbox 1545 2652 1618 2685; x_wconf 77' lang='lat'><strong>272),</strong></span> <span class='ocrx_word' id='word_1_732' title='bbox 1643 2651 1806 2684; x_wconf 73' lang='lat' dir='ltr'><strong>riprodotto</strong></span> <span class='ocrx_word' id='word_1_733' title='bbox 1827 2653 1857 2678; x_wconf 82' lang='lat' dir='ltr'><strong>ln</strong></span> <span class='ocrx_word' id='word_1_734' title='bbox 1880 2660 1953 2685; x_wconf 80' lang='lat' dir='ltr'><strong>grau</strong></span> <span class='ocrx_word' id='word_1_735' title='bbox 1974 2653 2057 2686; x_wconf 83' lang='lat' dir='ltr'><strong>parte</strong></span> <span class='ocrx_word' id='word_1_736' title='bbox 2076 2653 2105 2677; x_wconf 83' lang='lat' dir='ltr'><strong>ln</strong></span> <span class='ocrx_word' id='word_1_737' title='bbox 2127 2651 2200 2678; x_wconf 65' lang='lat' dir='ltr'><strong>eat.</strong></span> <span class='ocrx_word' id='word_1_738' title='bbox 2217 2651 2274 2677; x_wconf 67' lang='grc' dir='ltr'><strong>Πί-</strong></span> 
     </span>
     <span class='ocr_line' id='line_1_63' title="bbox 1365 2693 2272 2728; baseline 0 -9"><span class='ocrx_word' id='word_1_739' title='bbox 1365 2694 1456 2724; x_wconf 67' lang='lat' dir='ltr'><strong>utua,</strong></span> <span class='ocrx_word' id='word_1_740' title='bbox 1469 2694 1522 2719; x_wconf 83' lang='lat' dir='ltr'><strong>ub.</strong></span> <span class='ocrx_word' id='word_1_741' title='bbox 1536 2694 1583 2726; x_wconf 74' lang='lat' dir='ltr'><strong>xl,</strong></span> <span class='ocrx_word' id='word_1_742' title='bbox 1604 2699 1618 2726; x_wconf 82' lang='lat'>5</span> <span class='ocrx_word' id='word_1_743' title='bbox 1633 2694 1672 2726; x_wconf 85' lang='lat' dir='ltr'><strong>(p.</strong></span> <span class='ocrx_word' id='word_1_744' title='bbox 1693 2695 1763 2728; x_wconf 80' lang='lat'><strong>243),</strong></span> <span class='ocrx_word' id='word_1_745' title='bbox 1778 2693 1793 2719; x_wconf 84' lang='grc' dir='ltr'>ὲ</span> <span class='ocrx_word' id='word_1_746' title='bbox 1812 2695 1832 2719; x_wconf 86' lang='lat' dir='ltr'><strong>il</strong></span> <span class='ocrx_word' id='word_1_747' title='bbox 1845 2697 1994 2727; x_wconf 74' lang='lat' dir='ltr'><strong>seguentez</strong></span> <span class='ocrx_word' id='word_1_748' title='bbox 2014 2694 2092 2721; x_wconf 82' lang='lat'><strong>⁴¹....</strong></span> <span class='ocrx_word' id='word_1_749' title='bbox 2108 2693 2272 2726; x_wconf 70' lang='lat' dir='ltr'><strong>putrefacto</strong></span> 
     </span>
     <span class='ocr_line' id='line_1_64' title="bbox 1367 2736 2272 2770; baseline 0 -9"><span class='ocrx_word' id='word_1_750' title='bbox 1367 2737 1549 2762; x_wconf 75' lang='lat' dir='ltr'><strong>“introrsum</strong></span> <span class='ocrx_word' id='word_1_751' title='bbox 1575 2737 1694 2770; x_wconf 80' lang='lat' dir='ltr'><strong>pectore</strong></span> <span class='ocrx_word' id='word_1_752' title='bbox 1719 2739 1750 2762; x_wconf 82' lang='lat' dir='ltr'><strong>et</strong></span> <span class='ocrx_word' id='word_1_753' title='bbox 1768 2737 1908 2762; x_wconf 80' lang='lat' dir='ltr'><strong>vitalibus</strong></span> <span class='ocrx_word' id='word_1_754' title='bbox 1933 2736 2087 2768; x_wconf 78' lang='lat' dir='ltr'><strong>dissolutis,</strong></span> <span class='ocrx_word' id='word_1_755' title='bbox 2109 2743 2173 2762; x_wconf 86' lang='lat' dir='ltr'><strong>cum</strong></span> <span class='ocrx_word' id='word_1_756' title='bbox 2199 2736 2272 2762; x_wconf 86' lang='lat' dir='ltr'><strong>ultra</strong></span> 
     </span>
     <span class='ocr_line' id='line_1_65' title="bbox 1367 2779 2275 2806; baseline -0.002 -1"><span class='ocrx_word' id='word_1_757' title='bbox 1367 2779 1539 2805; x_wconf 73' lang='lat' dir='ltr'><strong>“horrorem</strong></span> <span class='ocrx_word' id='word_1_758' title='bbox 1565 2780 1706 2805; x_wconf 75' lang='lat' dir='ltr'><strong>humanae</strong></span> <span class='ocrx_word' id='word_1_759' title='bbox 1725 2779 1855 2806; x_wconf 82' lang='lat' dir='ltr'><strong>miseriae</strong></span> <span class='ocrx_word' id='word_1_760' title='bbox 1881 2780 1971 2804; x_wconf 84' lang='lat' dir='ltr'><strong>etlam</strong></span> <span class='ocrx_word' id='word_1_761' title='bbox 1991 2786 2105 2804; x_wconf 78' lang='lat' dir='ltr'><strong>vermes</strong></span> <span class='ocrx_word' id='word_1_762' title='bbox 2130 2779 2275 2804; x_wconf 70' lang='lat' dir='ltr'><strong>eructaret</strong></span> 
     </span>
     <span class='ocr_line' id='line_1_66' title="bbox 1363 2821 2274 2853; baseline -0.001 -7"><span class='ocrx_word' id='word_1_763' title='bbox 1363 2821 1377 2835; x_wconf 52' lang='grc' dir='ltr'><em>α</em></span> <span class='ocrx_word' id='word_1_764' title='bbox 1391 2829 1481 2853; x_wconf 90' lang='lat' dir='ltr'><strong>neque</strong></span> <span class='ocrx_word' id='word_1_765' title='bbox 1501 2821 1604 2846; x_wconf 80' lang='lat' dir='ltr'><strong>medici</strong></span> <span class='ocrx_word' id='word_1_766' title='bbox 1618 2822 1693 2847; x_wconf 82' lang='lat' dir='ltr'><strong>ultra</strong></span> <span class='ocrx_word' id='word_1_767' title='bbox 1713 2823 1768 2846; x_wconf 85' lang='lat' dir='ltr'><strong>lam</strong></span> <span class='ocrx_word' id='word_1_768' title='bbox 1781 2822 1921 2847; x_wconf 81' lang='lat' dir='ltr'><strong>foetorem</strong></span> <span class='ocrx_word' id='word_1_769' title='bbox 1941 2821 2068 2847; x_wconf 79' lang='lat' dir='ltr'><strong>ferentes</strong></span> <span class='ocrx_word' id='word_1_770' title='bbox 2080 2821 2182 2846; x_wconf 82' lang='lat' dir='ltr'><strong>crebro</strong></span> <span class='ocrx_word' id='word_1_771' title='bbox 2195 2821 2274 2846; x_wconf 79' lang='lat' dir='ltr'><strong>iussu</strong></span> 
     </span>
     <span class='ocr_line' id='line_1_67' title="bbox 1366 2863 1834 2897; baseline 0.004 -9"><span class='ocrx_word' id='word_1_772' title='bbox 1366 2863 1380 2877; x_wconf 79' lang='lat'><em>“</em></span> <span class='ocrx_word' id='word_1_773' title='bbox 1393 2864 1453 2888; x_wconf 85' lang='lat' dir='ltr'><strong>eius</strong></span> <span class='ocrx_word' id='word_1_774' title='bbox 1473 2863 1655 2888; x_wconf 81' lang='lat' dir='ltr'><strong>occideretur</strong></span> <span class='ocrx_word' id='word_1_775' title='bbox 1675 2866 1778 2890; x_wconf 89' lang='lat' dir='ltr'><strong>etc....</strong></span> <span class='ocrx_word' id='word_1_776' title='bbox 1790 2882 1796 2889; x_wconf 94' lang='lat'><strong>.</strong></span> <span class='ocrx_word' id='word_1_777' title='bbox 1811 2882 1834 2897; x_wconf 77' lang='lat'><strong>„-</strong></span> 
     </span>
    </p>

    <p class='ocr_par' dir='ltr' id='par_1_18' title="bbox 1456 2904 2275 2939">
     <span class='ocr_line' id='line_1_68' title="bbox 1456 2904 2275 2939; baseline 0 -9"><span class='ocrx_word' id='word_1_778' title='bbox 1456 2904 1466 2921; x_wconf 92' lang='lat'><em>⁷</em></span> <span class='ocrx_word' id='word_1_779' title='bbox 1487 2906 1626 2937; x_wconf 74' lang='lat' dir='ltr'><strong>onosma,</strong></span> <span class='ocrx_word' id='word_1_780' title='bbox 1646 2906 1707 2937; x_wconf 88' lang='lat' dir='ltr'><strong>VII,</strong></span> <span class='ocrx_word' id='word_1_781' title='bbox 1728 2907 1772 2937; x_wconf 83' lang='lat'><strong>28,</strong></span> <span class='ocrx_word' id='word_1_782' title='bbox 1794 2914 1825 2938; x_wconf 84' lang='lat'><strong>19</strong></span> <span class='ocrx_word' id='word_1_783' title='bbox 1850 2906 1926 2939; x_wconf 75' lang='lat' dir='ltr'><strong>(pag.</strong></span> <span class='ocrx_word' id='word_1_784' title='bbox 1947 2906 2031 2939; x_wconf 81' lang='lat' dir='ltr'><strong>clt.)=</strong></span> <span class='ocrx_word' id='word_1_785' title='bbox 2055 2906 2131 2938; x_wconf 64' lang='lat' dir='ltr'><strong>apud</strong></span> <span class='ocrx_word' id='word_1_786' title='bbox 2150 2905 2275 2934; x_wconf 69' lang='lat' dir='ltr'><strong>cibalas.-</strong></span> 
     </span>
    </p>
   </div>
   <div class='ocr_carea' id='block_1_13' title="bbox 1364 2946 2329 2982">
    <p class='ocr_par' dir='ltr' id='par_1_19' title="bbox 1364 2946 2329 2982">
     <span class='ocr_line' id='line_1_69' title="bbox 1364 2946 2329 2982; baseline 0 -10"><span class='ocrx_word' id='word_1_787' title='bbox 1364 2948 1437 2973; x_wconf 75' lang='lat' dir='ltr'><strong>Hm.</strong></span> <span class='ocrx_word' id='word_1_788' title='bbox 1456 2948 1590 2977; x_wconf 60' lang='lat' dir='ltr'><strong>Marcella,</strong></span> <span class='ocrx_word' id='word_1_789' title='bbox 1609 2948 1657 2978; x_wconf 82' lang='lat' dir='ltr'><strong>XI,</strong></span> <span class='ocrx_word' id='word_1_790' title='bbox 1683 2955 1711 2973; x_wconf 82' lang='lat'><strong>11</strong></span> <span class='ocrx_word' id='word_1_791' title='bbox 1735 2948 1774 2981; x_wconf 86' lang='lat' dir='ltr'><strong>(p.</strong></span> <span class='ocrx_word' id='word_1_792' title='bbox 1794 2947 1857 2982; x_wconf 82' lang='lat'>247)</span> <span class='ocrx_word' id='word_1_793' title='bbox 1880 2949 2039 2982; x_wconf 73' lang='lat' dir='ltr'><strong>aggiungex</strong></span> <span class='ocrx_word' id='word_1_794' title='bbox 2065 2946 2173 2972; x_wconf 77' lang='lat' dir='ltr'><strong>“iuxta</strong></span> <span class='ocrx_word' id='word_1_795' title='bbox 2193 2947 2273 2979; x_wconf 84' lang='lat' dir='ltr'><strong>palu·</strong></span> <span class='ocrx_word' id='word_1_796' title='bbox 2315 2960 2329 2968; x_wconf 54' lang='grc' dir='ltr'><strong>ι·</strong></span> 
     </span>
    </p>
   </div>
   <div class='ocr_carea' id='block_1_14' title="bbox 1365 2988 2276 3058">
    <p class='ocr_par' dir='ltr' id='par_1_20' title="bbox 1365 2988 2276 3058">
     <span class='ocr_line' id='line_1_70' title="bbox 1365 2988 2276 3023; baseline -0.002 -8"><span class='ocrx_word' id='word_1_797' title='bbox 1365 2989 1379 3003; x_wconf 82' lang='lat'><strong>‘¹</strong></span> <span class='ocrx_word' id='word_1_798' title='bbox 1391 2990 1454 3016; x_wconf 87' lang='lat' dir='ltr'><strong>dem</strong></span> <span class='ocrx_word' id='word_1_799' title='bbox 1474 2991 1600 3016; x_wconf 79' lang='lat' dir='ltr'><strong>Hiulcam</strong></span> <span class='ocrx_word' id='word_1_800' title='bbox 1613 2999 1642 3023; x_wconf 66' lang='grc' dir='ltr'><strong>,ς</strong></span> <span class='ocrx_word' id='word_1_801' title='bbox 1663 2991 1891 3017; x_wconf 83' lang='lat' dir='ltr'><strong>evidentemente</strong></span> <span class='ocrx_word' id='word_1_802' title='bbox 1905 2990 1992 3016; x_wconf 72' lang='lat' dir='ltr'><strong>Ktala</strong></span> <span class='ocrx_word' id='word_1_803' title='bbox 2004 2988 2020 3016; x_wconf 70' lang='lat' dir='ltr'><strong>e</strong></span> <span class='ocrx_word' id='word_1_804' title='bbox 2039 2990 2110 3015; x_wconf 72' lang='lat' dir='ltr'><strong>falsa</strong></span> <span class='ocrx_word' id='word_1_805' title='bbox 2128 2989 2234 3014; x_wconf 81' lang='lat' dir='ltr'><strong>lettura</strong></span> <span class='ocrx_word' id='word_1_806' title='bbox 2247 2988 2276 3014; x_wconf 83' lang='lat' dir='ltr'><strong>di</strong></span> 
     </span>
     <span class='ocr_line' id='line_1_71' title="bbox 1367 3032 1502 3058; baseline 0.007 -1"><span class='ocrx_word' id='word_1_807' title='bbox 1367 3032 1502 3058; x_wconf 67' lang='lat' dir='ltr'><strong>arc-accam.</strong></span> 
     </span>
    </p>
   </div>
   <div class='ocr_carea' id='block_1_15' title="bbox 2388 171 2398 543">
    <p class='ocr_par' dir='ltr' id='par_1_21' title="bbox 2388 171 2398 543">
     <span class='ocr_line' id='line_1_72' title="bbox 2395 171 2398 182; baseline 0 0"><span class='ocrx_word' id='word_1_808' title='bbox 2395 171 2398 182; x_wconf 89' lang='lat'>1</span> 
     </span>
     <span class='ocr_line' id='line_1_73' title="bbox 2391 263 2398 292; baseline 0 0"><span class='ocrx_word' id='word_1_809' title='bbox 2391 263 2398 292; x_wconf 63' lang='lat' dir='ltr'><strong>i</strong></span> 
     </span>
     <span class='ocr_line' id='line_1_74' title="bbox 2390 322 2398 387; baseline 0 -41"><span class='ocrx_word' id='word_1_810' title='bbox 2390 322 2398 387; x_wconf 61' lang='grc' dir='ltr'><strong>,ξ</strong></span> 
     </span>
     <span class='ocr_line' id='line_1_75' title="bbox 2388 389 2398 472; baseline 0 0"><span class='ocrx_word' id='word_1_811' title='bbox 2388 389 2398 472; x_wconf 72' lang='grc'><strong>1</strong></span> 
     </span>
     <span class='ocr_line' id='line_1_76' title="bbox 2390 481 2398 509; baseline 0 0"><span class='ocrx_word' id='word_1_812' title='bbox 2390 481 2398 509; x_wconf 65' lang='lat'><em>3</em></span> 
     </span>
     <span class='ocr_line' id='line_1_77' title="bbox 2388 536 2392 543; baseline 0 0"><span class='ocrx_word' id='word_1_813' title='bbox 2388 536 2392 543; x_wconf 90' lang='lat'><strong>.</strong></span> 
     </span>
    </p>
   </div>
   <div class='ocr_carea' id='block_1_16' title="bbox 2301 855 2393 895">
    <p class='ocr_par' dir='ltr' id='par_1_22' title="bbox 2301 855 2393 895">
     <span class='ocr_line' id='line_1_78' title="bbox 2301 855 2393 895; baseline 0 -9"><span class='ocrx_word' id='word_1_814' title='bbox 2301 855 2340 886; x_wconf 88' lang='grc' dir='ltr'><strong>ιο</strong></span> <span class='ocrx_word' id='word_1_815' title='bbox 2378 873 2393 895; x_wconf 56' lang='grc'><strong>,,</strong></span> 
     </span>
    </p>
   </div>
   <div class='ocr_carea' id='block_1_17' title="bbox 2296 508 2398 3470">
    <p class='ocr_par' dir='ltr' id='par_1_23' title="bbox 2296 508 2398 3470">
     <span class='ocr_line' id='line_1_79' title="bbox 2296 508 2398 3470; baseline 0 0"><span class='ocrx_word' id='word_1_816' title='bbox 2296 508 2398 3470; x_wconf 95' lang='lat' dir='ltr'><strong>     </strong></span> 
     </span>
    </p>
   </div>
   <div class='ocr_carea' id='block_1_18' title="bbox 2297 1120 2378 1433">
    <p class='ocr_par' dir='ltr' id='par_1_24' title="bbox 2297 1109 2398 1433">
     <span class='ocr_line' id='line_1_80' title="bbox 2301 1120 2340 1154; baseline 0.021 0"><span class='ocrx_word' id='word_1_817' title='bbox 2301 1120 2340 1154; x_wconf 83' lang='lat'><strong>15</strong></span> 
     </span>
     <span class='ocr_line' id='line_1_81' title="bbox 2297 1375 2378 1433; baseline 0 -13"><span class='ocrx_word' id='word_1_818' title='bbox 2297 1389 2340 1420; x_wconf 87' lang='lat'><strong>20</strong></span> <span class='ocrx_word' id='word_1_819' title='bbox 2366 1375 2378 1433; x_wconf 7' lang='lat' dir='ltr'><strong>&#39;b</strong></span> 
     </span>
    </p>
   </div>
   <div class='ocr_carea' id='block_1_19' title="bbox 2298 1653 2364 1687">
    <p class='ocr_par' dir='ltr' id='par_1_25' title="bbox 2298 1647 2366 1687">
     <span class='ocr_line' id='line_1_82' title="bbox 2298 1653 2364 1687; baseline -0.015 0"><span class='ocrx_word' id='word_1_820' title='bbox 2298 1653 2364 1687; x_wconf 83' lang='lat'><strong>25</strong></span> 
     </span>
    </p>
   </div>
  </div>
 </body>
</html>
