2398 3470
118 252 201 289 [As.
222 253 256 282 C.
272 254 354 283 25⁷2
373 261 402 281 u.
415 261 441 282 e.
455 255 551 290 1010]
897 247 1214 284 CI-mONICON
1927 243 1974 278 09
2014 254 2088 276 Μυι..
2105 258 2138 273 ec.
2154 256 2213 276 70-71

118 379 300 413 litudinem
323 379 490 422 sanguine
521 384 730 413 sanctorum.
777 378 985 412 Valerianus
1017 378 1110 411 illico
1140 376 1264 411 nefarii
1288 382 1408 409 auctor
1439 376 1560 414 edicti,
1585 386 1606 408 a
1629 375 1762 419 Sapore
1794 375 1978 408 Persarum

120 443 204 477 rege
228 438 363 476 captus,
387 433 576 475 imperator
598 432 717 475 populi
740 431 892 465 Romani
914 431 1174 476 ignominiosus,
1196 430 1291 474 apud
1314 429 1436 462 Persas
1458 429 1623 462 seruitute
1649 429 1840 468 consenuit,
1865 437 1907 461 ac
1925 428 1977 460 in-

118 487 222 519 famis
245 485 347 518 officii
372 485 547 526 continua,
572 486 686 519 donec
708 485 805 524 uixit,
828 485 1048 519 damnatione
1071 484 1220 523 sortitus,
1243 489 1280 516 ut
1302 484 1378 526 ipse
1404 482 1552 516 adclinis
1575 483 1669 515 humi
1695 492 1814 526 regem
1846 491 1982 524 semper

119 549 341 572 ascensurum
363 540 401 572 in
424 549 552 583 equum
566 549 638 573 non
651 547 756 572 manu
772 549 844 578 sua,
860 539 924 571 sed
940 540 1045 572 dorso
1061 538 1247 572 attolleret.
1293 536 1339 569 Et
1354 536 1561 578 Ga[l]lienus
1577 536 1716 579 quidem
1739 543 1808 569 tam
1823 536 1982 578 preclaro

0 637 1 641 Ἰ
77 593 95 626 5
119 581 186 626 Dei
209 593 342 638 judicio
366 593 514 632 territus,
544 599 708 636 tanquam
732 593 860 626 misero
890 593 1027 636 college
1059 598 1234 635 permotus
1266 591 1439 633 exemplo,
1468 599 1593 633 pacem
1618 590 1767 622 ecclesie
1803 589 1959 632 tepidam
1976 589 1985 606 ¹

0 643 6 694 ᾗ
119 646 280 679 restitnit.
326 646 399 680 Sed
420 656 493 679 non
516 652 719 689 compensat
740 645 877 689 injurie,
907 646 1118 689 ultionisque
1149 655 1345 678 mensuram
1367 645 1469 676 unius
1490 643 1589 686 impii
1621 644 1778 687 quamuis
1800 647 1981 686 perpetua,

120 705 156 732 et
177 710 283 742 supra
306 699 449 732 modum
473 699 709 733 abominanda
724 699 922 742 captiuitas:
942 705 1064 732 contra
1079 705 1133 732 tot
1155 699 1250 731 milia
1273 698 1475 731 excruciata
1498 702 1707 736 sanctorum,
1722 698 1888 742 justorum
1905 704 1982 728 san—

119 752 196 797 guis
219 753 265 786 ad
288 753 401 785 Deum
425 752 588 792 clamans,
612 752 647 785 in
670 751 793 785 eadem
818 762 854 785 se
878 758 982 792 terra,
1005 752 1064 785 ubi
1081 753 1178 785 fusus
1200 757 1263 791 est,
1286 750 1459 785 uindicari
1480 756 1591 794 rogat.
1638 749 1720 783 Non
1743 750 1835 783 enim
1851 749 1896 783 de
1913 748 1985 781 solo

58 860 98 892 10
123 864 355 899 accusatores,
378 864 603 903 spectatores,
626 869 668 892 ac
697 857 847 903 judices,
878 865 1055 902 postremo
1086 869 1215 899 omnes,
1238 858 1299 902 qui
1322 858 1545 902 injustissime
1573 856 1771 891 crudelitati
1793 857 1851 889 uel
1882 855 1988 888 tacita

121 912 299 946 uoluntate
323 911 606 951 assentiebantur,
632 912 715 956 quia
735 913 830 946 Deus
853 919 1066 946 secretorum
1085 912 1246 956 cognitor
1262 918 1324 950 est,
1349 921 1495 955 quorum
1517 912 1669 944 maxima
1692 920 1756 954 per
1770 919 1892 943 'omnes
1907 918 1989 952 pro-

121 966 256 999 uincias
280 976 361 1008 pars
383 966 560 998 hominum
583 965 799 1004 uersabatur‚
823 966 945 999 eadem
976 966 1117 999 ultionis
1138 966 1245 1009 plaga
1276 965 1406 1008 corripi
1427 963 1555 1008 justum
1579 970 1666 998 erat.
1713 964 1903 997 Soluuntur
1933 972 1987 996 re-

120 1025 226 1062 pente
248 1020 415 1063 undique,
436 1019 618 1062 per'missu
641 1019 718 1058 Dei,
743 1019 789 1052 ad
811 1020 880 1052 hoc
905 1019 1160 1062 circumposita,
1183 1019 1378 1062 relicteque
1401 1024 1535 1062 gentes,
1559 1018 1750 1061 laxatisque
1774 1016 1921 1050 habenis
1953 1016 1988 1047 in

123 1083 243 1106 omnes
266 1073 504 1106 Romanorum
528 1073 614 1105 fines
643 1073 856 1106 inuehuntur
888 1073 1053 1106 Germani
1084 1083 1128 1106 ex
1159 1072 1295 1116 alpibus
1327 1072 1469 1110 Rhefia,
1501 1077 1642 1114 totaque
1667 1071 1767 1104 Italia
1797 1075 1990 1114 penetrata,

22 1167 24 1169 ‚
60 1124 99 1159 15
123 1125 330 1159 Rauennam
353 1136 464 1169 usque
487 1131 730 1170 peruagantes‚
761 1126 867 1159 etiam
889 1126 926 1159 in
949 1126 1084 1159 Italiam
1114 1126 1336 1165 transierunt,
1362 1125 1503 1166 Grecia,
1535 1123 1759 1164 Macedonia,
1790 1123 1932 1163 Pontus,
1957 1129 1991 1155 et

122 1178 209 1212 Asia
238 1179 436 1212 Gothorum
467 1179 696 1213 inundatione
720 1179 868 1213 deletur.
914 1180 1004 1213 Nam
1036 1180 1147 1213 Dacia
1170 1186 1264 1213 trans
1286 1179 1487 1212 Danubium
1517 1179 1554 1211 in
1578 1184 1785 1222 perpetuum
1816 1177 1991 1214 aufertur;

126 1231 255 1272 Quadi,
279 1238 315 1265 et
339 1233 498 1266 Sarmate
522 1232 722 1266 Pannonias
753 1233 1028 1276 depopulantur3
1053 1233 1220 1267 Germani
1249 1233 1433 1266 ulteriores
1457 1232 1580 1265 abrasa
1607 1232 1784 1275 potiuntur
1816 1229 1990 1273 Yspania3

124 1285 246 1319 Parthi
269 1286 555 1329 Mesopotamiam
579 1286 751 1326 auferunt,
769 1286 975 1331 Syriamque
993 1287 1188 1320 conradunt
1201 1285 1225 1320 ¹.
1270 1286 1316 1319 Et
1338 1297 1383 1319 ne
1406 1286 1467 1329 qui
1489 1286 1583 1319 forte
1607 1284 1757 1319 Romani
1773 1285 1932 1327 corporis
1949 1282 1994 1315 ad

125 1339 217 1372 hanc
240 1339 526 1373 dilacerationem
539 1339 552 1358 ⁸
575 1346 736 1379 cessaret,
752 1341 953 1383 conspirant
966 1341 1173 1374 intrinsecus
1188 1341 1338 1385 tyranni,
1356 1345 1567 1384 consurgunt
1582 1339 1676 1372 bella
1692 1338 1820 1378 ciuilia,
1837 1337 1995 1370 funditur

59 1393 102 1426 20
124 1392 255 1436 ubique
278 1393 421 1436 sanguis
436 1393 685 1432 Romanorum,
708 1394 878 1427 Romanis
892 1394 1120 1437 barbarisque
1137 1393 1365 1427 seuientibus:
1383 1392 1446 1426 sed
1469 1393 1539 1426 cito
1554 1393 1607 1425 ira
1622 1393 1688 1425 Dei
1704 1392 1740 1424 in
1756 1391 1995 1424 misericordia

125 1446 274 1479 uertitur
285 1445 308 1479 ⁵.
357 1445 465 1490 Igitur
486 1446 619 1489 primus
642 1446 785 1479 Genuus
809 1447 869 1490 qui
895 1456 1084 1490 purpuram
1105 1446 1243 1490 imperii
1265 1438 1470 1489 sumpserat,
1495 1446 1590 1489 apud
1612 1446 1761 1479 Nitriam
1774 1445 1787 1462 ⁴
1811 1444 1995 1477 occiditur.

124 1498 307 1532 Postumus
330 1499 576 1533 obscurissime
599 1498 722 1532 natus⁶
745 1500 873 1533 inuasit
901 1500 1134 1544 tyrannidem,
1167 1499 1274 1533 multo
1299 1499 1441 1544 quidem
1471 1498 1667 1542 reipublice
1697 1498 1891 1537 commodo,
1915 1506 1995 1529 nam

125 1563 189 1597 per
211 1553 336 1586 decem
359 1564 468 1587 annos
490 1553 624 1597 ingenti
639 1554 768 1587 uirtute
785 1564 826 1587 ac
843 1554 1083 1587 moderatione
1099 1563 1179 1587 usus
1202 1559 1237 1587 et
1260 1552 1480 1588 dominantes
1502 1553 1619 1586 hostes
1642 1552 1776 1596 expulit
1791 1558 1826 1585 et
1843 1551 1996 1595 perditas

34 1637 37 1639 .
125 1607 325 1650 prouincias
347 1607 383 1639 in
406 1607 588 1650 pristinam
613 1607 741 1640 faciem
764 1607 986 1646 reformauit3
1011 1607 1070 1651 qui
1101 1606 1271 1641 seditione
1293 1606 1442 1640 militum
1465 1607 1674 1640 interfectus
1698 1611 1759 1640 est.
1806 1605 1996 1638 Emilianus

12 1669 15 1670 ⁷
40 1661 105 1698 425
129 1660 224 1703 apud
246 1660 475 1704 Maguntiam,
501 1670 580 1693 cum
610 1671 667 1694 res
696 1672 807 1694 nouas
837 1661 1026 1700 moliretur,
1057 1670 1244 1704 oppressus
1274 1667 1336 1694 est.
1382 1660 1467 1693 Post
1482 1681 1483 1684 =
1497 1666 1643 1694 mortem
1674 1660 1842 1694 Postumii
1865 1659 1997 1692 Marius

0 1706 2 1713 ’
32 1711 39 1722 ⁴
125 1712 312 1746 uilissimus
336 1713 456 1755 opifex
478 1713 675 1757 pur'puram
699 1715 855 1757 sumpsit,
879 1720 914 1747 et
937 1714 1094 1747 secunda
1114 1714 1251 1757 imperii
1274 1714 1332 1747 die
1356 1714 1563 1747 interfectus
1586 1720 1638 1747 est
1650 1713 1672 1747 ⁷.
1720 1713 1857 1747 Deinde
1873 1712 1996 1746 Victo-

124 1766 220 1799 rinus
243 1777 263 1799 a
280 1766 398 1809 ,Gallis
420 1767 512 1800 ultro
537 1773 673 1800 creatus
703 1768 757 1800 uir
788 1767 1053 1808 strenuissimus,
1084 1768 1148 1801 sed
1179 1777 1258 1800 cum
1281 1773 1373 1801 esset
1395 1767 1502 1800 nimie
1524 1766 1689 1807 libidinis,
1712 1773 1748 1800 et
1779 1766 1997 1800 matrimonia

127 1819 241 1852 aliena
263 1829 499 1863 corrumpens,
524 1831 545 1853 a
569 1821 773 1854 centenario
797 1821 948 1865 quodam
979 1819 1096 1854 dolum
1120 1821 1355 1860 machinante,
1379 1820 1575 1865 Agrippine
1598 1821 1735 1854 occisus
1765 1825 1828 1860 est,
1859 1819 1996 1863 imperii

3 1907 10 1921 ἦ
46 1911 51 1918 Δ
126 1874 179 1906 8111
201 1883 294 1906 anno
317 1874 508 1907 secundo.
486 1872 498 1891 ⁸
555 1874 646 1908 Huic
670 1874 838 1908 successit
861 1874 1036 1908 Tetricius
1059 1880 1210 1915 senator,
1234 1874 1292 1918 qui
1315 1880 1400 1908 tunc
1430 1873 1654 1918 Aquitaniam
1686 1875 1820 1908 honore
1852 1872 1999 1916 presidis

41 1926 106 1970 ζ30
129 1926 382 1966 administram,
407 1927 533 1960 absens
556 1938 577 1960 a
600 1927 764 1961 militibus
779 1928 969 1971 imperator
986 1934 1125 1962 creatus
1140 1934 1202 1966 est,
1227 1934 1262 1961 et
1283 1928 1378 1971 apud
1394 1927 1616 1972 Burdigalem
1640 1938 1828 1971 purpuram
1843 1927 1999 1970 sumpsit,

37 1978 40 1983 ¹
57 1983 58 1986 ’
126 1980 320 2023 multasque
344 1980 537 2014 seditiones
552 1981 696 2014 militum
713 1981 890 2025 pertulit.
867 1981 880 1999 ⁹
936 1980 985 2015 At
1007 1992 1093 2015 uero
1110 1982 1146 2014 in
1162 1981 1307 2015 Oriente
1326 1992 1391 2025 per
1406 1981 1627 2014 Odenathum
1644 1981 1830 2025 quemdam
1846 1980 1997 2014 collecta

127 2033 255 2077 agresti
278 2044 397 2074 manu,
420 2034 527 2067 Perse
551 2035 636 2068 uicti
660 2041 739 2068 sunt
764 2046 804 2068 ac
827 2035 967 2078 repulsi,
985 2035 1168 2068 defensata
1183 2035 1296 2080 Syria,
1320 2041 1464 2078 recepta
1488 2034 1757 2078 Mesopotamia,
1779 2040 1814 2067 et
1827 2044 1935 2078 usquc
1954 2035 1998 2067 ad

129 2085 358 2149 Ctesifontem
382 2088 550 2120 rusticani
565 2088 667 2133 Syrie
685 2099 762 2122 cum
779 2089 967 2122 Odenatho
983 2099 1045 2122 suo
1060 2088 1236 2151 uincendo
1250 2094 1430 2122 uenerunt.
1455 2088 1663 2151 Ga[l]lienus
1679 2094 1795 2122 autem
1813 2098 1894 2121 cum
1908 2097 1999 2120 rem-

12 2206 25 2242 ζ
39 2184 104 2233 Ῐ.,35
127 2200 179 2228 est
203 2193 344 2237 imperii
366 2194 420 2227 sui
443 2204 535 2228 anno
558 2205 652 2229 nono
666 2194 701 2229 ¹¹.

216 2299 241 2319 2.
259 2293 454 2326 ignominiosa
474 2295 499 2320 C
516 2307 550 2313 -
570 2302 595 2327 3.
608 2294 813 2328 dampnatione
834 2296 859 2322 C
875 2309 887 2314 -
906 2296 1024 2321 acclinis
1043 2296 1069 2320 B
1081 2296 1121 2324 C:
1135 2308 1169 2314 —
1181 2295 1207 2321 6.
1220 2297 1262 2321 set
1274 2295 1302 2320 B
1313 2297 1338 2322 C
1354 2310 1364 2315 -
1383 2296 1560 2328 ulcionisque
1576 2296 1600 2321 C
1618 2310 1650 2314 —
1665 2299 1690 2327 7.
1704 2294 1915 2320 abhominanda
1928 2293 1952 2318 A
1965 2307 1998 2311 —

132 2341 174 2361 10.
193 2337 224 2360 in
241 2335 266 2360 A
287 2343 396 2361 manca.-
415 2336 464 2369 qui
483 2350 517 2356 —-
539 2344 579 2362 11.
599 2337 819 2362 ascentabantur
839 2339 864 2365 C
880 2352 892 2357 -
911 2345 1011 2364 omnes
1024 2339 1049 2364 C
1061 2352 1094 2357 —
1111 2345 1151 2364 12.
1163 2339 1286 2364 ulciunls
1301 2340 1324 2365 C
1338 2353 1368 2357 —
1385 2346 1425 2372 ¹3·
1440 2339 1607 2372 permlssum
1622 2339 1647 2365 C
1663 2351 1674 2357 -
1694 2337 1791 2363 ahenis
1806 2337 1830 2362 C
1843 2351 1875 2354 ——
1899 2344 1938 2369 ¹4·
1958 2338 2000 2360 in-

129 2378 252 2403 ueuntur
269 2378 294 2402 A
299 2387 311 2406 ,·
331 2378 477 2404 inuenitur
499 2380 524 2404 C
539 2392 550 2398 -
570 2378 671 2405 Grecis
688 2380 713 2404 A
723 2379 748 2406 C
754 2381 806 2412 pei·
822 2380 929 2406 Rhetia
949 2393 981 2398 -
1004 2386 1043 2412 15.
1057 2381 1223 2405 Reuennam
1244 2381 1269 2407 C
1286 2394 1297 2400 -
1314 2381 1479 2406 transerunt
1499 2381 1539 2409 C,-
1553 2381 1700 2405 transeunt
1718 2378 1826 2404 Orosius
1844 2393 1855 2398 -
1872 2378 2002 2404 Madoce-

131 2419 218 2445 donia
237 2419 294 2451 (sic)
313 2420 338 2444 A
360 2433 391 2438 —·
414 2419 454 2445 16.
471 2421 601 2447 delentur
617 2421 677 2446 AB
697 2435 729 2439 —
751 2427 792 2454 17.
813 2421 906 2448 Guadl
923 2423 949 2447 A
967 2435 979 2441 -
999 2424 1152 2456 pocluntur
1173 2423 1197 2448 C
1213 2436 1225 2442 -
1244 2423 1385 2456 Hispanla
1405 2423 1449 2451 B,-
1468 2423 1616 2456 Hyspania
1638 2423 1662 2448 C
1674 2436 1704 2440 —-
1729 2422 1771 2448 18.
1789 2422 1911 2447 Romam
1933 2420 1956 2445 C
1968 2433 2001 2437 —

34 2457 50 2484 .’
75 2462 77 2465 “
135 2459 224 2494 18-19.
243 2462 279 2487 ab
298 2462 351 2487 hac
369 2460 575 2488 dilaceratione
594 2464 638 2492 B,·
657 2465 692 2489 ab
711 2465 784 2490 hanc
803 2463 1035 2490 dilacerationem
1046 2464 1105 2497 (sic)
1121 2466 1145 2491 C
1162 2479 1195 2484 —
1216 2472 1258 2491 20.
1277 2466 1473 2490 misericordia
1496 2465 1520 2490 C
1532 2478 1563 2483 —-
1580 2471 1622 2489 21.
1638 2464 1781 2497 Eugenius
1793 2463 1818 2488 A
1839 2476 1872 2482 —
1893 2469 1935 2488 22.
1947 2463 2002 2488 Ρο-

27 2514 35 2526 e
59 2530 78 2542 „v
131 2502 260 2528 sthumus
278 2504 306 2528 B
323 2517 336 2523 -
354 2506 459 2538 quippe
480 2506 505 2531 C
523 2519 556 2524 —
576 2513 618 2538 ²4·
631 2506 775 2532 sedicione
790 2507 815 2533 C
831 2520 864 2525 —
885 2511 928 2537 ²5·
942 2507 1126 2540 Magunciam
1145 2508 1183 2537 A,
1200 2509 1226 2533 si
1242 2509 1301 2533 noti
1317 2507 1363 2532 che
1381 2509 1394 2532 i
1410 2507 1495 2532 codici
1511 2508 1629 2532 orosium·
1646 2507 1770 2539 leggono:
1790 2506 1969 2538 Mogontiam
1990 2518 2000 2523 -

28 2575 37 2584 ,Ἴ
53 2580 55 2583 .
71 2575 74 2578 ,
99 2579 103 2585 ⁸
133 2544 292 2571 Posthumii
312 2547 338 2570 B
358 2560 390 2565 ——
411 2547 453 2572 26.
473 2548 644 2574 utilissimus
663 2549 690 2573 B
707 2550 794 2574 invect
813 2550 958 2575 alissimus
978 2563 1011 2568 —
1032 2549 1075 2576 28.
1087 2551 1284 2584 cornimperat
1300 2551 1324 2576 C
1341 2563 1374 2568 -·
1394 2557 1437 2583 30·
1451 2550 1556 2575 electus
1577 2550 1601 2575 C
1617 2556 1685 2574 come
1706 2549 1736 2573 in
1757 2549 1934 2578 Eunomus,
1954 2547 2002 2578 1x,

27 2595 33 2612 ι
59 2610 81 2629 ,ἦ
135 2593 168 2612 ro
188 2601 219 2606 —
240 2594 283 2621 31.
303 2588 464 2615 sedlelones
482 2590 544 2616 BC
562 2603 573 2608 -
594 2590 775 2616 Odenachum
796 2591 935 2625 quendam
958 2593 982 2618 C
999 2605 1032 2610 —
1053 2598 1096 2624 33.
1116 2592 1172 2617 Iesi
1190 2591 1298 2618 fontem
1317 2593 1344 2617 B

217 2657 225 2675 ¹
246 2659 383 2690 onosma,
402 2661 456 2686 che
474 2669 492 2686 a
511 2661 548 2686 fin
568 2663 618 2696 qui
630 2663 714 2695 copia
733 2663 943 2689 letteralmente
959 2662 1033 2696 (VII,
1090 2664 1273 2695 Eunomus,
1291 2664 1339 2695 IX,
1359 2671 1376 2695 9
1394 2663 1434 2697 (p.
1458 2664 1528 2695 154).

34 2693 53 2729 2,
65 2703 97 2718 ⁵⁴¹
129 2706 184 2733 3·s‚
203 2709 250 2735 1³1³·
270 2701 415 2734 260-261);
434 2704 541 2736 trepida
559 2704 764 2735 satisfactione.
1184 2704 1193 2718 ⁷
1211 2707 1311 2732 Anche
1331 2708 1428 2740 questo
1449 2706 1566 2740 periodo
1585 2704 1600 2731 ὲ
1619 2706 1794 2738 interpolato
1819 2712 1833 2730 e
1855 2705 1944 2729 tratto
1965 2703 1999 2728 da
2031 2706 2065 2724 ²0

46 2777 48 2783 Ι
72 2770 81 2785 ss
218 2741 229 2759 ²
249 2744 386 2777 08081118,
414 2746 476 2778 vn,
502 2753 546 2777 22,
572 2752 616 2779 3-7
642 2747 762 2781 (pagine
786 2748 888 2781 citate)
912 2748 1034 2774 letteral-
1091 2750 1271 2780 Eunomus,
1290 2749 1345 2775 loc.
1363 2750 1427 2775 εἰμι
1448 2750 1515 2783 post
1532 2755 1595 2774 eum
1618 2747 1726 2772 Marius
1744 2747 1891 2772 vilissimus·
1911 2745 2002 2779 opifex

42 2809 44 2812 -
60 2783 76 2818 ’ζ
130 2787 237 2816 1119Ωωῖ
257 2793 275 2811 R
296 2786 364 2819 per&
383 2789 490 2814 omette
509 2790 586 2814 tutto
607 2789 625 2813 il
645 2789 659 2822 ξ
678 2790 695 2816 8
713 2797 729 2815 e
748 2797 832 2823 segue
850 2790 898 2815 col
917 2790 932 2824 5
951 2797 976 2822 9.
1087 2794 1243 2823 ,purpuram
1261 2791 1372 2825 accepst
1390 2794 1416 2816 et
1434 2790 1558 2816 secundo
1577 2790 1621 2813 die
1639 2788 1796 2819 Inter-fectus
1814 2791 1858 2813 est.

51 2824 56 2831 ’
73 2826 75 2830 ’
217 2825 229 2843 ³
250 2828 390 2860 Onosms,
411 2829 472 2861 VH,
495 2837 537 2862 22,
557 2839 588 2861 92
607 2832 640 2855 ab
654 2831 703 2856 hac
715 2831 904 2857 duacerattm
915 2836 1032 2859 cessaret.
1181 2831 1193 2850 ⁸
1212 2834 1393 2863 Etr-monus,
1407 2833 1461 2858 loc.
1475 2834 1525 2857 cit.
1539 2832 1569 2856 dl
1583 2832 1629 2856 cui
1641 2832 1666 2856 R
1675 2830 1752 2856 muto
1766 2832 1791 2855 la
1805 2831 1898 2864 prima
1910 2831 2000 2855 frasez

218 2868 227 2885 ⁴
245 2877 265 2895 κ
284 2872 407 2897 omette:
433 2875 459 2897 et
476 2875 578 2905 coeptae
602 2873 714 2899 amends
737 2874 823 2899 maior
841 2874 935 2905 foma
953 2882 1035 2908 quam
1097 2875 1249 2900 Victor-Inus
1261 2878 1352 2908 postea
1379 2874 1535 2899 Galliarum
1559 2874 1659 2905 accepit
1679 2873 1900 2905 {mpen‘um....,
1918 2878 1999 2897 come

41 2913 77 2936 f
94 2933 96 2935 ,
125 2912 210 2943 poem
227 2913 258 2937 {n
277 2921 401 2939 nemra
415 2915 598 2947 plenitudinis
616 2919 766 2949 reputatur.
1092 2917 1122 2942 in
1145 2917 1283 2946 Onosnrs,
1301 2918 1355 2943 loc.
1373 2917 1432 2948 cit.‚
1454 2916 1469 2950 ξ
1490 2923 1531 2941 11.

217 2952 229 2970 ⁵
249 2954 401 2988 Correggiae
419 2956 554 2989 Myr-sant,
566 2965 648 2984 come
660 2959 690 2984 ln
704 2959 844 2990 ansms,
858 2959 920 2991 vn,
935 2966 978 2992 22,
994 2967 1034 2993 ro,
1182 2956 1193 2974 ⁹
1212 2960 1398 2990 Eua-nornis,
1418 2958 1467 2990 lx,
1491 2965 1532 2990 1ο,
1554 2966 1581 2992 p.
1603 2964 1661 2990 ¹54-

15 3017 17 3033 a
43 2999 59 3030 ·“;
77 3015 87 3022 -.
132 3001 160 3028 1²·
180 2994 242 3022 ²⁶²·
459 3029 463 3034 ,
1171 2999 1193 3017 ¹⁰
1212 3001 1353 3032 ansrus,
1374 2999 1437 3033 VH,
1457 3007 1500 3032 22,
1524 3008 1554 3026 12
1573 3008 1589 3026 e
1610 3006 1649 3032 ¹3·

73 3040 85 3050 ‘v
217 3033 230 3051 ⁸
253 3035 440 3063 obsmmme
458 3042 538 3064 mae
559 3038 574 3065 δ
599 3041 827 3075 interpoliatone
852 3041 980 3069 derivata
999 3043 1035 3068 da
1171 3040 1193 3059 ¹¹
1212 3043 1391 3074 Eunomus,
1411 3042 1461 3074 1x,
1483 3050 1512 3068 11
1535 3043 1572 3076 (p.
1596 3041 1666 3074 156).

2038 1031 2059 1046 c.
2074 1030 2123 1050 96⁰

2049 1727 2071 1743 c.
2084 1721 2129 1746 94⁶
