2398 3470
168 228 244 254 Mus„
259 234 292 251 cc.
310 234 395 254 192-193
407 218 483 254 230

249 465 257 479 1
263 465 300 484 ¹⁴9

253 518 302 537 apr.

252 572 304 586 nov.

226 946 245 960 c.
261 940 322 960 πιθα

345 1697 377 1715 10

345 1911 374 1938 ις

342 2123 377 2141 20

342 2336 374 2363 ²5

341 2549 376 2574 30

342 2762 374 2789 35

341 2972 376 2997 40

1175 215 1489 253 CHRONICON
2034 223 2086 258 [Α.
2105 223 2140 252 c.
2160 224 2255 259 1140]

405 341 549 385 propria
571 339 741 373 remeauit
756 339 775 372 ¹.
823 338 937 377 Quem
961 350 1023 371 rex
1046 338 1247 383 Roggerius
1269 338 1352 371 satis
1375 337 1525 371 officiose
1549 340 1704 382 suscepit
1715 338 1739 379 ⁸,
1763 339 1977 383 equitaturas
1990 341 2115 375 multas
2131 347 2167 375 et
2181 352 2256 374 mu-

406 405 491 427 nera
514 393 662 436 plurima
686 392 843 431 contulit,
867 397 902 424 et
933 402 1011 424 eum
1040 401 1106 434 per
1135 397 1261 424 terram
1292 402 1389 424 suam
1419 392 1612 425 honorifice
1644 392 1798 438 conduci
1827 393 1997 437 precepit.
2042 394 2140 438 Papa
2169 404 2255 428 uero

406 447 582 491 Eugenius
605 451 787 489 postquam
802 446 838 477 in
855 445 1004 478 Francia
1027 445 1276 488 aliquantulum
1300 451 1352 478 est
1375 444 1584 488 demoratus,
1607 445 1761 478 Ytaliam
1784 452 1947 489 repetens
1969 447 2062 490 apud
2084 447 2257 481 Tuscula-

406 512 487 533 num
510 510 547 532 se
571 499 714 541 recepit,
739 504 774 531 et
798 504 1013 543 congregata
1035 498 1168 537 militia,
1190 498 1370 532 Romanos
1393 497 1460 531 sibi
1474 498 1717 531 inobedientes
1732 498 1828 531 iussit
1844 499 2082 544 constringere
2097 507 2133 534 et
2147 511 2258 544 expu-

410 564 515 598 gnare
528 552 551 585 ⁸.
598 552 678 585 Rex
701 558 816 585 autem
840 552 1050 596 Roggerius,
1073 552 1214 596 cognito
1237 551 1389 595 predicti
1410 562 1503 595 pape
1526 552 1690 592 aduentu,
1713 552 1849 596 legatos
1871 563 1952 586 suos
1973 553 2020 586 ad
2045 563 2123 588 eum
2153 554 2256 595 misit,

406 613 440 640 et
462 613 596 649 partem
619 605 767 638 militum
790 616 929 639 suorum
951 606 998 639 ad
1020 606 1093 638 eius
1122 605 1302 639 seruitium
1332 605 1521 649 delegauit.
1567 605 1657 639 Cum
1686 612 1800 638 autem
1829 606 2011 649 predictus
2039 617 2132 651 papa
2160 608 2256 652 apud

405 659 643 693 Tusculanum
665 666 870 699 moraretur,
893 670 958 692 rex
981 659 1129 693 Francie
1153 659 1198 692 ab
1221 659 1430 692 ierosolimis
1452 659 1592 692 rediens
1616 658 1662 692 ad
1686 669 1765 692 eum
1780 659 1877 692 uenit
1887 659 1912 693 ⁴.
1958 658 2031 698 Qui
2045 671 2179 695 memor
2194 661 2255 696 be-

406 713 523 747 neficii
547 719 581 746 et
604 713 747 746 honoris
769 713 835 746 sibi
858 713 895 745 in
919 711 1070 745 Francia
1093 712 1137 745 ab
1162 712 1220 746 illo
1245 712 1374 751 collati,
1397 723 1475 745 eum
1499 719 1602 755 prout
1625 713 1744 745 decuit
1766 723 1846 746 cum
1868 713 2064 748 reuerentia
2078 725 2204 759 magna
2220 720 2257 748 et

403 768 537 800 honore
559 766 722 809 suscepit,
745 765 839 799 dona
861 766 968 799 multa
989 766 1124 809 optulit,
1148 772 1183 799 et
1205 766 1240 798 in
1263 777 1352 810 pace
1375 756 1420 799 ad
1435 766 1579 810 propria
1592 766 1708 799 redire
1723 765 1888 809 permisit.
1933 766 2014 800 Rex
2027 774 2142 801 autem
2157 767 2256 813 Rog-

404 821 520 866 gerius
543 819 829 863 archiepiscopos
853 826 888 853 et
905 820 1093 863 >episcopos
1117 826 1209 853 terre
1233 830 1295 853 sue
1318 820 1416 853 iussit
1443 819 1643 853 consecrari
1672 830 1693 852 a
1723 830 1816 863 papa
1845 819 2022 865 Eugenio;
2053 821 2258 865 frequenter

403 876 538 918 legatos
562 874 607 906 ad
630 884 709 906 eum
733 874 778 906 de
801 884 890 916 pace
914 874 1158 917 componenda
1181 873 1381 913 transmisit,
1405 874 1468 906 sed
1498 874 1687 916 impetrare
1718 883 1789 907 non
1819 874 1944 917 potuit.
1991 874 2064 908 Sed
2095 874 2189 918 quia,
2218 881 2257 909 ut

405 928 453 961 ait
476 927 658 970 scriptura,
681 938 778 971 quem
801 927 925 971 diligit
946 926 1137 966 Dominus,'
1155 927 1305 971 corripit
1319 932 1353 959 et
1355 927 1525 972 flagellat
1539 937 1668 959 omnem
1681 927 1790 968 filium
1805 938 1903 970 quem
1918 928 2057 972 recipit,
2072 933 2257 972 postquam

403 983 499 1014 Deus
522 980 744 1023 omnipotens
766 990 886 1025 regem
910 980 1130 1025 Roggerium
1153 980 1270 1013 multis
1291 980 1468 1024 prosperis
1490 980 1706 1013 successibus
1730 980 1853 1013 extulit
1876 987 1912 1014 et
1926 982 2103 1020 exultauit,
2119 992 2164 1015 ne
2179 991 2258 1016 suc-

405 1034 566 1068 cedentia
589 1044 758 1077 prospera
781 1034 932 1066 animum
957 1035 1031 1067 eius
1053 1034 1132 1076 plus
1154 1034 1243 1067 iusto
1267 1034 1475 1066 extollerent
1498 1039 1534 1067 et
1556 1034 1592 1066 in
1616 1033 1814 1077 superbiam
1842 1033 2030 1074 eleuarent‚
2062 1045 2141 1068 eum
2171 1045 2258 1079 qua-

405 1088 561 1121 rumdam
584 1087 833 1120 aduersitatum
856 1086 1003 1131 flagellis
1024 1092 1172 1129 paterna
1198 1087 1419 1120 miseratione
1452 1086 1629 1130 corripuit.
1675 1086 1766 1119 Nam
1797 1087 1910 1130 primo
1940 1086 2086 1121 Albidia
2114 1087 2258 1123 illustris

404 1142 527 1186 regina
548 1151 636 1174 uxor
659 1141 744 1183 eius,
768 1151 811 1174 ex
835 1150 903 1183 qua
925 1147 977 1173 tot
999 1140 1088 1173 filios
1111 1140 1289 1178 habuerat,
1312 1146 1448 1174 mortua
1469 1146 1532 1181 est,
1556 1146 1591 1173 et
1613 1140 1684 1173 filia
1708 1141 1780 1174 eius
1793 1139 1815 1174 ⁸.
1861 1140 1947 1174 Post
1961 1141 2030 1174 hec
2045 1141 2258 1176 Tarentinus

496 1262 518 1279 1.
537 1253 680 1287 Roget-lus
699 1251 735 1279 A¹
753 1261 767 1277 e
789 1253 830 1282 C,-
848 1254 940 1278 Arndt
956 1256 1012 1278 tace
1029 1254 1153 1278 van'anee
1171 1253 1195 1277 Α
1214 1258 1227 1278 e
1245 1253 1271 1277 B
1290 1267 1320 1271 —
1336 1260 1361 1278 2.
1374 1253 1500 1278 contulit
1519 1254 1643 1286 plurima
1662 1251 1700 1278 Α2
1717 1267 1725 1272 -

1921 1224 1932 1238 0

1743 1255 1834 1278 scritto
1852 1254 1955 1280 aealtra
1973 1262 2051 1280 mano
2067 1262 2100 1279 su
2117 1261 2216 1280 rasum
2237 1255 2262 1280 0

404 1311 436 1315 -
452 1304 476 1330 3.
496 1297 611 1321 Italiam
629 1295 668 1320 A!
686 1296 712 1320 B
730 1304 743 1320 e
766 1295 789 1320 C
806 1309 839 1314 —
858 1304 882 1328 4.
903 1296 1013 1320 milicia
1036 1295 1059 1320 C
1074 1296 1109 1320 ed
1124 1295 1217 1320 Arndt
1234 1309 1267 1313 —
1286 1295 1311 1320 6.
1331 1296 1485 1320 servicium
1506 1296 1529 1321 C
1545 1296 1579 1320 ed
1594 1295 1700 1326 Arndt;
1720 1297 1748 1321 ei
1766 1297 1947 1322 serviendum
1965 1297 1992 1321 B
2008 1305 2023 1321 e
2041 1297 2119 1322 Sasu
2136 1310 2148 1317 -
2161 1295 2257 1327 Quum

403 1340 429 1363 B
446 1347 460 1364 e
478 1340 555 1364 Sasso
575 1352 607 1357 -
628 1344 653 1371 7.
672 1339 873 1364 Hierosolimis
893 1339 935 1368 B;
955 1338 1132 1363 Ierusolimis
1153 1339 1177 1363 C
1192 1345 1206 1361 e
1224 1338 1316 1363 Arndt
1335 1351 1367 1356 —
1381 1336 1407 1362 8.
1420 1339 1584 1363 reverencia
1605 1338 1629 1362 C
1644 1346 1658 1362 e
1675 1338 1768 1364 Arndt
1790 1351 1819 1357 ——
1841 1345 1882 1364 ιο.
1900 1347 1917 1364 a
1936 1346 2011 1372 papa
2029 1339 2158 1372 EugenIo
2170 1340 2257 1366 iuuit

404 1383 565 1407 consecrari
583 1383 610 1406 B
627 1390 641 1406 e
661 1382 737 1407 Sasso
756 1395 789 1399 —
812 1388 851 1406 12.
871 1382 994 1414 corrigit
1011 1381 1037 1404 B
1054 1389 1068 1405 e
1080 1380 1157 1405 Sauo
1171 1394 1203 1399 —
1220 1387 1259 1412 13.
1273 1388 1321 1405 rex
1335 1380 1479 1413 Rogerius
1496 1380 1621 1406 CArndt
1637 1388 1780 1414 comgge:
1801 1388 1893 1415 regem
1906 1381 2062 1415 Rogerlum
2082 1395 2091 1402 ·
2110 1384 2259 1418 prosporls

408 1426 432 1450 C
447 1429 510 1449 nota
529 1425 620 1449 Arndt
638 1437 671 1442 —
695 1431 734 1457 15·
753 1423 875 1457 Albyria
894 1423 921 1447 B
938 1431 951 1447 e
972 1423 1049 1448 Sasso

493 1520 501 1538 ¹
521 1522 619 1546 Eodem
637 1524 753 1554 tempore
771 1521 903 1554 Rogerius
921 1522 1012 1546 ducem
1030 1529 1090 1546 cum
1114 1523 1232 1547 exercltu
1256 1521 1309 1546 LX

400 1565 546 1598 galearum
564 1565 596 1588 de
614 1564 710 1589 Sicilia
729 1565 848 1593 mittens,
867 1564 1029 1589 ludovicum
1046 1571 1134 1596 regem
1146 1564 1277 1589 Franclae
1289 1572 1306 1588 a

398 1608 530 1640 Palatina
548 1608 718 1640 navigantem
736 1614 768 1632 ae
784 1615 801 1631 a
819 1608 932 1632 navibus
955 1608 1101 1633 Grecorum
1123 1611 1231 1639 captum
1251 1608 1303 1631 eri-

399 1652 471 1683 puit,
492 1651 583 1675 scrive
608 1651 736 1675 Amnum
760 1650 916 1679 ΒΑΝοοιο,
938 1650 1085 1674 Chrontcon
1117 1650 1253 1679 Venetnmt,
1272 1650 1302 1675 in

403 1693 575 1726 Muxsi-oxu,
603 1695 668 1719 ΕΗ.
693 1693 730 1718 II.
755 1693 820 1722 SS..
846 1692 907 1725 XII,
934 1692 996 1726 382.
1021 1692 1173 1718 Ludovico
1195 1693 1256 1725 vn,
1275 1693 1325 1730 di·

404 1737 518 1761 ritorno
538 1736 614 1761 dalle
633 1735 777 1767 Crociate,
796 1735 895 1761 arrivb
922 1737 951 1760 in
978 1735 1114 1761 Calabria
1138 1737 1212 1762 suile
1237 1731 1324 1762 noxi⁴

405 1779 582 1809 Normanne‚
601 1778 698 1803 reduci
719 1779 797 1803 dalla
816 1778 959 1811 battaglia
980 1779 1083 1803 navale
1102 1779 1131 1803 di
1155 1776 1256 1808 Coi-fii,
1285 1779 1306 1803 il

404 1829 438 1854 ²9
457 1821 551 1854 lugllo
572 1828 649 1854 1149·
686 1820 719 1845 In
741 1821 881 1845 Calabriae
895 1821 1022 1853 partibus
1038 1822 1182 1846 secundum
1201 1823 1307 1854 disposi-

402 1864 499 1888 tionem
518 1864 638 1888 divinam
653 1865 761 1895 primus
778 1863 882 1887 reditui
897 1864 985 1887 nostri
1001 1863 1164 1888 desideratae
1180 1864 1305 1888 securita-

402 1907 438 1930 eis
451 1908 546 1937 portus
564 1906 682 1930 occurrit
698 1905 928 1937 applicuimusque
946 1905 992 1930 IV
1003 1905 1056 1930 kal.
1080 1907 1197 1938 aug-usti.
1234 1905 1305 1931 Pm-

403 1956 484 1980 quam
502 1949 532 1972 1'n
554 1947 694 1972 Calabriae
708 1948 834 1980 partibus
851 1947 1042 1980 appllculmus.
1065 1949 1153 1973 tribus
1170 1949 1305 1973 hebdom-

403 1990 481 2014 dibus
495 1990 633 2022 plenariae
651 1991 770 2023 reginae,
787 1996 854 2021 quaa
870 1990 987 2014 nondum
999 1990 1177 2022 applicuerat,
1189 1994 1305 2023 expecta-

402 2034 497 2058 vimus.
534 2032 596 2065 Ipsa
614 2040 717 2064 quoque
733 2033 771 2057 ad
787 2039 835 2057 nos
851 2032 971 2057 veniente
986 2035 1037 2064 per
1054 2039 1142 2065 regem
1161 2033 1307 2065 Rogerium

402 2075 503 2107 Apulia
520 2076 572 2099 lter
591 2075 748 2106 dt'rexr‘mus,
760 2075 811 2106 qul
821 2082 867 2099 nos
878 2082 965 2100 seeum
977 2075 1064 2099 tribus
1075 2075 1168 2099 diebus
1179 2076 1304 2105 retinam

404 2118 439 2142 cs.
459 2117 572 2142 Lettere
592 2118 622 2142 di
641 2117 792 2142 Ludovico
811 2124 828 2142 a
846 2117 954 2149 Sugger
968 2118 999 2141 in
1012 2117 1183 2147 Ducimsna,
1205 2118 1304 2144 Hmor.

402 2159 566 2184 Francorum
583 2159 694 2191 Script„
711 2158 760 2189 IV,
781 2165 840 2191 524,
861 2167 888 2184 n.
906 2166 941 2192 94
960 2167 974 2183 e
994 2166 1044 2192 5²5
1065 2167 1092 2184 n.
1110 2159 1153 2193 96.

492 2199 504 2217 ²
523 2201 702 2235 Nell’agosto
722 2203 856 2234 seguente
882 2202 1028 2234 Ruggiero
1054 2201 1083 2226 10
1109 2202 1249 2227 ricevette
1275 2204 1303 2227 in

403 2245 542 2270 Potenza:
560 2243 709 2268 ludovicus
726 2251 776 2268 rex
792 2251 809 2267 a
826 2244 950 2275 partibus
964 2244 1207 2268 Ht‘erosolimitam's
1218 2252 1304 2269 rever-

402 2294 448 2311 sus
465 2289 490 2311 et
507 2294 524 2310 a
543 2287 616 2318 Rege
635 2285 750 2318 Rogerlo
768 2286 843 2318 apud
858 2285 1005 2310 Potentiam
1024 2293 1083 2310 cum
1102 2286 1197 2310 honore
1220 2294 1304 2311 mce-

399 2331 476 2362 ptun
495 2329 568 2353 Arm.
592 2328 690 2359 Castu„
709 2328 747 2353 M.
772 2328 806 2353 G.
825 2328 861 2353 H.
883 2327 946 2357 SS..
966 2328 1024 2359 cit.‚
1042 2335 1103 2360 310.

491 2371 503 2388 ³
521 2372 652 2404 Eugenio
672 2372 720 2403 111,
741 2372 768 2397 al
788 2372 884 2397 secolo
905 2371 1049 2397 Bernardo
1070 2372 1098 2397 dl
1119 2372 1197 2403 Pisa,
1209 2379 1303 2397 succe-

404 2417 481 2440 dette
500 2424 515 2440 a
534 2415 625 2440 Lucio
645 2415 671 2440 11
691 2417 784 2440 morto
803 2415 826 2439 ll
848 2420 887 2447 15,
909 2415 943 2444 11,
966 2421 1041 2448 1¹45,
1062 2415 1149 2447 Boso,
1175 2415 1235 2440 Vita
1247 2415 1304 2440 Eu-

400 2458 479 2490 gent'!
495 2457 550 2486 Ill,
570 2458 600 2482 in
619 2456 699 2481 liber
716 2456 891 2491 PontIficalis,
907 2457 943 2486 H,
963 2456 1023 2489 386.
1061 2457 1108 2482 Cf.
1123 2457 1302 2490 ,μνῆ-Βοκ-

403 2506 555 2531 WENFELD,
577 2501 643 2532 Reg.
663 2507 832 2524 romanorum
851 2499 1021 2532 Pontificum,
1041 2508 1067 2524 n.
1087 2498 1158 2524 8808
1176 2507 1193 2524 a
1205 2499 1276 2532 8814
1289 2508 1302 2524 e

404 2542 482 2575 8835,
502 2542 572 2576 8849
591 2551 605 2567 e
625 2542 702 2575 8923.
739 2542 826 2567 Dslla
845 2542 974 2571 Francia,
994 2543 1068 2567 dove
1095 2543 1165 2567 s’era
1185 2544 1302 2568 avviato

404 2585 450 2610 nel
470 2585 617 2617 principio
637 2584 682 2609 del
706 2589 782 2616 1147,
801 2583 887 2608 torno
907 2592 922 2609 a
941 2585 1061 2609 viterbo
1081 2584 1157 2609 nella
1176 2584 1231 2609 fine
1244 2585 1302 2609 del-

402 2627 502 2651 l'unno
522 2628 667 2660 seguente:
689 2625 734 2651 Cf.
753 2626 886 2656 wisan),
904 2626 1055 2659 Epistulae,
1074 2627 1117 2651 ed.
1133 2625 1233 2659 Jimvs,
1245 2629 1301 2657 cit.‚

402 2668 426 2700 1,
446 2668 506 2701 264,
527 2677 554 2695 n.
578 2674 635 2701 159.

492 2709 505 2725 ⁴
525 2711 711 2742 Banmmam,
734 2710 847 2735 Kar-rad
863 2710 915 2741 III,
937 2711 967 2735 in
989 2710 1214 2743 Jahrbficher
1240 2711 1302 2736 der

404 2753 606 2778 deutschen
644 2753 880 2785 Geschichte,
916 2752 1044 2787 Leipzig,
1076 2753 1152 2786 1883.
1178 2753 1214 2782 11,
1240 2753 1302 2783 811,

404 2803 430 2820 n.
450 2803 494 2828 39,
513 2796 624 2821 calcola
643 2796 693 2821 che
713 2796 862 2821 Ludovico
881 2796 934 2821 VII
953 2796 1023 2820 sissi
1043 2797 1210 2821 incontrato
1223 2803 1240 2821 a
1252 2796 1301 2820 Ti-

403 2838 465 2862 voli
486 2845 541 2862 con
560 2838 691 2871 Eugenio
710 2838 750 2863 111
770 2839 791 2863 il
812 2846 829 2870 9
841 2845 856 2863 e
878 2845 912 2863 10
925 2839 1040 2864 ottobre
1057 2845 1133 2872 1149.
1170 2838 1301 2864 Secondo

403 2880 431 2905 la
451 2880 522 2905 Hist.
543 2880 647 2912 Pontff.
669 2882 698 2905 in
718 2881 759 2906 M
783 2882 814 2905 G.
837 2882 873 2906 H.
896 2881 962 2910 SS..
987 2880 1047 2911 XX,
1073 2880 1133 2913 536,
1159 2888 1226 2914 pare
1251 2881 1302 2906 che

404 2922 553 2956 Ruggiero
567 2923 597 2947 lo
610 2923 696 2948 abbia
711 2925 935 2957 accompagnato
947 2923 1004 2948 fino
1018 2930 1035 2948 a
1048 2921 1192 2956 Ceprano.
1223 2922 1301 2948 L’in-

402 2966 535 2990 tervento
555 2965 583 2989 di
605 2967 706 2997 questo
725 2973 754 2991 re
774 2965 860 2998 porto
880 2966 906 2990 al
928 2965 1104 2991 concordato
1130 2966 1158 2990 di
1186 2967 1302 2998 quattro

402 3008 470 3031 anni
492 3007 536 3031 fra
556 3007 685 3040 Eugenio
706 3007 744 3032 III
763 3016 777 3032 e
797 3007 941 3042 Ruggiero
961 3007 1000 3033 11:
1023 3008 1196 3034 Concordiam
1214 3010 1302 3033 autem

1359 1523 1431 1547 Inter
1450 1522 1574 1548 Slculum
1591 1525 1617 1548 ee
1629 1525 1730 1556 papam
1748 1523 1902 1549 huiusmodi
1917 1530 1969 1549 esse
1993 1525 2147 1557 aceepdmsn.
2183 1524 2259 1557 Papa

1358 1565 1482 1590 concessit
1498 1564 1590 1589 Stculo
1606 1565 1711 1597 virgam
1728 1567 1755 1589 et
1771 1564 1892 1598 anulum,
1912 1562 2083 1591 aalmaam
2094 1568 2121 1591 et
2137 1567 2258 1596 aaron.

1358 1609 1438 1638 atque
1455 1607 1580 1631 sandalia
1597 1610 1624 1632 et
1641 1615 1673 1632 ne
1690 1607 1777 1632 auum
1788 1610 1879 1633 mt'ttat
1896 1609 1927 1633 tn
1939 1611 2042 1634 terram
2053 1616 2130 1634 suain
2141 1609 2259 1642 legatam

1358 1650 1414 1674 nisi
1428 1656 1506 1681 quem
1524 1649 1635 1675 Siculus
1648 1651 1771 1682 petierit,
1788 1653 1815 1675 ee
1834 1651 1943 1676 Sicula:
1960 1651 2034 1676 deda
2050 1652 2078 1676 ei
2093 1651 2260 1684 unumpa-

1344 1692 1467 1737 'caudam
1482 1695 1534 1724 pro
1551 1692 1708 1717 detrimento
1725 1695 1810 1718 πηνα
1827 1696 1854 1717 et
1872 1692 1989 1718 Romus
1998 1694 2118 1726 imm.
2130 1694 2223 1719 scrive
2234 1694 2258 1719 il

1345 1733 1493 1764 *WmALm
1510 1733 1654 1767 Epis-totae,
1673 1742 1733 1768 334,
1753 1743 1780 1761 n.
1801 1742 1861 1767 ²14·

1449 1775 1461 1792 ⁶
1478 1776 1588 1806 Elvira,
1606 1777 1635 1802 lo
1655 1778 1726 1802 dissi
1746 1786 1763 1803 a
1782 1786 1809 1811 p.
1829 1785 1890 1810 227,
1909 1786 1937 1803 n.
1958 1785 1982 1808 2,
2002 1779 2052 1804 che
2071 1778 2102 1804 su
2121 1778 2259 1804 secondo-

1361 1819 1460 1852 genita
1478 1819 1509 1844 di
1528 1819 1655 1845 Alsonso
1674 1819 1714 1844 VI
1733 1821 1761 1846 di
1782 1819 1927 1854 Castlglia
1946 1829 1961 1846 e
1980 1820 2009 1846 di
2034 1820 2140 1851 Leone,
2163 1822 2259 1856 primo

1361 1869 1390 1887 re
1409 1861 1584 1896 d’Aragons,
1604 1863 1676 1888 mori
1705 1864 1726 1888 il
1751 1863 1768 1888 6
1788 1864 1918 1889 sebbi-aio
1946 1870 2021 1897 1135.
2059 1862 2168 1893 Quents
2192 1865 2259 1890 data

1361 1905 1473 1937 precisa
1491 1906 1520 1930 di
1540 1907 1632 1931 morte
1646 1906 1671 1931 si
1688 1907 1801 1931 desume
1815 1907 1862 1932 dal
1874 1906 2050 1940 Necrologio
2063 1906 2257 1940 Salernitsno,

1361 1955 1439 1972 come
1457 1947 1505 1981 gia
1525 1948 1681 1974 riconobbe
1701 1950 1731 1974 lo
1750 1951 1841 1974 stesso
1861 1947 2060 1980 Cumunon,
2078 1948 2114 1980 11,
2134 1948 2194 1982 106,
2221 1949 2259 1974 τί·

1362 1991 1504 2016 serendosi
1524 1991 1553 2016 al
1573 1993 1631 2016 mio
1651 1992 1748 2017 studio
1767 1993 1810 2016 sui
1826 1993 2092 2025 Diplomipurpuni
2101 1991 2174 2018 della
2189 1992 2260 2018 Cas-

1360 2033 1467 2058 celles-{a
1485 2034 1644 2059 Normanna
1663 2035 1694 2059 dt
1710 2034 1815 2064 Sicula,
1835 2036 1892 2064 cit„
1911 2035 2032 2060 sebbene
2050 2041 2067 2060 a
2085 2043 2113 2068 p.
2131 2041 2176 2067 41,
2195 2042 2223 2060 n.
2241 2041 2257 2068 3

1360 2076 1439 2101 dello
1458 2078 1547 2101 stesso
1567 2077 1681 2102 volume
1701 2084 1797 2102 avesse
1817 2077 1963 2103 sffermato
1983 2085 2041 2102 non
2061 2077 2138 2103 fosse
2155 2078 2260 2103 estten-

1361 2120 1454 2144 mente
1472 2120 1648 2144 conosciuta.
1687 2119 1701 2133 ‘¹
1711 2119 1782 2145 VIII
1794 2120 1831 2145 id.
1850 2120 1924 2146 Febr.
1963 2120 2116 2154 Depositio
2139 2119 2260 2145 Albidie

1361 2160 1509 2186 “illustris
1529 2163 1627 2194 regine
1646 2162 1747 2187 Sicilie
1766 2162 1806 2186 VI
1825 2163 1871 2187 die
1891 2163 1996 2187 mensis
2024 2162 2160 2187 februarii
2186 2161 2260 2188 feria

1362 2203 1439 2228 “Lm
1458 2211 1535 2229 anno
1554 2205 1707 2229 Dominice
1725 2204 1940 2230 Incarnstionis
1959 2204 2175 2236 M.C.xxxv„.
2211 2203 2259 2230 cf.

1359 2245 1488 2277 Girumu,
1507 2246 1664 2280 Necrologoe
1683 2246 1727 2271 del
1742 2246 1822 2271 Liber
1841 2246 2019 2277 Confratrum
2037 2247 2069 2271 dt·
2078 2247 2107 2272 S.
2121 2247 2220 2273 Mauro
2230 2247 2262 2272 aa·

1358 2288 1479 2319 Salerno,
1501 2288 1531 2313 18
1550 2297 1574 2314 r.
1594 2288 1627 2314 28
1646 2297 1661 2314 e
1681 2296 1714 2323 ²9
1726 2297 1742 2314 e
1755 2289 1816 2322 336.
1851 2289 1875 2314 11
1895 2289 2081 2321 Μανῆν-σῶμα
2098 2288 2171 2314 deuo
2190 2289 2261 2322 Gap·

1354 2329 1428 2361 pella
1445 2331 1574 2356 Palatina
1592 2332 1621 2355 di
1639 2331 1767 2362 Falerno,
1786 2333 1958 2357 conservato
1977 2331 2053 2356 nella
2071 2330 2142 2356 Bm.
2165 2330 2259 2356 Com-

1358 2372 1426 2402 nale,
1447 2374 1498 2398 Ms,
1518 2380 1533 2406 3
1554 2372 1607 2407 Qq.
1627 2373 1658 2399 E.
1679 2381 1703 2404 2,
1725 2375 1744 2399 f.
1764 2373 1806 2404 28,
1819 2374 1895 2399 dice:
1921 2373 2063 2399 Vllltasn
2072 2373 2147 2404 febr.
2161 2372 2259 2406 (dmo-

1356 2415 1418 2439 sin'o
1429 2414 1525 2441 Elam
1536 2414 1651 2449 (re)gi'ne
1663 2415 1757 2440 Sicilie
1769 2418 1794 2440 et
1812 2414 1927 2450 (malie.
1963 2415 2003 2440 Le
2015 2415 2114 2449 parole
2133 2415 2260 2449 supplite

1357 2465 1497 2482 mancano
1517 2458 1562 2482 nel
1589 2459 1737 2491 principio
1762 2456 1864 2491 perche
1890 2459 1898 2482 i
1919 2458 2044 2491 margini
2064 2458 2169 2483 turono
2189 2458 2259 2483 rib..-

1357 2500 1444 2532 gliati
1463 2500 1540 2525 nella
1559 2501 1725 2534 rilegatura.
1762 2501 1863 2526 Manca
1879 2500 1975 2525 l’nnno
1995 2500 2070 2526 della
2088 2501 2194 2530 morte:
2213 2507 2259 2526 ms

1358 2543 1388 2566 in
1408 2545 1508 2575 questo
1527 2543 1704 2576 Necrologio
1717 2550 1767 2576 per
1780 2543 1834 2568 due
1847 2543 1908 2568 sole
1920 2549 2042 2575 persone
2059 2549 2132 2568 sono
2151 2542 2259 2567 riserit}

1356 2585 1398 2618 gli
1419 2586 1504 2610 anni:
1524 2593 1574 2618 per
1592 2585 1738 2619 Ruggiero
1757 2594 1772 2611 e
1791 2594 1840 2620 per
1859 2585 1988 2610 Beatrice
2008 2587 2084 2610 terza
2103 2584 2210 2618 moglie
2228 2585 2257 2610 di

1356 2627 1511 2660 Rugglero.
1548 2628 1602 2652 Nel
1621 2628 1788 2665 Neerologio,
1806 2627 1993 2660 Marta’rologio
2010 2635 2024 2652 e
2036 2626 2137 2659 Regula
2147 2626 2194 2651 del
2201 2626 2259 2652 uo-

1356 2672 1460 2694 nastero
1477 2670 1510 2694 dl
1526 2671 1554 2696 S.
1577 2670 1683 2696 Trium
1701 2670 1733 2695 dt
1753 2671 1859 2700 Venosa,
1873 2670 1941 2703 oggi
1955 2670 2007 2695 Ms.
2023 2676 2074 2702 234
2087 2668 2260 2694 deli’Archi-

1356 2713 1406 2736 vio
1425 2713 1454 2736 di
1474 2712 1697 2743 Montecassino,
1718 2721 1733 2737 a
1752 2712 1772 2738 f.
1792 2711 1816 2742 8,
1837 2712 1999 2737 mancando
2018 2719 2086 2745 pure
2105 2711 2214 2740 Panno,
2231 2711 2257 2736 si

1355 2754 1452 2788 leggez
1475 2755 1488 2768 “
1499 2755 1579 2780 Febr.
1597 2755 1632 2780 D.
1652 2754 1700 2781 VI.
1719 2755 1759 2780 id.
1778 2754 1862 2780 Obiit
1880 2754 2006 2779 Helbon'a
2018 2755 2114 2787 regina
2125 2760 2195 2778 uxor
2206 2761 2259 2778 aa·

1357 2795 1432 2828 ‘gul
1448 2797 1529 2830 Regis
1548 2798 1641 2823 Sicilie
1658 2801 1685 2822 et
1701 2797 1799 2830 Apulia
1809 2816 1833 2830 η.

1444 2839 1609 2865 Dell’unlcs
1627 2840 1708 2873 figlia
1728 2840 1756 2865 di
1776 2839 1877 2865 Elvira
1896 2840 2059 2873 ignoriamo
2087 2839 2108 2863 11
2134 2844 2218 2863 nome
2242 2845 2256 2862 e

1355 2881 1454 2907 l’anno
1474 2882 1503 2907 dl
1524 2884 1632 2908 morte:
1653 2889 1711 2907 non
1731 2880 1746 2908 ὲ
1760 2882 1950 2915 improbabile
1963 2883 2005 2906 sla
2019 2882 2149 2915 appunto
2162 2879 2256 2913 quella

1355 2924 1407 2949 che
1426 2925 1473 2949 dal
1494 2931 1577 2950 nome
1596 2925 1672 2950 della
1693 2933 1791 2950 nonna
1812 2926 1931 2958 paterna
1952 2925 1982 2949 fu
1996 2924 2075 2949 detta
2087 2922 2227 2948 Adelalde
2239 2929 2255 2947 e

1355 2966 1387 2991 su
1407 2967 1513 3000 moglle
1532 2968 1561 2992 di
1577 2967 1709 3000 Jocellno
1728 2969 1812 2992 conte
1830 2968 1859 2992 di
1880 2967 1997 2997 Loreto,
2019 2972 2099 2990 come
2124 2965 2150 2989 si
2174 2965 2253 2990 desu-

1354 3009 1482 3034 merebbe
1500 3009 1549 3035 dal
1575 3009 1696 3034 hoeesso
1719 3010 1751 3034 at
1773 3011 1808 3037 R,
1834 3009 1986 3038 Patronem,
2015 3006 2091 3041 ¹0⁶9=
2117 3007 2143 3032 ff.
2173 3006 2255 3040 14-16

2283 820 2394 856 ιο

2282 1088 2322 1121 15
2348 1073 2357 1123 J
2396 1117 2397 1120 ,

2286 1658 2319 1686 45

2286 1872 2322 1900 ⁵0
2351 1861 2356 1928 η’

2287 2079 2319 2110 ss
2350 2099 2359 2116 „

2286 2289 2323 2316 ⁶0
2352 2311 2363 2327 ζ

2285 2499 2320 2534 ⁶⁵
2343 2487 2359 2515 J,

2286 2719 2321 2746 70

2283 2929 2315 2956 75
2353 2906 2364 2974 A]
