2398 3470
187 199 398 225 Mua.,cc.113-114
432 189 501 224 114
813 241 817 245 ι
1198 188 1513 225 CHRONICON
2003 196 2054 230 [Α.
2073 196 2107 224 c.
2127 198 2282 232 sso-seil

423 264 2279 275 ιιιιιιιιιιιιιιιιιιιιιιιιιιιιιιιιιιιιιιιιιιιιιιιιιιιιιιιιιιιιιιιιιιιιιιιιιιιιιιιιιιιιιιιιιιιιιιιιιιιιιιιιιιιιιιιιιιιιιιιιιιιιιιιιιιιιιιιιιιιιιιιιιιιιιιιιιιιιιιιιιιιιιιιιιιιιιιιιιιιιιιιιιιιιιιιιιιιιιιιι

424 321 568 359 honore,
592 321 752 363 seditque
776 320 875 354 annis
898 321 1020 354 decem
1046 326 1080 354 et
1103 326 1249 363 septem,
1273 320 1451 354 mensibus
1473 330 1551 357 sex;
1576 320 1674 352 cuius
1690 320 1906 363 temporibus
1927 323 2022 364 apud
2037 323 2283 356 Constantino-

423 374 531 417 polim
555 374 678 418 quinta
699 375 854 418 synodus
877 381 1092 418 congregata
1114 381 1166 407 est
1190 374 1253 407 sub
1276 374 1467 407 Iustiniano
1498 374 1657 416 principe
1689 379 1813 406 contra
1842 375 2068 408 Theodorum
2098 382 2134 409 et
2164 387 2284 410 omnes

425 427 611 466 hereticos,
636 427 695 470 qui
718 427 949 460 beatissimam
972 427 1120 461 Mariam
1144 427 1255 460 solum
1279 426 1453 459 hominem
1490 437 1559 459 non
1581 427 1694 459 Deum
1708 432 1752 460 et
1773 427 1948 460 hominem
1963 429 2124 472 genuisse
2140 429 2285 466 affirma-

426 480 520 513 bant.
567 481 608 513 In
631 492 700 524 qua
734 481 869 525 synodo
903 481 1078 514 catholice
1112 486 1275 514 statutum
1311 485 1363 513 est
1396 486 1436 513 ut
1469 480 1573 513 beata
1602 480 1715 512 Maria
1749 491 1887 523 semper
1913 481 2013 525 uirgo
2047 482 2282 517 Theodocos¹

425 533 612 573 diceretur,
637 534 720 578 quia
744 535 834 567 sicut
861 534 1036 567 catholica
1058 535 1145 567 fides
1169 533 1292 566 habet:
1309 544 1381 566 non
1397 533 1507 566 solum
1532 534 1718 573 hominem,
1734 535 1799 567 sed
1814 544 1899 567 uere
1921 532 2036 568 Deum
2051 542 2086 569 et
2108 536 2284 570 hominem
2329 536 2348 570 5
2390 524 2394 566 ἶ

424 587 554 630 genuit.
600 587 751 632 Uigilius
775 594 886 621 autem
903 588 986 621 licet
1001 588 1242 620 fraudolenter
1258 587 1452 630 accepisset
1474 588 1724 630 episcopatum,
1749 587 1830 630 quia
1844 593 1959 620 tamen
1974 588 2182 632 resipiscens
2196 590 2284 623 facti

425 640 588 682 penituit,
611 641 730 674 firmus
752 647 786 674 et
809 651 1038 684 perseuerans
1060 640 1296 683 imperialibus
1326 640 1440 673 noluit
1463 640 1608 673 obedire
1639 641 1828 683 preceptis,
1852 646 1888 674 et
1913 641 1996 674 ideo
2019 642 2175 687 Auguste
2191 654 2286 687 pre·

425 700 528 736 cepto
552 694 659 727 exilio
683 695 808 727 ductus
842 694 935 738 apud
958 694 1297 736 Constantinopolim
1327 693 1434 726 uitam
1462 694 1585 726 finiuit.
1631 692 1739 727 Cuius
1763 704 1891 737 corpus
1913 694 1950 727 in
1981 695 2106 729 locello
2136 697 2286 739 positum

426 747 540 780 Rome
563 748 766 781 translatum
790 753 843 781 est
855 747 878 781 ¹.
1998 755 2000 757 ’
2396 779 2398 787 .

220 794 402 843 ρῆἆὲςξζαμρα
513 800 689 846 Pelagius'
713 802 852 835 natione
875 801 1056 834 Romanus
1078 811 1123 833 ex
1145 806 1243 843 patre
1269 801 1424 834 Iohanne
1447 800 1580 833 uicario
1604 801 1685 833 huic
1708 802 1876 834 successit
1897 802 1935 834 in
1958 802 2209 844 pontificatum,
2228 814 2283 837 se·
2311 804 2351 837 10
2369 844 2371 847 Ι

235 850 258 866 ³·
273 844 300 865 ο·
314 845 402 870 ⁵⁵⁶‘⁵⁶¹
428 854 549 898 ditque
572 855 672 888 annis
695 864 734 887 X1
758 855 932 888 mensibus
955 854 1015 887 κθ.
1062 854 1132 887 Hic
1155 854 1314 896 precepit
1337 860 1375 886 ut
1405 854 1591 887 scismatici
1624 854 1781 897 episcopi
1806 865 1869 897 per
1892 855 2067 888 seculares
2097 862 2288 898 potestates

429 907 740 950 comprimerentur
762 914 798 941 et
819 908 876 941 hic
900 908 1057 950 sepultus
1081 914 1133 940 est
1155 907 1192 939 in
1216 906 1359 939 basilica
1381 906 1475 940 beati
1498 907 1595 940 Petri
1608 908 1631 940 ⁴.

517 960 683 994 Preterea
699 961 886 1005 Guittingis
902 961 1097 994 Gothorum
1113 972 1186 999 rex,
1205 966 1330 993 coacto
1354 961 1389 992 in
1408 971 1514 993 unum
1530 961 1653 994 iterum
1672 971 1798 1006 magno
1815 962 2009 995 Gothorum
2026 963 2192 1003 exercitu,
2209 973 2288 999 cum

428 1013 596 1047 Belisario
621 1014 774 1047 conflixit
807 1015 972 1058 factaque
996 1024 1136 1047 suorum
1160 1013 1310 1046 maxima
1341 1019 1456 1057 strage
1492 1014 1527 1046 in
1550 1015 1670 1058 fugam
1703 1025 1892 1048 conuersus
1914 1022 1978 1054 est,
2006 1016 2066 1059 qui
2097 1016 2289 1060 fugientem
2351 1050 2356 1055 ,

428 1067 693 1110 comprehendit
715 1077 902 1111 secumque
925 1067 1263 1109 Constantinopolim
1287 1066 1409 1099 detulit
1422 1066 1444 1099 ⁵.
1489 1067 1633 1101 Mauros
1656 1078 1794 1111 quoque
1817 1074 1897 1111 post
1919 1069 1986 1102 hec
2010 1069 2172 1103 Africam
2197 1070 2290 1104 infe-
2315 1069 2370 1107 15,

427 1127 559 1153 stantes
583 1121 731 1154 mirabili
753 1121 882 1154 uirtute
905 1121 1050 1164 potriuit
1062 1120 1084 1153 ⁶.
1132 1121 1239 1153 Gothi
1261 1121 1367 1164 igitur
1391 1126 1495 1162 capto
1513 1121 1685 1165 Guittingi
1708 1125 1804 1154 t'rans
1818 1122 1948 1164 padum
1971 1122 2206 1156 Eldebatum⁷
2219 1123 2289 1157 sibi

427 1183 546 1216 regem
571 1173 794 1212 constituunt,
819 1173 878 1216 qui
902 1174 1027 1206 eodem
1052 1183 1142 1206 anno
1164 1173 1355 1215 perimitur.
1401 1172 1464 1205 Cui
1487 1173 1646 1206 succedit
1671 1173 1812 1206 Erarius
1848 1180 1883 1206 et
1904 1174 1980 1217 ipse
2004 1185 2069 1208 nec
2094 1175 2176 1208 dum
2200 1185 2290 1210 anno

427 1227 567 1269 expleto
583 1227 769 1271 iugulatur.
815 1227 953 1260 Dehinc
970 1226 1035 1258 sibi
1051 1225 1244 1264 Baduilam,
1262 1226 1319 1269 qui
1337 1231 1373 1258 et
1388 1226 1506 1258 Totila
1523 1227 1663 1266 dicitur,
1679 1227 1716 1259 in
1732 1237 1878 1271 regnum
1894 1228 2089 1270 preficiunt.
2135 1229 2291 1273 Moxque

430 1279 556 1313 allecto
579 1279 733 1323 undique
758 1279 924 1318 exercitu,
950 1279 1058 1312 Gothi
1082 1289 1160 1311 cum
1183 1278 1300 1311 Totila
1323 1289 1442 1311 rursus
1464 1279 1598 1311 Italiam
1622 1279 1802 1312 inuadunt.
1855 1281 2024 1315 “Exinde
2047 1291 2111 1324 per
2141 1282 2291 1326 Campa-

434 1334 554 1367 “niam
577 1334 623 1366 ad
646 1333 714 1366 uiri
729 1333 795 1366 Dei
818 1332 1002 1366 Benedicti
1025 1332 1132 1375 patris
1156 1331 1340 1364 cenobium
1372 1333 1439 1365 iter
1462 1332 1646 1372 facientes,
1669 1343 1803 1376 perque
1829 1345 1870 1366 ac
1899 1334 2056 1368 Lucanie
2080 1335 2290 1375 Brutiorum,
2313 1337 2358 1370 20

435 1389 449 1405 ⁴⁴
464 1387 549 1419 fines
571 1387 748 1430 Rhegium
771 1386 1047 1429 proficiscuntur,
1071 1385 1163 1418 ultra
1187 1385 1343 1418 Siculum
1367 1386 1572 1429 transgressi
1595 1387 1734 1426 fretum,
1760 1387 1915 1420 Siciliam
1938 1388 2136 1429 inuadunt„
2173 1395 2292 1422 cuncta

420 1442 528 1484 ferro
551 1444 652 1482 atque
674 1440 811 1484 rapinis
834 1438 1081 1472 deuastantes⁸.
1127 1438 1284 1482 Indeque
1301 1445 1516 1471 reuertentes
1531 1449 1595 1482 per
1610 1439 1786 1482 Apuliam,
1803 1446 1908 1484 atque
1925 1441 2126 1484 Sampnium
2141 1442 2291 1476 Romam

431 1499 564 1536 petunt,
588 1504 733 1536 eamque
758 1492 996 1525 obsidionibus
1020 1492 1309 1525 circumcludunt.
1357 1491 1437 1530 Que
1461 1498 1591 1525 tantam
1613 1498 1697 1525 tunc
1721 1494 1823 1526 famis
1846 1495 2025 1536 penuriam
2049 1504 2216 1557 perpessa
2230 1502 2292 1536 est,

258 1563 277 1578 c.
292 1558 355 1581 ¹50b
432 1554 471 1581 ut
493 1557 555 1589 pre
580 1546 832 1590 'magnitudine
856 1546 975 1588 inopie
999 1552 1157 1578 natorum
1180 1556 1318 1579 suorum
1350 1556 1474 1578 carnes
1497 1545 1730 1579 comederent.
1778 1547 1892 1580 Fessis
1915 1547 2022 1591 igitur
2044 1548 2188 1582 nimium
2219 1549 2294 1583 Ro-

433 1601 542 1633 manis
565 1611 630 1633 nec
653 1599 850 1633 ualentibus
874 1599 988 1632 menia
1011 1599 1111 1639 tueri,
1136 1599 1255 1632 Totila
1281 1610 1301 1631 a
1317 1604 1420 1642 porta
1435 1599 1586 1632 Ostiensi
1610 1599 1730 1632 urbem
1754 1600 1928 1644 ingressus
1950 1607 2011 1634 est.
2059 1600 2132 1640 Qui
2146 1613 2294 1646 parcere
2317 1603 2363 1636 25¹

431 1654 600 1687 Romanis
623 1654 767 1696 cupiens
790 1663 852 1696 per
876 1659 984 1686 totam
1008 1659 1146 1686 noctem
1174 1653 1339 1696 clangere
1356 1652 1503 1685 bucinas
1526 1653 1635 1693 iubet,
1658 1659 1827 1697 quatenus
1849 1653 1894 1687 ab
1918 1655 2092 1688 incendiis
2115 1662 2150 1688 et
2170 1656 2295 1700 rapina

432 1708 566 1741 Gothos
590 1706 772 1739 cohiberet
783 1706 805 1739 ¹⁴.
854 1705 963 1745 Quod
984 1712 1022 1738 ut
1044 1706 1251 1739 Iustinianus
1274 1705 1453 1748 comperit,
1477 1706 1591 1739 statim
1614 1706 1753 1739 Narsim
1776 1707 1972 1740 eunuchum
1996 1718 2094 1740 suum
2117 1709 2296 1743 cubicula-

433 1762 520 1793 rium
546 1771 624 1793 cum
647 1761 766 1793 ualida
795 1771 900 1792 manu
932 1759 1060 1803 dirigit.
1108 1759 1176 1792 Hic
1200 1765 1313 1792 autem
1345 1759 1467 1792 Narsis
1497 1759 1592 1802 prius
1623 1760 1764 1803 quidem
1795 1760 2035 1794 Carthularius
2057 1762 2136 1801 fuit,
2168 1763 2295 1797 deinde

433 1821 577 1857 propter
599 1813 764 1846 uirtutum
787 1813 911 1846 merita
933 1812 1141 1846 Patriciatus
1167 1813 1334 1846 honorem
1365 1812 1502 1846 meruit.
1551 1813 1636 1846 Erat
1659 1813 1750 1846 enim
1776 1813 1831 1846 uir
1853 1813 2035 1856 piissimus,
2060 1815 2097 1847 in
2127 1815 2295 1861 religione

435 1867 637 1906 catholicus,
660 1868 696 1900 in
720 1877 892 1910 pauperes
915 1866 1106 1906 munificus,
1129 1866 1166 1899 in
1193 1866 1398 1909 reparandis
1428 1872 1624 1899 sanctorum
1656 1867 1809 1899 basilicis
1839 1867 1921 1900 satis
1950 1867 2136 1908 studiosus,
2158 1869 2296 1914 uigiliis,

436 1928 470 1954 et
487 1921 703 1954 orationibus
718 1921 754 1952 in
769 1926 903 1953 tantum
919 1920 1073 1959 studens,
1090 1919 1217 1962 utplus
1229 1919 1542 1990 supplicationibuos
1557 1921 1604 1953 ad
1618 1920 1732 1953 Deum
1747 1921 1908 1963 profusis,
1925 1932 2025 1964 quam
2043 1921 2148 1955 armis
2163 1922 2297 1959 bellicis

433 1974 614 2008 uictoriam
637 1974 820 2008 obtineret.
866 1973 942 2007 Hac
960 1979 1165 2016 tempestate
1182 1972 1530 2017 Langobardorumlo
1548 1983 1633 2016 gens
1647 1974 1742 2016 apud
1765 1974 1980 2007 Pannoniam
1996 1975 2158 2019 degebat,
2174 1976 2297 2022 quibus

434 2034 575 2071 preerat
597 2038 658 2060 rex
681 2027 832 2071 Alboyn.
880 2027 1000 2060 Narsis
1022 2027 1129 2071 igitur
1152 2027 1197 2060 ad
1221 2026 1354 2059 Italiam
1378 2027 1532 2065 ueniens,
1557 2037 1636 2060 cum
1660 2027 1727 2060 iam
1751 2027 2005 2072 Langobardos
2020 2028 2176 2062 amicitia
2197 2029 2297 2064 fede-

436 2088 528 2115 ratos
550 2081 705 2121 haberet,
730 2080 863 2124 legatos
886 2080 931 2114 ad
954 2079 1097 2124 Alboyn
1121 2080 1252 2124 dirigit,
1278 2086 1448 2124 quatenus
1471 2080 1503 2112 ei
1528 2090 1607 2112 cum
1636 2080 1759 2114 Gothis
1790 2087 1985 2124 pugnaturo
2014 2082 2089 2124 ipse
2120 2092 2199 2117 cum
2228 2083 2298 2116 suis

435 2135 599 2168 auxilium
623 2135 844 2167 ministraret.
889 2134 991 2166 Tunc
1015 2132 1156 2177 Alboyn
1179 2133 1325 2166 electam
1350 2145 1369 2166 e
1393 2135 1464 2166 suis
1486 2143 1624 2166 manum
1648 2134 1784 2173 direxit,
1808 2134 1867 2177 qui
1890 2135 2093 2179 suffragium
2114 2135 2217 2169 Narsi
2233 2131 2295 2170 ad·
2318 2136 2362 2171 35

529 2263 549 2280 1.
570 2257 601 2280 in
620 2257 730 2281 honore
747 2255 808 2280 AB
825 2268 837 2275 -
855 2263 900 2280 an.
927 2261 994 2280 xvn
1013 2263 1048 2280 m.
1068 2262 1100 2280 Vl
1122 2255 1146 2281 C
1163 2268 1195 2274 —
1217 2263 1239 2288 5.
1261 2263 1319 2280 non
1339 2255 1485 2281 hominem
1504 2255 1597 2281 solum
1615 2256 1677 2280 AB
1695 2269 1728 2274 ·-
1756 2262 1795 2288 14.
1816 2255 1978 2287 factumque
2001 2255 2024 2280 C
2040 2269 2073 2274 -—
2095 2256 2136 2282 16,
2155 2258 2296 2290 protrluit

436 2299 460 2323 A
472 2299 515 2327 B,-
534 2298 668 2332 perti-init
691 2298 715 2322 C
731 2312 763 2315 —
786 2297 825 2322 18.
846 2298 1001 2323 Badualam
1020 2298 1081 2322 AB
1094 2297 1133 2326 C,-
1151 2298 1282 2324 Pamus:
1302 2298 1452 2323 Baduilam
1471 2313 1504 2317 —
1525 2304 1566 2322 20.
1587 2297 1747 2322 Briciorum
1770 2296 1793 2321 C
1810 2311 1842 2316 —
1863 2304 1904 2322 21.
1923 2297 2045 2330 Regium
2062 2298 2086 2323 C
2101 2312 2135 2318 —
2154 2305 2196 2332 23.
2209 2307 2296 2332 enque

438 2341 600 2366 obsidionis
623 2341 646 2364 C
664 2354 671 2358 -
692 2342 804 2365 tantum
823 2341 846 2364 A
860 2340 883 2364 C
900 2354 932 2358 —
953 2347 994 2372 24.
1015 2340 1172 2365 comederet
1190 2340 1252 2364 AB
1271 2354 1279 2359 -
1300 2341 1422 2365 nlmium
1441 2347 1534 2364 manca
1552 2340 1582 2364 in
1600 2339 1662 2363 AB
1677 2353 1707 2358 —
1728 2345 1769 2371 25⁴
1783 2340 1925 2365 hostiensi
1941 2340 1964 2364 C
1976 2355 2009 2359 —
2029 2340 2070 2365 26.
2089 2341 2224 2367 buccinas
2236 2342 2299 2368 AB

438 2397 447 2402 -
467 2386 604 2415 quatenus
630 2385 661 2408 ut
686 2383 720 2407 ab
741 2383 884 2407 incendiis
908 2383 930 2406 C
948 2396 980 2400 —
1000 2389 1042 2413 30.
1063 2383 1261 2415 recuperandis
1286 2382 1323 2410 C,-
1343 2382 1510 2416 reparandis
1529 2382 1552 2406 Α
1564 2382 1590 2406 Β
1603 2395 1635 2399 -
1650 2389 1692 2414 32·
1713 2382 1969 2414 Langobardorum
1987 2383 2103 2408 Patmos
2117 2397 2150 2402 -
2163 2391 2206 2417 33.
2225 2385 2296 2410 ami-

390 2434 404 2459 5
433 2426 533 2450 eiciam
558 2426 580 2449 C

532 2501 539 2517 ¹
560 2500 699 2527 Oeoto‘mss
718 2504 816 2526 annoto
836 2501 920 2526 Sasso.
1488 2498 1499 2515 ⁵
1518 2500 1643 2529 mutus,
1663 2499 1737 2529 XVI,
1757 2506 1818 2529 xlx,
1838 2508 1864 2534 p.
1886 2507 1945 2534 2²3·
2370 2522 2371 2525 ,

532 2542 543 2558 '²
562 2544 590 2568 L.
611 2544 654 2572 P..
673 2543 695 2572 1.
715 2551 761 2576 pp.
777 2543 910 2576 296-299:
925 2546 937 2557 ¹‘
950 2544 1095 2568 Venerunt
1115 2543 1246 2569 Siciliam
1262 2544 1292 2567 in
1307 2543 1345 2567 ci·
1488 2540 1500 2558 ⁶
1519 2543 1640 2567 &sema
1658 2542 1791 2572 M'scella,
1811 2543 1861 2568 lib.
1879 2543 1980 2573 XVIII,
1993 2551 2055 2576 cap.
2067 2549 2182 2570 xxvm:
2201 2543 2300 2570 “Inte-
2327 2550 2362 2570 20

445 2586 457 2598 ‘⁴
470 2588 561 2611 vitate
586 2586 742 2618 Syracusis.
779 2586 922 2610 Adflictus
948 2585 1052 2610 calculi
1075 2586 1206 2611 dolorem
1231 2586 1346 2614 habens,
1402 2583 1416 2597 “
1427 2592 1473 2609 rea
1485 2584 1620 2609 vicesima
1631 2584 1796 2618 diermensis
1807 2584 1961 2610 decembris
1975 2587 2074 2619 captae
2087 2587 2153 2611 sunt
2163 2586 2300 2618 quaedam

445 2630 458 2642 “
470 2631 600 2654 mortuus
620 2631 662 2653 est
672 2645 697 2661 „.
734 2629 758 2652 Il
772 2629 861 2661 luogo
875 2636 889 2653 e
909 2629 937 2653 la
950 2628 1017 2652 data
1039 2629 1068 2652 di
1084 2630 1174 2653 morte
1189 2629 1216 2652 di
1241 2627 1254 2641 “
1266 2628 1345 2661 vigi·
1403 2625 1521 2660 “partes
1546 2626 1664 2651 Africae
1689 2635 1703 2651 a
1728 2626 1902 2651 Mauritanis
1928 2627 2143 2660 insurgentibus
2165 2627 2300 2653 advertus

385 2680 415 2698 xo
444 2671 500 2695 lius
512 2690 525 2703 η
545 2672 571 2695 si
586 2672 684 2695 hanno
699 2672 742 2696 nel
768 2671 911 2703 catalogus
924 2671 951 2694 di
968 2671 1090 2697 Verona.
1112 2679 1134 2695 c.
1154 2678 1168 2703 3
1180 2672 1203 2695 b.
1223 2671 1268 2696 Cf.
1288 2671 1345 2695 Du·
1403 2668 1417 2681 “
1428 2669 1557 2693 Africam
1578 2670 1618 2693 ita
1629 2687 1652 2701 „.
1674 2667 1719 2693 Cf.
1734 2667 1859 2698 Pauuis,
1872 2669 1913 2694 De
1927 2672 1993 2701 gest.
2007 2669 2105 2702 Lang„
2124 2669 2145 2699 1,
2157 2677 2217 2703 cap.
2230 2677 2299 2696 xxv.

443 2719 568 2739 cussus.
585 2713 606 2744 1,
620 2721 646 2745 p.
667 2712 716 2745 46:
736 2712 748 2725 ‘⁴
762 2713 889 2745 Vigilius
911 2713 984 2737 sedit
1003 2720 1095 2737 annos
1109 2713 1204 2737 decem
1224 2714 1251 2736 et
1271 2714 1345 2748 octo,
1490 2710 1500 2727 ⁷
1520 2711 1643 2740 murus,
1663 2710 1736 2740 XVI,
1756 2717 1829 2740 xxn,
1844 2719 1871 2744 p.
1886 2717 1952 2743 224:
1974 2711 1985 2723 ¹‘
1999 2710 2093 2744 Capto
2113 2713 2202 2745 igitur
2215 2712 2301 2738 wm-

445 2755 459 2768 ¹¹
470 2762 579 2780 menses
594 2755 661 2786 duo,
676 2755 736 2779 dies
752 2762 870 2780 novem:
885 2757 1006 2779 moritur
1021 2755 1050 2778 in
1065 2755 1211 2787 Syracusis
1226 2754 1347 2779 secunda
1405 2752 1418 2766 “
1428 2753 1473 2785 gis
1492 2751 1582 2777 Gothi
1603 2752 1803 2786 Transpadani
1827 2753 2020 2777 Heldebadum
2041 2753 2097 2778 sibi
2117 2761 2209 2786 regem
2233 2761 2300 2779 con·
2328 2760 2361 2788 25
2372 2760 2374 2762 ’

446 2796 459 2809 ⁴‘
474 2797 553 2827 feria,
576 2799 670 2826 nocte,
688 2798 812 2830 septimo
831 2797 895 2821 idus
915 2797 1018 2825 iunias,
1046 2797 1209 2821 indictione
1228 2797 1348 2828 tertia„·
1405 2796 1418 2809 “
1430 2795 1556 2820 stituunt
1568 2812 1592 2827 „.

533 2837 544 2854 ³
562 2838 649 2866 IDEM,
671 2847 697 2872 p.
719 2845 785 2871 303:
803 2838 872 2862 sedit
890 2845 933 2862 an.
953 2837 1002 2861 XI
1016 2846 1050 2863 m.
1068 2838 1099 2861 X
1115 2839 1171 2862 dies
1188 2836 1294 2861 XVIII.
1492 2834 1503 2851 ⁸
1522 2836 1608 2865 lnam,
1629 2836 1683 2860 loc.
1703 2837 1752 2860 eit.
1770 2842 1790 2860 R
1809 2836 1965 2869 agglunge:
1982 2836 1994 2849 ¹‘
2006 2838 2107 2861 cuncta
2127 2837 2202 2861 ferro
2216 2838 2301 2869 atque

386 2893 415 2918 15
533 2878 545 2894 ⁴
564 2880 610 2903 Da
629 2879 726 2909 Rossz,
746 2879 829 2903 laser.
852 2878 963 2907 Christ,
977 2878 1011 2907 11,
1026 2886 1052 2912 p.
1068 2878 1127 2908 208,
1143 2879 1253 2911 riperta
1267 2879 1346 2911 l'epi-
1406 2879 1418 2891 ‘⁴
1432 2879 1541 2912 rapinis
1561 2879 1776 2910 devastantesd„

448 2921 526 2945 taffio
547 2920 575 2944 di
597 2921 648 2950 lui,
668 2921 718 2946 che
738 2921 874 2945 termina:
895 2921 907 2933 ⁸
919 2921 972 2945 Hic
987 2921 1138 2953 requiescit
1151 2921 1284 2953 Pelagius
1303 2927 1349 2953 pp.
1493 2918 1504 2936 ⁹
1521 2920 1607 2950 lnam,
1626 2921 1682 2945 loc.
1701 2922 1751 2945 cit.
2370 2942 2375 2956 ἶ

448 2964 459 2974 “
476 2964 523 2994 qui
546 2963 620 2987 sedit
639 2970 728 2987 annos
749 2968 799 2987 1111
819 2971 854 2987 m.
867 2969 887 2988 x
901 2963 961 2987 dies
974 2969 1062 2987 xvui.
1083 2963 1176 2996 Depos
1189 2968 1240 2987 1111
1259 2970 1350 2988 nonas
1485 2961 1506 2979 ¹⁰
1526 2963 1594 2988 Aila
1613 2963 1724 2988 lezione
1743 2963 1772 2987 di
1793 2969 1811 2986 a
1837 2963 1991 2996 preserisco
2018 2970 2125 2995 sempre
2150 2963 2243 2996 quella
2270 2963 2300 2988 di
2327 2957 2382 2994 ᾌΌζ

448 3007 460 3019 ⁴⁴
473 3006 593 3029 martias
604 3021 629 3037 η.
1404 3006 1529 3031 Pacius.
