2398 3470
0 575 13 966 wv-ava-ffw-ff-sfquv33
11 529 13 540 A*
5 499 9 503 .

85 604 103 637 5

63 871 103 903 10

64 1138 101 1170 15

62 1406 104 1437 20

64 1670 106 1704 25

67 2972 102 2991 20

129 272 180 310 [A.
199 272 234 302 c.
253 271 348 308 1102]
707 264 997 302 ROMUALDI
1025 263 1390 301 SALERNITANI

129 389 376 424 cancellarium
399 389 437 422 in
459 389 665 433 Maguntina
688 387 839 422 ecclesia
854 388 942 420 fecit
956 387 1050 432 eligi,
1066 393 1102 420 et
1117 399 1138 420 a
1152 387 1221 420 suis
1243 387 1473 431 saffraganeis
1495 386 1704 420 consecrari.
1750 385 1841 418 Dum
1858 390 1973 418 autem

127 443 330 478 Alexander
352 453 446 486 papa
477 443 713 476 demoraretur
743 441 778 475 in
801 441 950 474 Francia
981 447 1016 474 et
1038 441 1075 474 in
1106 440 1263 474 ecclesiis
1293 440 1357 473 Dei
1389 440 1628 474 ecclesiastica
1657 440 1734 472 iura
1764 439 1976 481 disponeret,

128 496 344 531 Octauianus
365 496 485 529 Lucce
501 502 657 529 mortuus
672 501 734 529 est.
781 495 846 528 Cui
862 493 978 528 Guido
1001 494 1200 527 Cremensis
1222 494 1428 527 auctoritate
1451 493 1619 538 Rajnaldi
1641 492 1844 526 cancellarii
1867 492 1976 534 impe-

127 551 253 584 ratoris
275 550 454 590 successit,
478 555 513 582 et
535 560 556 582 a
578 548 647 582 suis
669 548 866 582 Paschalis¹
895 554 947 581 est
970 547 1176 590 appellatus.

215 603 354 636 Interea
377 612 441 635 rex
464 601 709 645 W[ilhelmus],
731 602 852 634 sedata
868 600 1000 639 Sicilia,
1024 605 1237 643 congregato
1261 611 1323 642 per
1338 611 1433 632 mare
1457 600 1500 633 'et
1514 610 1579 642 per
1601 606 1726 632 terram
1750 599 1918 639 exercitu,
1931 599 1968 631 in

127 656 290 700 Apuliam
313 656 421 694 uenit,
445 661 481 689 et
502 655 615 698 primo
638 654 821 688 Tabernas
843 654 879 686 in
903 664 964 687 ore
987 653 1095 697 gladii
1121 653 1215 696 cepit
1237 659 1341 697 atque
1364 653 1539 686 dextruxit
1552 653 1574 686 ².
1620 653 1758 686 Dehinc
1781 653 1973 685 Tarentum

127 710 274 744 ueniens
295 710 390 752 ipsus
413 709 550 742 obsedit
571 715 607 742 et
629 707 759 747 habuit,
783 707 819 740 in
842 717 912 750 quo
935 706 1125 739 uindictam
1140 706 1288 739 maxima
1310 706 1353 739 de
1370 707 1440 738 suis
1462 706 1699 749 proditoribus
1722 706 1808 739 fecit
1820 706 1844 739 ³.
1891 705 1975 739 Post

127 763 194 796 hec
217 763 407 796 exercitum
430 773 526 795 suum
549 772 670 795 uersus
692 761 898 794 maritimam
912 759 1039 802 Apulie
1063 759 1201 792 direxit.
1248 759 1355 797 Quod
1377 759 1524 792 audiens
1547 769 1664 792 comes
1687 759 1899 798 Robbertus,
1915 759 1976 802 qui

126 824 209 850 tunc
239 817 334 860 apud
365 815 490 859 Salpas
521 825 599 848 cum
629 825 690 848 suo
713 814 872 847 exercitu
903 812 1114 851 morabatur,
1145 818 1303 846 metuens
1332 823 1375 845 ne
1400 812 1547 845 barones
1578 812 1708 855 Apulie
1738 814 1850 856 ipsum
1874 812 1975 845 solito

125 879 221 902 more
245 869 492 912 relinquerent,
516 869 552 900 in
574 866 759 900 Abrutium
782 873 834 899 est
857 875 1027 898 reuersus.
1075 864 1157 903 Quo
1182 865 1334 908 cognito,
1350 875 1412 898 rex
1436 864 1667 907 W[ilhelmus]
1691 865 1906 898 Riccardum
1930 864 1975 897 de

127 923 246 968 Saya⁴
272 934 351 956 cum
373 932 500 967 magno
532 921 688 955 exercitu
718 926 798 964 post
819 930 898 953 eum
927 919 1030 952 misit.
1076 918 1149 951 Sed
1174 929 1292 952 comes
1322 918 1533 956 Robbertus,
1557 924 1678 961 utpote
1708 919 1763 951 uir
1786 925 1917 951 astutus
1941 925 1976 951 et

127 977 277 1019 sapiens,
299 982 379 1009 ante
402 976 589 1009 aduentum
612 974 705 1007 illius
721 983 866 1018 regnum
883 973 978 1005 exire
1002 972 1147 1005 curauit.
1193 972 1272 1005 Rex
1288 979 1404 1004 autem
1419 971 1653 1014 W[ilhelmus]
1676 983 1784 1015 usque
1808 971 1974 1005 Sanctum

129 1030 343 1064 Germanum
368 1039 446 1062 cum
462 1038 524 1062 suo
548 1027 704 1061 exercito
726 1027 835 1066 uenit,
853 1026 1014 1058 comitem
1038 1025 1254 1059 Riccardum
1271 1025 1315 1057 de
1338 1023 1468 1069 Aquila
1482 1036 1503 1057 a
1518 1035 1629 1068 regno
1653 1025 1796 1068 expulit,
1821 1031 1855 1057 et
1870 1025 1975 1057 Mon-

127 1090 200 1118 tem
222 1083 435 1123 Archanum,
458 1092 560 1126 quem
583 1081 658 1125 ipse
682 1081 726 1114 de
750 1090 843 1113 nouo
867 1079 1104 1118 edificauerat,
1126 1090 1147 1111 a
1169 1079 1309 1123 galiotis
1331 1079 1400 1112 suis
1424 1079 1505 1122 capi
1530 1079 1615 1111 fecit
1639 1085 1673 1112 et
1690 1079 1839 1117 dextrui‚
1855 1079 1892 1110 in
1908 1089 1976 1122 quo

125 1148 268 1171 uxorem
286 1137 358 1169 eius
376 1142 411 1169 et
425 1136 531 1169 filium
553 1133 832 1177 comprehendit.
878 1134 924 1166 Et
947 1133 998 1165 sic
1022 1138 1228 1175 recuperata
1251 1138 1324 1166 tota
1345 1138 1450 1171 terra,
1476 1132 1658 1165 Salernum
1681 1132 1785 1165 uenit.
1832 1132 1878 1164 Et
1894 1132 1975 1175 quia

126 1190 325 1235 indignatus
348 1196 422 1223 erat
445 1187 675 1222 Salernitanis
698 1187 844 1226 ciuibus,
867 1186 989 1219 urbem
1010 1187 1140 1219 intrare
1153 1186 1266 1219 noluit
1289 1186 1352 1218 sed
1368 1186 1466 1218 iuxta
1481 1197 1558 1218 eam
1573 1186 1723 1219 tentoria
1739 1186 1822 1218 fixit.
1869 1185 1972 1228 Cepit

126 1250 242 1277 autem
264 1255 286 1276 a
309 1243 444 1276 ciuibus
473 1252 634 1286 magnam
664 1241 850 1284 pecuniam
873 1246 1003 1283 petere,
1034 1250 1137 1283 quam
1162 1250 1239 1272 cum
1264 1240 1314 1271 illi
1345 1239 1458 1273 statim
1482 1240 1619 1272 soluere
1652 1250 1718 1272 non
1751 1245 1902 1282 possent,
1926 1240 1977 1271 in-

127 1304 232 1331 uenta
248 1297 434 1330 occasione
457 1296 641 1339 plurimum
664 1294 874 1339 indignatus,
906 1294 1074 1337 quosdam
1099 1304 1142 1326 ex
1166 1294 1216 1326 eis
1238 1293 1404 1336 suspendi
1427 1293 1525 1332 fecit,
1556 1293 1750 1326 nominatus
1772 1292 1859 1331 aliis,
1883 1293 1977 1336 quod

127 1351 194 1384 nisi
224 1350 408 1394 pecuniam
440 1350 510 1383 cito
541 1349 729 1388 soluerent‚
759 1347 881 1380 urbem
913 1347 1126 1380 dextrueret.
1175 1347 1304 1380 Beatus
1334 1353 1450 1380 autem
1482 1346 1656 1390 apostolus
1686 1346 1885 1388 M[atheus]‚
1918 1346 1976 1389 qui

126 1403 347 1438 Salernitane
371 1403 505 1436 civitati
519 1414 541 1435 a
555 1402 631 1435 Deo
647 1407 814 1445 patronus
838 1402 940 1434 datus
955 1406 1008 1434 est
1024 1406 1060 1434 et
1083 1400 1261 1440 defensor,
1286 1400 1463 1434 ciuitatem
1487 1411 1583 1433 suam
1600 1400 1635 1432 in
1659 1406 1754 1433 tanto
1779 1400 1978 1433 discrimine

128 1467 197 1490 non
220 1457 370 1500 reliquit.
418 1456 507 1490 Nam
532 1466 610 1489 cum
633 1465 696 1488 rex
718 1455 753 1486 in
768 1464 811 1487 eo
827 1459 918 1487 esset
940 1454 1130 1497 proposito,
1154 1454 1248 1496 quod
1271 1453 1379 1486 multa
1394 1453 1494 1485 'mala
1517 1453 1664 1486 Salerno
1681 1454 1839 1493 inferret,
1861 1453 1979 1485 media

127 1510 184 1544 die
209 1522 288 1544 cum
311 1517 410 1544 tanta
433 1515 524 1543 esset
546 1509 612 1542 celi
637 1508 818 1546 serenitas,
833 1508 930 1551 quod
952 1507 1047 1540 nulla
1061 1507 1099 1539 in
1121 1517 1203 1540 aere
1218 1506 1328 1540 nubes
1349 1513 1544 1550 appareret,
1567 1507 1680 1540 subito
1695 1518 1716 1539 a
1732 1507 1977 1549 septemtrione

130 1570 254 1598 uentus
275 1564 414 1597 ualidus
436 1574 515 1597 cum
537 1562 670 1607 ingenti
700 1561 820 1605 pluuia
843 1568 879 1594 et
901 1560 1002 1594 turbo
1024 1561 1235 1603 impetuosus
1265 1561 1391 1604 erupit,
1413 1560 1474 1603 qui
1499 1560 1603 1593 totius
1626 1561 1799 1593 exercitus
1828 1561 1978 1593 tentoria

127 1619 291 1651 uniuersa
321 1616 451 1650 deiecit
474 1622 510 1649 et
532 1615 719 1649 tentorium
750 1614 884 1658 regium
906 1614 943 1646 in
966 1613 1132 1647 eminenti
1162 1614 1311 1657 positum
1335 1614 1384 1646 sic
1408 1624 1429 1645 a
1452 1613 1542 1652 loco,
1574 1614 1609 1645 in
1633 1624 1701 1656 quo
1725 1614 1828 1646 fixum
1853 1614 1978 1652 fuerat,

129 1670 266 1714 impulit
290 1676 326 1704 et
349 1669 548 1708 commouit,
570 1668 665 1712 quod
688 1677 805 1712 regem
830 1667 1057 1701 dormientem
1078 1677 1170 1710 pene
1193 1667 1392 1710 prostrauit.
1439 1667 1717 1710 Expergefactus
1740 1678 1801 1699 rex
1826 1673 1861 1700 et
1882 1672 1978 1700 tanta

129 1724 355 1758 inundatione
379 1723 546 1756 attonitus
568 1721 661 1765 cepit
675 1721 801 1765 fugere
824 1726 859 1754 et
875 1720 1023 1763 apostoli
1046 1721 1211 1754 auxilium
1234 1720 1398 1753 inuocare
1415 1726 1451 1753 et
1466 1720 1527 1752 uix
1542 1720 1579 1752 in
1601 1721 1753 1763 quodam
1777 1731 1886 1763 paruo
1903 1726 1979 1753 ten-

129 1778 219 1811 torio
242 1776 408 1821 [fugiens]
430 1787 468 1809 se
490 1775 639 1818 recepit.
685 1775 731 1808 Et
753 1774 839 1807 licet
852 1784 911 1807 rex
936 1773 1041 1807 animi
1057 1774 1109 1806 sui
1132 1774 1292 1806 timorem
1316 1784 1421 1816 super
1442 1774 1511 1806 hoc
1526 1774 1622 1806 facto
1646 1773 1890 1811 dissimularet,
1906 1784 1979 1807 ma-

129 1836 252 1876 gnates
274 1836 391 1863 tamen
413 1830 509 1862 curie
534 1835 569 1862 et
591 1829 658 1861 uiri
681 1828 871 1871 prudentes
893 1827 1076 1860 manifeste
1100 1833 1282 1866 nonerunt,
1306 1826 1374 1859 hoc
1397 1827 1601 1859 miraculum
1624 1827 1754 1859 uirtute
1785 1827 1980 1869 apostolica

128 1890 383 1929 perpetratum3
407 1883 583 1926 apostolus
600 1883 692 1915 enim
708 1882 744 1914 in
760 1881 828 1914 hoc
844 1881 939 1915 facto
955 1886 991 1914 et
1014 1881 1195 1914 commisso
1212 1880 1277 1914 sibi
1299 1880 1431 1924 populo
1447 1886 1482 1913 et
1505 1881 1578 1924 regi
1594 1880 1778 1913 manifeste
1794 1881 1979 1918 consuluit,

129 1939 212 1972 dum
235 1944 271 1971 et
292 1938 510 1971 commissum
535 1936 602 1970 sibi
624 1935 790 1979 populum
814 1946 834 1968 a
848 1934 1008 1978 periculo
1025 1935 1126 1975 eruit,
1149 1940 1183 1967 et
1197 1945 1316 1979 regem
1339 1944 1384 1967 ne
1407 1934 1621 1978 propositum
1645 1935 1771 1967 malum
1794 1935 1979 1978 perficeret

128 1992 314 2036 inpediuit.
358 1991 439 2024 Rex
462 2000 547 2035 ergo
563 1990 658 2034 quod
682 1989 813 2023 factum
831 1989 945 2021 fuerat
959 1998 1077 2022 secum
1094 1988 1292 2032 recogitans
1307 1993 1342 2021 et
1357 1987 1631 2032 indignationem
1656 1988 1882 2030 apostolicam
1898 1999 1979 2031 per-

220 2112 244 2138 3.
263 2104 339 2129 Luce
357 2104 384 2128 B
403 2112 416 2128 e
436 2103 534 2132 Sauo}
554 2103 643 2127 Luzze
661 2102 686 2126 A
706 2115 718 2120 -
737 2101 874 2126 Rainaldi
895 2102 918 2126 C
936 2109 950 2124 ae
973 2101 1066 2126 Arndt
1091 2115 1122 2118 —
1150 2109 1173 2132 4.
1194 2101 1343 2126 ordinatus
1363 2100 1387 2125 A
1408 2113 1440 2118 —
1461 2108 1484 2133 5.
1505 2099 1680 2125 Guilielmus
1701 2101 1726 2125 Β
1743 2108 1757 2124 e
1776 2100 1857 2126 Sasso
1876 2114 1883 2118 -
1905 2102 1979 2125 terra

132 2149 157 2174 C
174 2159 206 2165 -
228 2153 252 2180 7.
271 2153 403 2179 magnam
424 2145 448 2170 C
464 2153 478 2169 e
497 2145 589 2170 Arndt
608 2158 640 2163 ·—
661 2151 701 2169 xo.
721 2143 877 2168 Abrucium
900 2145 925 2169 C
940 2151 954 2166 a
972 2142 1063 2168 Arndt
1081 2157 1113 2160 —
1136 2150 1176 2168 11.
1195 2142 1244 2168 Set
1264 2143 1287 2168 C
1304 2150 1318 2166 e
1337 2143 1431 2168 Arndt
1448 2155 1458 2160 -
1485 2144 1515 2167 ut
1540 2144 1642 2176 potens
1669 2144 1693 2168 C
1714 2156 1747 2161 —
1777 2142 1815 2166 16.
1841 2149 1873 2167 ea
1900 2144 1924 2168 C
1948 2157 1978 2160 —

135 2189 176 2214 18.
195 2189 384 2214 comminatus
403 2188 429 2212 B
447 2196 461 2212 a
478 2186 560 2213 Sauo
580 2200 588 2205 -
609 2187 671 2212 iliis
689 2186 739 2211 A:
758 2194 772 2210 e
792 2187 815 2211 C
833 2199 865 2203 —
892 2192 933 2210 21.
960 2185 1082 2217 reliquid
1105 2186 1128 2211 C
1145 2194 1159 2208 e
1178 2185 1269 2210 Arndt
1284 2197 1297 2204 -
1315 2185 1426 2210 Salerni
1447 2185 1479 2209 di
1488 2185 1581 2216 prium
1600 2193 1685 2215 mano,
1703 2188 1819 2210 corruta
1831 2193 1860 2209 su
1874 2193 1981 2215 rasura,

134 2233 172 2262 σς
191 2231 382 2257 Salernitanis
403 2232 430 2256 B
448 2239 462 2254 e
481 2229 562 2255 Sauo
582 2242 612 2247 —
634 2235 676 2254 22.
697 2230 825 2261 apareret
848 2228 871 2252 C
886 2237 899 2252 e
918 2228 1054 2254 Arndt—
1075 2233 1116 2261 23.
1136 2229 1230 2252 tocius
1250 2228 1275 2253 C
1290 2236 1304 2251 e
1323 2228 1416 2253 Arndt
1433 2240 1466 2245 -—
1486 2232 1528 2259 27.
1550 2227 1663 2259 fugiens
1682 2235 1775 2252 manca
1792 2227 1817 2251 A
1838 2241 1870 2245 —
1891 2227 1980 2261 27-28.

133 2275 175 2299 ret
193 2281 258 2307 mag
277 2274 307 2298 in
328 2272 523 2298 dissimularet
542 2272 687 2304 magnates
705 2277 737 2295 su
755 2278 854 2295 rasura
875 2270 899 2295 C

129 2383 201 2410 mag.
223 2375 291 2401 1168
310 2374 643 2409 (JArrt—Loawnmrzm,
665 2381 691 2397 n.
715 2379 799 2406 ¹¹395
819 2373 896 2398 colla
914 2373 980 2397 data
996 2377 1025 2404 ις

129 2415 222 2451 mag),
242 2417 318 2442 nella
337 2416 430 2449 quale,
448 2423 528 2440 come
546 2416 624 2440 terzn
644 2414 868 2439 sottoscrizione
888 2413 931 2438 tra
944 2413 954 2438 i
967 2421 1026 2438 car-

129 2460 231 2491 dinali,
251 2459 276 2484 si
296 2459 376 2491 legge
402 2458 497 2491 quella
516 2458 544 2482 di
567 2456 740 2482 ‘'Conradua
765 2456 955 2489 Magontinus
973 2455 1026 2480 Ar-

128 2502 142 2516 ⁸
155 2502 356 2535 chlepiscopus
369 2503 398 2526 et
409 2500 534 2526 Snuinus
547 2500 698 2533 episcopus
709 2517 722 2531 η
733 2508 739 2528 3
754 2499 785 2523 P.
798 2498 894 2529 Kana,
909 2499 949 2523 Le
958 2499 1026 2524 holle

128 2545 296 2578 Pontfficie..
310 2563 315 2568 .
327 2561 333 2569 .
352 2545 396 2569 che
421 2543 447 2568 si
463 2550 626 2567 conservanto
652 2541 846 2567 nell'Archivio
871 2541 902 2566 di
920 2541 1025 2566 Monte-

127 2587 238 2615 cassa’no,
258 2586 316 2615 cit„
336 2593 362 2618 p.
384 2583 426 2618 78.

216 2626 225 2644 ¹·
245 2627 341 2653 Guldo
361 2627 398 2652 da
411 2627 523 2658 Crema,
542 2626 616 2651 eard.
630 2627 709 2659 prete
723 2625 753 2650 dl
765 2625 792 2650 S.
806 2625 898 2650 Maria
912 2626 941 2649 in
956 2625 1025 2650 Trn-

127 2661 245 2699 stevere,
264 2670 295 2695 su
313 2670 402 2695 eletto
422 2669 443 2694 il
464 2675 496 2693 22
516 2676 562 2702 ap.
585 2667 659 2701 1164,
680 2668 726 2692 col
745 2667 837 2692 titolo
855 2667 886 2692 dl
905 2667 1024 2700 Pasqus·

128 2713 154 2738 le
172 2712 220 2743 111,
240 2711 359 2737 essendo
378 2711 531 2739 Ralnsldo,
550 2711 735 2735 arclvescovo
755 2710 783 2735 dl
799 2709 933 2740 Colonia,
952 2709 1026 2735 Can-

127 2755 241 2780 celllere
260 2754 291 2779 dl
310 2754 447 2779 Federlco
466 2753 487 2778 1.

216 2795 228 2813 ²
246 2796 313 2822 Uoo
333 2796 500 2825 Fatcnmo,
514 2804 540 2829 p.
555 2802 587 2828 77
602 2803 616 2820 e
631 2803 695 2829 seg..
709 2793 746 2821 da
761 2795 843 2820 molti
858 2795 1024 2829 particolar!

127 2840 203 2866 sulla
222 2846 303 2873 presa
322 2839 352 2864 di
371 2839 502 2864 Tavernn
527 2838 540 2852 ⁸
551 2840 674 2864 castrum
701 2838 891 2864 fortissimum
901 2855 928 2870 m
954 2840 1026 2864 dove

128 2883 151 2907 si
172 2889 218 2907 era
238 2881 348 2907 ridotta
368 2881 397 2906 ln
416 2883 546 2906 contessa
565 2880 595 2905 dl
616 2878 784 2906 Catanzsro.

218 2921 230 2939 ⁸
246 2923 332 2952 Inus,
352 2923 408 2948 loc.
428 2923 486 2952 cit„
500 2923 581 2956 paria
600 2921 645 2947 del
661 2922 834 2947 tradlmento
848 2922 1026 2948 dell'eunuco

126 2967 207 3000 guito
227 2966 321 2997 Iohar,
335 2967 457 2991 msestro
471 2964 636 2991 Camerarlo
650 2965 680 2990 dl
694 2964 817 2998 palazzo,
833 2965 892 2996 che,
912 2964 1026 2998 {uggito

127 3016 182 3034 con
201 3010 279 3045 tutto
301 3008 322 3032 il
342 3007 475 3040 suggello
494 3007 569 3032 reale
589 3014 638 3039 per
658 3007 749 3032 unirsl
770 3007 798 3032 al
818 3009 902 3032 conte
921 3006 952 3032 di
973 3007 1027 3032 Lo-

128 3051 240 3082 retelio,
261 3050 292 3075 su
311 3058 393 3083 preso
413 3057 428 3075 e
447 3050 561 3076 buttato
581 3051 610 3074 in
632 3056 715 3075 mare.
752 3049 883 3075 Tarento
895 3048 926 3074 fu
946 3057 1026 3082 presa

1081 2373 1126 2398 nel
1147 2380 1240 2397 marzo
1263 2371 1345 2397 1162:
1365 2373 1485 2398 Annales
1501 2372 1686 2403 Ceccanenses,
1707 2373 1737 2397 in
1753 2374 1793 2397 M.
1817 2373 1849 2397 G.
1868 2374 1903 2397 H.
1919 2375 1978 2401 ὁδὶ,

1081 2415 1154 2445 XIX,
1174 2423 1201 2449 p.
1221 2415 1281 2447 ²85·

1168 2456 1181 2472 ⁴
1200 2457 1267 2482 Uoo
1288 2458 1457 2487 FALcAnno,
1477 2466 1503 2490 p.
1526 2465 1582 2490 ¹05·
1604 2458 1632 2482 lo
1658 2458 1770 2483 chiama
1795 2457 1978 2482 “Richardus
2029 2464 2037 2469 ·

1083 2499 1096 2512 ‘⁴
1107 2499 1140 2524 de
1153 2498 1240 2533 Sagio
1252 2509 1279 2531 »3
1293 2500 1334 2532 gli
1348 2499 1417 2524 Anu.
1433 2501 1514 2527 δια..
1528 2501 1586 2529 cit„
1600 2501 1814 2524 erroneamente
1828 2500 1857 2523 lo
1871 2499 1978 2524 dlcono

1082 2543 1166 2575 Laya.
1204 2542 1245 2567 La
1265 2542 1375 2567 lezione
1394 2542 1438 2567 del
1459 2542 1605 2567 Falcando
1625 2542 1783 2566 s'avvicina
1802 2541 1831 2566 di
1851 2539 1902 2574 piu
1921 2542 1979 2566 nlla

1080 2584 1174 2610 forma
1193 2585 1361 2618 originaria.
1399 2584 1438 2609 Le
1454 2585 1560 2609 notiZie
1574 2584 1604 2608 ‹li
1623 2585 1738 2609 codesta
1753 2584 1883 2616 famiglia
1898 2583 1978 2609 rlsal-

1079 2633 1157 2659 gono
1171 2625 1197 2651 al
1215 2632 1293 2659 1094.
1329 2625 1383 2650 Fra
1398 2627 1405 2649 i
1421 2626 1532 2655 baroni,
1547 2625 1655 2654 insatti,
1671 2625 1720 2649 che
1732 2625 1778 2649 coi
1793 2624 1871 2649 Gran
1885 2624 1979 2649 Conte

1080 2667 1224 2701 Ruggiero
1243 2667 1360 2693 diedero
1380 2668 1465 2693 molti
1491 2667 1557 2692 beni
1583 2666 1640 2692 alla
1664 2666 1759 2691 chiesa
1785 2667 1813 2691 di
1840 2667 1927 2695 Patti.
1954 2668 1977 2691 si

1080 2709 1162 2744 legge
1180 2718 1249 2743 pure
1271 2710 1284 2724 “
1296 2710 1436 2735 Gofridus
1455 2710 1490 2734 de
1509 2710 1611 2742 Sageio
1631 2711 1711 2735 dedit
1730 2712 1787 2734 tres
1802 2709 1929 2734 villanos
1949 2710 1979 2734 in

1083 2753 1096 2767 ⁸
1108 2753 1261 2783 Caecabos,
1275 2753 1446 2777 concedente
1461 2759 1548 2777 uxore
1567 2759 1618 2776 sua
1629 2760 1658 2783 ης
1672 2752 1752 2777 Arch.
1769 2752 1837 2782 Cap.
1850 2752 1881 2776 di
1892 2753 1980 2780 Paeti,

1080 2795 1137 2820 vol.
1150 2794 1164 2820 1
1182 2796 1211 2820 dl
1226 2795 1418 2824 Fondazione,
1433 2803 1473 2819 nr.
1489 2795 1585 2819 antico
1601 2801 1642 2827 13,
1656 2794 1731 2819 mod.
1746 2799 1788 2826 54,
1808 2802 1883 2827 perg.
1898 2794 1979 2827 orig..

1080 2837 1111 2863 Si
1131 2845 1161 2862 sa
1180 2837 1283 2870 ch’egli
1298 2838 1366 2862 ebbe
1386 2837 1415 2861 in
1431 2837 1536 2869 moglie
1557 2843 1611 2861 una
1627 2836 1731 2861 sorella
1751 2837 1778 2860 di
1794 2837 1978 2861 Bartolomeo

1082 2880 1115 2904 de
1133 2879 1256 2909 Pax-islo,
1283 2880 1427 2913 rlpudiata
1448 2879 1494 2903 dal
1521 2879 1626 2903 marito
1652 2879 1701 2903 che
1727 2879 1805 2903 volle
1828 2879 1923 2903 unlrsl
1949 2879 1978 2903 in

1081 2923 1268 2948 matrimonio
1288 2923 1363 2947 colla
1385 2921 1398 2934 “
1412 2922 1592 2946 nobilissima
1613 2923 1782 2952 meretrixn,
1802 2922 1902 2954 nipote
1921 2920 1980 2946 del-

1081 2964 1286 2990 l'arcivescovo
1300 2965 1329 2989 di
1342 2964 1454 2996 Capua;
1469 2962 1596 2993 GARUFI,
1614 2965 1670 2988 lde
1685 2965 1793 2989 Parisio
1807 2972 1820 2987 e
1835 2964 1845 2987 i
1857 2964 1889 2988 de
1908 2963 1979 2988 Ocra

1080 3007 1125 3031 nei
1141 3007 1250 3032 contadi
1261 3007 1291 3031 di
1304 3006 1423 3031 Paterna
1442 3015 1455 3030 e
1475 3006 1505 3030 di
1523 3006 1637 3035 Butera,
1659 3005 1687 3029 in
1709 3007 1765 3030 Per
1785 3007 1812 3030 Ia
1832 3005 1917 3029 storia
1936 3005 1982 3029 dei

1080 3059 1129 3076 sec.
1151 3051 1202 3076 XI
1215 3059 1229 3075 e
1249 3051 1320 3081 ΧΗ,
1340 3050 1518 3075 Miscellanea
1538 3050 1596 3078 cit„
1617 3056 1643 3083 p.
1667 3056 1714 3073 ιιι
1735 3057 1750 3073 e
1770 3056 1824 3080 seg.
1845 3047 1979 3073 dell'estr.

1995 544 2108 568 easquale
2122 543 2160 564 ΙΙΙ
2172 549 2214 563 αη-

2021 571 2060 594 tip.
2078 576 2102 590 ²2
2113 576 2150 595 ap.
2163 572 2213 594 ¹16⁴

1898 261 1970 297 251
1984 273 2059 295 Mun..
2075 278 2108 292 cc.
2124 278 2212 296 ²04·²⁰S

2033 600 2098 617 mart.
2116 598 2166 616 1162

2007 2677 2042 2702 30

2009 2887 2041 2912 35

2057 629 2077 644 c.
2093 629 2132 648 uo
2139 630 2153 643 ιι

2061 1469 2080 1483 c,
2096 1468 2135 1487 2³1⁰
2142 1463 2154 1482 b
