2398 3470
141 285 222 322 [ΛΑ.
242 285 276 314 c.
295 285 450 320 sss-sss]
902 276 1219 314 CHRONICON
1938 273 1986 310 83

138 412 314 452 Ursacius,
330 417 366 445 et
377 411 508 444 Valens
524 416 734 455 rogauerunt
749 410 989 443 Constantium
1012 409 1217 453 Augustum,
1233 414 1271 442 ut
1285 414 1469 441 reuocaret
1485 408 1664 441 Liberium
1682 409 1726 441 de
1742 407 1856 445 exilio,
1872 411 1910 439 ut
1924 416 1994 438 una

138 472 269 499 tantum
293 465 498 498 comunione
521 464 758 507 participaret,
783 469 884 496 extra
906 463 1096 496 secundum
1128 462 1336 505 baptismum
1352 461 1373 495 ¹.
1419 462 1582 495 Liberius
1611 467 1735 501 autem,
1758 466 1797 493 ut
1819 459 1995 503 preceptis

137 515 286 563 Augusti
310 526 485 548 assensum
509 514 619 554 dedit,
643 515 687 548 de
711 514 815 547 exilio
831 520 1015 547 reuocatus
1030 520 1094 547 est.
1140 513 1298 547 Rediens
1321 518 1435 545 autem
1451 512 1614 545 Liberius
1630 514 1675 546 de
1693 511 1807 551 exilio,
1824 510 1995 543 habitauit

136 570 175 602 in
197 569 368 602 cimiterio
392 574 511 602 sancte
534 567 637 612 Agne
660 568 754 610 apud
777 577 977 611 germanam
1000 567 1197 600 Constantii
1220 567 1371 610 Augusti
1383 565 1405 599 ¹.
1452 566 1554 598 Tunc
1570 566 1793 599 Constantius
1816 564 1992 608 Augustus

95 621 114 654 5
138 622 224 655 fecit
247 621 432 655 concilium
457 632 535 655 cum
557 621 713 654 Arrianis
743 620 917 659 hereticis,
941 621 1043 653 simul
1066 620 1171 653 etiam
1194 630 1273 652 cum
1289 619 1446 658 Ursacio‚
1471 625 1507 652 et
1529 619 1690 658 Valente,
1714 624 1749 651 et
1775 618 1880 661 ejecit
1901 616 1994 649 Feli-

137 686 214 709 cem
236 676 280 709 de
303 675 517 718 episcopatu,
541 675 600 718 qui
624 680 699 707 erat
721 673 925 711 catholicus,
949 680 984 706 et
1006 674 1188 707 reuocauit
1210 673 1397 706 Liberium.
1445 672 1517 710 Qui
1542 672 1762 705 consentiens
1789 670 1993 704 Constantio

135 726 294 771 Augusto
317 727 486 766 heretico,
510 737 581 759 non
602 732 718 759 tamen
741 725 974 767 rebaptizatus
997 731 1050 758 est
1072 725 1244 765 Liberius,
1266 725 1330 757 sed
1353 735 1559 757 consensum
1580 723 1731 766 prebuit,
1755 729 1790 756 et
1811 721 1992 765 potencia-

135 780 215 813 liter
237 781 347 813 tenuit
369 780 529 813 basilicas
551 778 798 821 Apostolorum
820 778 917 811 Petri
940 774 975 811 et
998 779 1109 818 Pauli,
1133 785 1168 811 et
1190 778 1367 811 basilicam
1383 777 1704 811 Constantinianam
1727 777 1826 809 annis
1849 780 1994 817 septem,

136 839 171 866 et
194 834 260 866 fuit
281 834 476 877 persecutio
499 843 625 877 magna
645 833 682 864 in
705 833 791 865 urbe
815 832 940 871 Roma,
965 831 1029 865 'ita
1051 838 1089 865 ut
1112 833 1244 872 clerici,
1268 837 1303 864 et
1325 831 1535 869 sacerdotes,
1558 840 1672 874 neque
1696 830 1731 863 in
1754 829 1917 868 ecclesia,
1933 838 1993 860 ne-

73 886 113 919 10
136 897 203 930 que
226 887 264 920 in
286 887 412 920 balnea
433 887 603 920 haberent
624 886 801 919 introitum
813 885 836 925 ³,
859 886 923 919 sed
945 885 1063 929 gladio
1086 891 1304 924 necarentur,
1328 891 1363 917 et
1386 885 1552 929 martyrio
1577 889 1835 917 coronarentur.

225 940 323 972 Felix
346 946 460 972 autem
483 940 667 982 episcopus
690 939 830 972 natione
853 949 1015 971 romanus
1031 948 1074 971 ex
1088 944 1187 981 patre
1204 937 1399 977 Anastasio,
1415 937 1507 970 sedit
1522 948 1613 970 anno
1629 948 1710 976 uno,
1725 935 1900 969 mensibus
1915 945 1986 967 sex.

134 993 202 1026 Hic
226 993 419 1026 declarauit
441 993 683 1026 Constantium
706 992 812 1024 filium
835 992 1052 1025 Constantini
1075 992 1279 1030 hereticum,
1303 997 1339 1024 et
1362 991 1516 1024 secundo
1540 991 1752 1033 baptizatum
1775 990 1819 1023 ab
1843 988 1994 1022 Eusebio

135 1046 414 1085 Nieomeffiense,
435 1046 533 1090 juxta
564 1045 817 1083 Nicomediam,
842 1051 878 1078 et
899 1054 964 1088 per
987 1045 1054 1078 hoc
1079 1045 1309 1078 declararum.
1355 1044 1413 1078 Ab
1437 1045 1563 1078 eodem
1590 1044 1791 1077 Constantio
1816 1042 1994 1085 depositus

135 1098 179 1131 de
203 1098 416 1141 episcopatu,
439 1097 592 1130 martirio
617 1102 815 1136 coronatur,
839 1102 875 1129 et
897 1097 1013 1140 capite
1037 1102 1219 1129 truncatur
1233 1106 1291 1129 1111
1306 1095 1477 1130 kalendas
1501 1094 1676 1139 augusti⁴:
1702 1095 1777 1128 dies
1792 1095 1909 1138 itaque
1926 1091 1994 1124 Fe-

73 1149 110 1182 15
134 1151 213 1184 licis
235 1161 355 1183 omnes
377 1151 440 1183 sub
463 1150 595 1183 Liberii
617 1156 747 1193 papatu
778 1151 1052 1183 dinumerantur.
1105 1151 1119 1167 ‘⁴
1134 1150 1298 1192 Sequitur
1328 1155 1534 1183 terremotus
1565 1148 1715 1182 orribilis
1744 1159 1808 1191 per
1830 1148 1994 1190 plurimas

141 1203 156 1220 “
169 1201 309 1235 orientis
324 1202 428 1235 urbes
444 1201 518 1235 solo
534 1207 692 1234 sternens
704 1201 748 1241 „⁵.
788 1201 1063 1243 Constanti[n]us
1078 1201 1256 1244 predictus
1271 1202 1461 1244 imperator
1472 1200 1495 1239 ⁶,
1512 1201 1594 1233 dum
1610 1200 1834 1233 Constantem
1851 1199 1994 1231 fratrem

135 1253 228 1286 bello
251 1253 449 1292 insectatur,
471 1253 611 1285 incauta
624 1253 818 1295 petulantia
833 1263 870 1285 se
882 1251 895 1269 '¹
911 1253 1076 1293 offerens,
1093 1264 1113 1286 a
1129 1252 1276 1286 ducibus
1291 1253 1366 1297 ejus
1381 1253 1518 1285 occisus
1534 1258 1595 1284 est.
1642 1251 1814 1284 Constans
1830 1250 1995 1283 aduersus

135 1305 268 1344 Persas,
293 1305 377 1349 quid
400 1305 687 1348 Mesopotamiam
703 1312 933 1344 uastauerant,
949 1316 1074 1339 nouem
1090 1305 1210 1349 preliis
1225 1317 1347 1348 parum
1363 1315 1529 1348 prospere
1546 1305 1751 1338 decertauit.
1799 1303 1993 1336 Nouissime

136 1356 316 1395 seditione,
333 1363 436 1401 atque
451 1357 718 1399 intemperantia
739 1357 896 1395 militum,
911 1362 1015 1390 nocte
1032 1357 1162 1390 adoriri
1178 1367 1330 1400 pugnam
1347 1362 1499 1396 coactus,
1514 1361 1686 1399 patratam
1703 1365 1793 1398 pene
1813 1354 1995 1387 uictoriam

71 1408 114 1440 20
136 1408 278 1450 insuper
302 1408 416 1441 uictus
446 1407 568 1441 amisit.
615 1407 710 1447 Post,
735 1418 814 1440 cum
846 1418 883 1440 se
913 1407 1138 1441 intolerandis
1168 1409 1262 1441 uitiis
1293 1408 1455 1447 dedisset,
1487 1417 1529 1440 ac
1560 1418 1685 1450 penam
1717 1404 1994 1448 prouincialium,

77 1495 81 1501 .
137 1461 260 1494 fauore
283 1461 430 1494 militum
453 1468 681 1504 compararet,
705 1460 898 1505 Magnentii
922 1461 1013 1494 dolis
1034 1462 1071 1494 in
1094 1462 1238 1505 oppido,
1263 1462 1319 1494 cui
1343 1461 1478 1494 Helena
1495 1471 1624 1494 nomen
1639 1466 1700 1499 est,
1717 1459 1876 1503 proximo
1899 1459 1995 1500 Ispa-

137 1512 205 1550 nie,
227 1513 434 1546 interfectus
457 1519 518 1551 est,
543 1523 635 1546 anno
657 1513 796 1556 imperii
818 1513 871 1545 sui
894 1522 972 1545 xvn
996 1513 1096 1546 etatis
1120 1523 1197 1545 xxx
1208 1511 1232 1546 ⁸.

230 1565 479 1610 “Magnentius
501 1567 592 1598 enim
616 1566 710 1609 apud
733 1565 1023 1611 Augustodunum
1047 1567 1193 1609 arripuit
1216 1567 1410 1610 imperium,
1434 1566 1530 1609 quod
1554 1565 1719 1599 continuo
1742 1575 1806 1608 per
1834 1563 1994 1602 Galliam,

142 1621 156 1636 ‘⁴
169 1617 339 1659 Africam,
363 1619 566 1663 Italiamque
591 1619 764 1662 porrexit.'
811 1620 851 1652 In
874 1619 1004 1653 Illirico
1027 1625 1142 1653 autem
1164 1620 1414 1653 Uetranionem
1438 1625 1530 1652 etate
1553 1619 1781 1663 grandenum,
1805 1618 1994 1660 imperato-

70 1670 111 1704 25
141 1674 242 1705 “rem
266 1672 331 1705 sibi
354 1672 481 1705 milites
505 1679 723 1712 creauerunt,
747 1673 860 1706 uirum
884 1679 1008 1706 natura
1031 1674 1235 1716 simplicem,
1260 1674 1463 1716 cunctisque
1486 1673 1690 1718 jucundum,
1715 1672 1779 1705 sed
1801 1671 1860 1714 qui
1875 1670 1994 1703 literas

140 1727 155 1743 “
168 1735 238 1758 non
261 1725 452 1758 didicisset.
500 1727 623 1770 Itaque
648 1736 728 1759 cum
751 1726 879 1769 primas
901 1727 1082 1760 literarum
1105 1727 1239 1771 syllaba
1262 1727 1449 1770 imperator
1465 1737 1571 1759 senex
1586 1726 1761 1759 interdum
1779 1724 1907 1757 inuitus
1923 1734 1995 1756 me-

141 1777 156 1794 “
172 1776 350 1815 ditaretur,
374 1787 395 1809 a
417 1777 632 1815 Constantio,
657 1777 715 1820 qui
737 1783 820 1809 tunc
842 1778 880 1810 in
902 1777 1156 1821 Magnentium,
1179 1778 1310 1811 ultione
1335 1778 1452 1811 fratris
1475 1787 1654 1815 accensus,
1678 1776 1806 1809 bellum
1839 1774 1995 1817 parabat,

140 1828 154 1845 ⁸
169 1827 344 1870 deponere
366 1827 479 1871 jussus
500 1828 694 1870 imperium,
717 1828 874 1861 abiciens
898 1839 977 1861 cum
1000 1828 1109 1861 literis
1131 1840 1303 1872 purpuras
1327 1834 1578 1871 contentusque
1603 1827 1750 1870 priuatis
1773 1826 1883 1866 feriis,
1898 1825 1994 1868 pala-

140 1881 155 1898 “
168 1880 259 1913 cium
282 1881 392 1920 simul,
416 1881 614 1924 scolamque
639 1881 776 1914 dimisit.
824 1881 1041 1923 Nepotianus
1065 1881 1194 1914 deinde
1222 1882 1337 1915 Rome
1361 1881 1554 1915 Constantii
1585 1880 1713 1914 sororis
1736 1880 1836 1918 filius,
1860 1878 1996 1923 gladia-

69 1932 112 1964 30
139 1933 154 1949 ‘⁴
167 1937 279 1964 torum
302 1942 405 1964 manu
429 1932 552 1970 fretus,
574 1932 702 1964 inuasit
723 1932 924 1975 imperium;
949 1933 1008 1975 qui
1021 1932 1034 1951 ⁹
1057 1943 1137 1966 cum
1159 1933 1350 1976 improbus,
1374 1943 1416 1965 ac
1432 1943 1498 1975 per
1513 1933 1580 1966 hoc
1596 1932 1727 1964 inuisus
1743 1930 1879 1964 cunctis
1895 1935 1996 1969 esset,

141 1985 155 2002 ‘⁴
166 1984 331 2018 uicesimo
354 1983 529 2027 (septimo)
545 1984 696 2027 [octauo]
713 1985 770 2019 die
787 1986 862 2030 ejus
876 1985 1025 2028 imperii,
1042 1997 1063 2018 a
1077 1985 1335 2030 Magnentianis
1359 1986 1506 2020 ducibus
1528 1995 1715 2028 oppressus
1737 1990 1789 2017 est
1803 2008 1817 2024 „
1831 1995 1839 2016 ε
1869 1985 1883 2001 “
1899 1982 1995 2026 cujus

226 2098 248 2116 1.
267 2091 386 2116 ursacio
409 2090 433 2115 C
449 2104 457 2109 -
477 2090 685 2116 Constancium
706 2092 731 2117 C
747 2105 780 2109 —
801 2097 826 2116 2.
845 2092 1019 2117 comunione
1042 2091 1066 2116 C
1081 2106 1091 2111 -
1111 2094 1259 2126 preceptus
1283 2093 1306 2117 C
1323 2108 1355 2113 —
1374 2101 1399 2126 4.
1419 2093 1570 2118 cemeterlo
1588 2092 1615 2116 B
1633 2105 1643 2110 -
1663 2090 1838 2116 Constantio
1862 2089 1885 2114 C
1895 2103 1904 2107 -
1918 2088 1997 2114 Con·-

135 2133 240 2158 stancii
256 2133 280 2158 C
295 2148 328 2153 —
347 2132 373 2158 6.
392 2134 576 2158 consenciens
599 2134 623 2158 C
639 2148 648 2152 -
668 2133 848 2159 Constancio
871 2134 895 2158 C
911 2148 943 2152 ——
965 2141 989 2168 7.
1002 2136 1045 2159 set
1068 2134 1092 2159 C
1106 2149 1139 2154 —
1161 2134 1215 2168 7-8.
1228 2136 1443 2169 presencialiter
1460 2135 1484 2159 C
1494 2149 1526 2153 —
1541 2133 1566 2160 8.
1579 2141 1625 2159 vu
1641 2134 1665 2159 C
1681 2148 1713 2152 —
1737 2140 1776 2159 10.
1789 2135 1832 2158 set
1854 2132 1878 2156 C
1893 2144 1904 2150 -
1923 2138 1995 2156 mar-

136 2175 207 2201 tirio
223 2175 289 2200 C—
307 2183 346 2201 11.
359 2183 465 2201 annum
488 2183 499 2201 1
518 2176 542 2200 C
557 2190 569 2196 -
588 2183 620 2202 vr
637 2176 660 2201 C
671 2191 702 2195 —
726 2184 766 2201 12.
781 2177 904 2202 secundo
924 2177 1129 2210 rebaptizatum
1152 2177 1176 2202 C
1187 2193 1219 2197 —
1242 2185 1282 2211 13·
1296 2177 1503 2203 Nicomedense
1519 2177 1543 2202 C
1558 2190 1569 2196 -
1588 2176 1768 2202 Constancio
1786 2175 1809 2199 C
1820 2189 1852 2194 —
1868 2181 1909 2207 14.
1922 2181 1996 2198 mar-

136 2218 207 2243 tirio
229 2217 252 2242 G
268 2232 300 2236 —
323 2225 363 2252 15.
381 2219 598 2244 dimunerantur
616 2219 653 2248 B,
665 2219 716 2243 cosi
730 2218 755 2243 il
771 2219 846 2243 Sassi
862 2233 895 2238 —-
918 2219 957 2244 16.
972 2219 1166 2245 Constancius
1183 2219 1207 2244 C
1223 2234 1255 2239 —
1272 2226 1312 2253 17.
1326 2221 1489 2253 penitencia
1512 2219 1535 2244 C
1552 2233 1585 2237 —
1607 2227 1647 2253 19.
1667 2219 1872 2244 sedicione....
1892 2217 1996 2241 intem-

91 2265 106 2292 5
137 2260 268 2293 pen-ancia
288 2262 312 2287 C
328 2274 338 2279 -
357 2268 454 2295 pugna
476 2260 500 2285 C
510 2275 542 2279 —
563 2268 605 2286 20.
618 2261 705 2286 uiciis
728 2261 751 2286 C
756 2271 768 2290 ‚·
780 2262 1006 2294 prouiciboiium
1020 2262 1078 2292 (sic)
1090 2262 1115 2286 Α
1130 2275 1162 2281 -
1177 2268 1219 2286 21.
1233 2262 1398 2295 Magnencii
1421 2262 1444 2287 C
1460 2276 1470 2281 -
1490 2269 1594 2287 nomen
1613 2269 1706 2286 manca
1724 2262 1754 2285 in
1771 2259 1795 2284 C
1805 2273 1814 2278 -
1828 2259 1996 2293 proxiximo

137 2301 196 2334 (εἰσ)
219 2303 242 2327 C
258 2317 290 2321 —
312 2309 353 2336 23.
366 2303 553 2336 Magnencius
577 2303 615 2332 C,·
634 2303 759 2336 Augusti
778 2304 878 2329 diuum
891 2304 927 2332 Α,
940 2304 1065 2336 Augusti
1079 2304 1186 2329 dunum
1203 2303 1231 2329 C.
1245 2304 1283 2329 La
1297 2305 1392 2330 lenione
1401 2305 1494 2337 giusta
1507 2303 1748 2337 Augustodunum
1763 2303 1794 2326 dn·
1804 2302 1830 2326 B
1841 2302 1855 2325 ὲ
1867 2300 1998 2332 conforme

136 2345 173 2369 ad
187 2343 276 2370 Oratio
294 2353 308 2369 e
325 2345 386 2378 agli
404 2345 417 2358 ⁸
428 2345 603 2371 Addimenta
622 2346 658 2371 ad
676 2346 761 2371 Pauli
780 2346 932 2371 historiam
951 2346 1111 2372 Romanam
1130 2346 1263 2372 Landolfi
1276 2347 1399 2380 Sagacis,
1419 2347 1464 2372 lib.
1479 2346 1533 2375 XI,
1546 2347 1778 2374 aed1'8.DROY⁵EN.
1796 2346 1842 2369 cit·
1863 2342 1996 2370 Bervll'ni,

135 2386 214 2417 1879,
228 2389 257 2419 p.
275 2393 329 2417 ³29
349 2402 381 2407 —
401 2394 444 2421 ²4·
462 2388 648 2413 abbreviatum
667 2388 712 2412 nel
725 2388 815 2421 primo
833 2389 946 2413 membro
965 2388 1036 2413 della
1050 2389 1159 2420 petrola,
1170 2389 1217 2413 che
1234 2390 1285 2421 pue>
1305 2390 1420 2422 leggersi
1436 2390 1642 2414 uetramoneno
1662 2388 1720 2420 (sic)
1743 2387 1767 2412 C
1783 2400 1816 2406 —
1837 2393 1851 2411 2
1856 2394 1881 2419 5.
1899 2386 1996 2410 iocun-

138 2428 204 2454 dum
225 2428 248 2453 C
265 2439 302 2448 —-*
317 2429 360 2455 26.
379 2437 473 2455 manca
492 2437 551 2455 non
570 2431 600 2454 in
624 2430 690 2454 0-
705 2437 747 2464 27.
766 2431 946 2464 Magnencio,
966 2430 1082 2456 ulcione
1105 2430 1171 2455 0-
1187 2430 1228 2456 28.
1248 2431 1354 2457 litteris
1373 2439 1527 2465 purpuram
1540 2432 1567 2455 B
1586 2445 1616 2449 —
1639 2437 1680 2464 29.
1701 2431 1809 2455 scolam
1827 2429 1852 2453 A
1872 2442 1882 2447 -
1901 2428 1995 2460 Nepo-

77 2478 110 2498 10
136 2473 235 2498 elanus
257 2473 280 2498 C
297 2487 305 2492 -
325 2473 511 2500 Constanciis
535 2474 558 2499 C
575 2489 607 2493 —
627 2482 669 2508 31.
683 2481 769 2500 xxvn
793 2475 832 2503 C.-
851 2476 987 2500 vicesimo
1012 2476 1135 2509 septimo
1152 2476 1225 2505 AB,
1243 2477 1365 2509 agg-tusto
1384 2477 1414 2501 in
1439 2478 1545 2501 octavo
1570 2476 1676 2500 secondo
1700 2475 1881 2503 Eum-nonus,
1900 2473 1934 2504 X,
1956 2478 1996 2501 11,

137 2518 218 2543 donde
235 2517 260 2542 {1
276 2518 358 2543 bruno
375 2519 390 2543 ἑ
403 2521 498 2551 presa,-
515 2518 567 2543 cosi
584 2522 668 2543 scuria
678 2522 747 2550 pure
766 2519 793 2543 la
811 2519 907 2544 hutone
925 2520 1031 2544 circum
1050 2520 1140 2545 latum
1159 2521 1191 2545 di
1200 2520 1225 2544 Α
1235 2521 1262 2544 Β
1272 2527 1286 2544 e
1304 2522 1397 2545 accetto
1415 2520 1585 2545 circulatum
1603 2519 1634 2548 C,
1646 2518 1779 2550 conforme
1796 2517 1826 2542 al
1842 2518 1924 2542 bruno
1941 2514 1997 2540 Eu-

137 2560 256 2592 mptum
275 2574 303 2579 —
327 2567 412 2594 31-p.
433 2560 476 2593 84,
495 2562 515 2586 l.
537 2568 558 2585 1.
578 2561 853 2594 Magnencianis....
872 2561 964 2596 capud
985 2563 1009 2587 C
1731 2561 1733 2563 ’

221 2627 232 2646 ¹
251 2629 305 2655 Fin
324 2631 374 2664 qui
394 2631 561 2664 riprodotto
580 2631 661 2663 quasi
680 2631 897 2657 letteralmente.
1088 2633 1241 2664 nographen
1259 2640 1308 2658 von
1327 2633 1407 2657 Ialere
1425 2637 1478 2663 354
1497 2633 1528 2657 in
1546 2632 1674 2656 Memoria
1693 2631 1763 2655 della
1781 2630 1813 2655 R.
1840 2629 1993 2655 Accademia

50 2696 51 2699 ,
222 2670 234 2687 ²
252 2672 281 2697 L.
300 2673 344 2702 P..
363 2673 418 2699 loc.
437 2674 501 2699 cita
522 2673 537 2687 ¹‘
544 2673 730 2699 ....Red1ens
749 2674 843 2698 autem
856 2673 988 2699 Liberius
1002 2674 1035 2699 de
1088 2675 1120 2699 dn·
1136 2674 1271 2703 Sassonla,
1294 2674 1370 2708 1850,
1389 2675 1448 2700 vol.
1467 2675 1494 2701 12
1515 2675 1682 2708 riprodotto
1708 2674 1739 2698 in
1759 2673 1790 2698 P.
1809 2673 1855 2697 Da
1880 2671 1992 2702 SMEDT,

78 2717 108 2748 15
137 2713 251 2740 “exilio
270 2715 415 2740 habitavit
428 2716 460 2740 in
474 2716 624 2749 cymiter10
638 2714 759 2741 Sanctae
772 2716 873 2749 Agnae
885 2716 962 2750 apud
974 2724 1036 2750 ger-
1089 2716 1253 2742 Introductio
1271 2718 1308 2741 ad
1324 2717 1463 2742 historiam
1481 2717 1706 2745 Ecclesiasticam,
1725 2715 1819 2746 Gand,
1841 2713 1916 2748 1876.

137 2755 151 2770 ⁴
161 2763 273 2782 manum
292 2756 462 2783 Constantu
480 2758 672 2791 Augusti....
683 2775 705 2789 „.
1179 2759 1190 2776 ⁵
1211 2760 1350 2791 Onosms,
1369 2761 1430 2793 VH,
1451 2767 1493 2795 29,
1514 2767 1541 2793 5:
1564 2760 1578 2775 ¹‘
1588 2760 1699 2793 ....qui
1719 2760 1856 2794 plurimas
1871 2758 1993 2783 orientIs

223 2797 235 2815 ³
253 2799 307 2824 Fin
326 2801 376 2832 qui
395 2801 478 2832 quasi
496 2801 704 2825 letteralmente
722 2799 751 2825 L.
766 2800 808 2832 Ρ.,
821 2808 868 2834 pp.
883 2806 933 2833 207
947 2808 962 2826 e
976 2802 1036 2828 208.
1089 2803 1103 2817 ¹⁴
1116 2802 1197 2827 urbes
1217 2802 1281 2827 solo
1301 2805 1415 2828 stravit.

137 2839 192 2866 Clo
211 2841 261 2866 che
279 2849 363 2875 segue
382 2841 397 2867 ἒ
415 2843 557 2876 aggiunto
577 2843 612 2867 da
631 2849 658 2868 R.
1179 2842 1190 2859 ⁰
1209 2843 1303 2870 Ioum
1337 2843 1351 2858 “
1369 2844 1583 2870 Constantinus
1616 2844 1684 2868 dum
1715 2842 1905 2869 Constantem
1937 2843 1994 2868 sra-

50 2911 52 2915 y
224 2880 235 2899 ⁴
252 2882 282 2908 L.
302 2883 346 2912 P..
359 2890 387 2916 p.
402 2889 461 2913 211,
476 2884 490 2898 ¹¹
500 2900 571 2909 .....
581 2883 656 2908 sedit
674 2890 721 2908 an.
734 2889 755 2914 1,
770 2891 805 2909 m.
818 2889 858 2908 111
871 2883 898 2909 d.
918 2890 998 2909 11....
1012 2902 1035 2916 ,,.
1091 2886 1187 2911 “trem
1207 2887 1260 2911 etc.
1273 2904 1294 2918 „-

77 2930 113 2950 20
136 2922 161 2950 11
179 2925 286 2958 giorno
305 2925 380 2950 della
398 2927 491 2951 morte
509 2926 624 2951 sarebbe
644 2923 712 2959 pei-‹⁸›
732 2924 745 2938 ‘¹
758 2931 793 2950 111
813 2925 852 2951 id.
868 2926 1000 2952 novemb.
1012 2944 1037 2959 ,,.
1179 2926 1191 2944 ⁷
1209 2928 1303 2953 Inzmz
1325 2928 1513 2962 “petulantia
1531 2927 1668 2962 periculis
1687 2935 1808 2952 sese....
1818 2943 1841 2959 „-

138 2966 221 2992 Altra
242 2967 322 2992 fonte
341 2967 525 3000 leggendaria
550 2969 634 3001 porta
659 2967 682 2992 il
701 2967 923 3000 seppellimento
943 2968 974 2993 di
994 2968 1036 2993 lui
1179 2967 1190 2985 ⁸
1208 2969 1294 3000 IDEM,
1308 2970 1369 3001 VH,
1384 2977 1426 3004 29,
1439 2970 1456 2995 6
1469 2979 1484 2995 e
1498 2978 1512 3004 7
1529 2970 1543 2984 ‘¹
1553 2988 1559 2995 .
1570 2977 1693 2995 ...anno
1708 2969 1823 3003 imperii
1836 2974 1904 2995 xvn
1917 2970 1969 2994 etc.
1979 2986 1992 3001 „

139 3009 166 3034 nl
186 3015 220 3042 ²9
238 3009 341 3042 lugllo.
369 3007 416 3034 Cf.
436 3009 465 3034 L.
483 3009 527 3039 Ρ.,
546 3009 836 3041 Introduzione,
850 3018 876 3043 p.
890 3016 982 3036 cxx1v
995 3017 1038 3044 sg.
1090 3010 1105 3036 ὲ
1124 3019 1207 3045 preso
1227 3012 1263 3037 da
1282 3012 1462 3043 Exn-norum,
1481 3013 1515 3043 X,
1534 3021 1559 3046 9,
1579 3012 1617 3046 (p.
1639 3011 1710 3046 176).

139 3051 187 3077 Sul
205 3052 339 3086 catalogo
357 3051 514 3078 Liberlano
534 3053 571 3078 cf.
591 3052 760 3085 Mounsm,
784 3052 866 3079 Ueber
883 3053 935 3078 dm
957 3052 1040 3078 Chro-
1181 3053 1193 3071 ⁹
1212 3053 1300 3085 Insa,
1320 3053 1381 3086 vn,
1402 3059 1444 3087 29,
1466 3060 1496 3079 12
1518 3052 1591 3086 “qui
1613 3053 1775 3079 deinde....
1788 3070 1810 3085 „.

2018 284 2093 307 Mun..
2107 288 2143 304 cc.
2158 284 2220 307 83-84

2043 842 2064 858 c.
2079 841 2119 857 110
2126 836 2139 856 h

2038 922 2109 943 Felix
2119 924 2182 948 papa

2036 955 2058 970 ⁸-
2074 950 2100 970 C·
2116 950 2205 975 ³55·³53

2044 1632 2064 1648 c.
2079 1631 2119 1646 ΙΙΙ
2126 1631 2140 1646 a

2024 2675 2054 2699 25

2023 2889 2056 2916 30
