2398 3470
200 260 275 284 Μυκ,,
287 266 321 282 cc.
333 261 421 285 2⁰8·2o9
436 247 511 284 256

261 435 299 457 iul.
316 441 342 459 ²9

260 489 297 510 iul.
317 495 342 513 30

248 600 268 614 c,
286 599 323 618 241
332 599 346 613 a

275 1288 324 1310 dec.

270 1397 319 1416 1168

244 1510 264 1525 c.
282 1510 321 1529 244
329 1504 341 1523 h

369 2034 402 2051 10

369 2241 398 2267 15

366 2457 400 2475 20

366 2663 397 2690 25

364 2878 400 2903 30

1203 247 1518 284 CHRONICON
1936 255 2019 291 [ΛΑ.
2038 256 2072 284 c.
2093 258 2287 291 1167-11681

433 371 536 404 Unde
560 371 758 413 imperator,
781 370 847 402 hac
871 368 1058 401 occasione
1081 368 1232 408 inuenta,
1257 374 1388 401 armata
1411 380 1515 402 manu
1539 369 1725 403 ecclesiam
1741 370 1834 403 beati
1849 370 1943 405 Petri
1959 373 2133 407 uiolenter
2146 374 2283 407 inuasit.

435 424 622 461 Porticum‚
645 432 712 466 que
736 427 810 454 erat
832 427 912 454 ante
936 421 1132 459 ecclesiam,
1156 421 1312 454 comburi
1343 422 1439 460 fecit,
1471 422 1668 456 Guidonem
1699 423 1920 457 cremensem
1950 426 1987 458 in
2017 427 2200 460 ecclesiam
2231 427 2283 459 in-

434 477 533 510 duxit
556 482 590 508 et
613 485 690 508 eum
715 475 846 507 ibidem
870 475 1006 507 missam
1030 484 1159 507 canere
1183 475 1269 508 fecit
1282 476 1303 508 ¹.
1351 473 1434 513 Quo
1457 476 1609 519 cognito,
1626 475 1831 510 Alexander
1854 488 1956 521 papa,
1971 479 2031 523 qui
2044 485 2130 513 tunc
2144 480 2180 513 in
2196 480 2283 513 turri

432 528 623 563 Cartularie
646 528 857 567 morabatur,
879 528 915 559 in
937 527 1058 560 habitu
1081 527 1257 572 peregrini
1281 539 1359 561 cum
1383 529 1504 571 paucis
1527 528 1660 562 Urbem
1684 529 1779 568 exiit,
1803 535 1838 563 et
1855 530 2015 565 Gaietam
2030 543 2140 576 nsque
2156 543 2283 576 perue-

434 583 497 622 nit,
520 588 555 614 et
577 581 624 613 ibi
648 585 822 623 assumpto
846 580 1037 623 pontificali
1060 580 1194 618 habitu,
1219 581 1467 614 'Beneuentum
1491 582 1637 615 ueniens
1660 593 1680 614 a
1705 583 1838 616 ciuibus
1861 583 2015 618 eiusdem
2040 586 2191 619 ciuitatis
2221 587 2283 619 ho-

430 635 582 669 norifice
607 641 658 668 est
680 640 843 676 receptus
856 633 878 666 ².
926 634 1021 666 Deus
1045 639 1157 666 autem
1181 634 1342 667 iniuriam
1367 635 1527 678 apostolo
1550 634 1655 669 Petro
1678 636 1810 669 illatam
1838 643 1874 670 et
1904 638 2054 672 ecclesie
2083 651 2142 673 sue
2174 640 2283 673 uiola-

431 690 559 721 tionem
582 687 758 731 condigna
780 697 872 730 pena
896 687 1064 725 manauit,
1088 698 1167 719 nam
1189 688 1421 721 incontinenti
1443 689 1636 722 mortalitas
1665 691 1813 723 maxima
1844 691 2035 724 exercitum
2065 693 2282 736 imperatoris

430 743 568 780 inuasit,
590 742 639 773 ita
662 741 756 784 quod
779 740 1008 773 cancellarius
1020 739 1044 779 ³,
1068 746 1102 772 et
1125 740 1273 773 Carolus
1296 741 1443 774 Corradi
1467 741 1556 774 filius
1567 741 1590 781 ⁴,
1615 749 1651 775 et
1673 743 1769 776 multi
1794 743 1938 782 nobiles,
1961 750 1997 777 et
2026 747 2173 780 maxima
2202 757 2284 790 pars

430 795 602 828 exercitus
626 795 678 827 sui
701 795 736 827 in
761 794 858 826 breui
891 794 1003 836 spatio
1036 793 1199 836 temporis
1231 794 1374 828 interiit.
1422 794 1531 833 Quod
1560 795 1749 839 imperator
1779 797 1902 830 uidens
1932 804 1967 831 et
1996 798 2061 831 Dei
2090 799 2282 834 uindictam

430 849 613 882 manifeste
637 858 863 893 cognoscens,
888 847 1009 880 relicto
1033 848 1126 890 apud
1150 847 1285 881 Urbem
1310 849 1483 891 prefecto,
1506 850 1565 882 uix
1592 860 1670 882 curn
1686 852 1808 894 paucis
1823 851 1931 885 tristis
1946 858 1981 885 et
1995 863 2131 887 merens
2146 852 2183 886 in
2198 853 2282 887 Ala-

430 903 603 935 manniam
628 901 731 935 rediit
744 901 768 934 ⁶.

518 956 597 989 Rex
621 961 735 989 autem
758 955 1002 997 W[ilhelmus],
1023 960 1061 987 ut
1084 955 1308 998 prediximus,
1335 962 1479 998 propter
1510 958 1618 990 multa
1649 958 1830 998 beneficia,
1860 969 1929 1002 que
1960 960 2033 1003 ipse
2063 971 2141 994 cum
2172 967 2282 995 matre

431 1021 492 1043 sua
515 1019 624 1053 regno
648 1019 709 1042 suo
733 1008 890 1048 contulit,
915 1009 958 1042 ab
982 1007 1179 1041 hominibus
1203 1009 1273 1041 suis
1297 1009 1392 1052 cepit
1413 1011 1558 1043 multum
1582 1011 1692 1055 diligi,
1715 1017 1752 1045 et
1774 1022 1919 1056 regnum
1944 1024 2042 1045 suum
2069 1013 2217 1048 uiriliter
2244 1014 2282 1048 in

428 1075 516 1107 pace
539 1069 670 1096 tenere.
717 1063 914 1106 Stephanus
938 1068 1053 1095 autem
1077 1062 1308 1095 cancellarius
1332 1063 1446 1105 primo
1473 1065 1616 1107 quidem
1631 1065 1792 1098 omnibus
1806 1076 1843 1099 se
1859 1066 2026 1099 humilem
2041 1073 2078 1100 et
2093 1067 2279 1112 benignum

428 1117 596 1156 exhibuit,
620 1117 837 1160 postmodum
861 1126 944 1149 uero
967 1115 1005 1148 in
1027 1115 1225 1158 superbiam
1249 1116 1370 1155 elatus,
1393 1117 1540 1150 consilio
1563 1129 1751 1160 prauorum
1777 1119 1968 1159 hominum,
1991 1120 2176 1164 indigenas
2190 1126 2282 1154 terre

430 1171 524 1213 cepit
547 1170 677 1203 habere
702 1170 842 1203 odiosos
865 1169 996 1213 pariter
1019 1174 1055 1201 et
1077 1174 1258 1212 suspectos
1273 1168 1296 1202 ⁶.
1344 1168 1416 1208 Qui
1440 1171 1537 1204 circa
1559 1172 1779 1206 natiuitatem
1801 1172 1941 1206 Domini
1966 1183 2044 1206 cnm
2067 1183 2152 1218 rege
2179 1179 2216 1207 et
2229 1183 2282 1208 re-

427 1225 510 1268 gina
532 1230 567 1257 et
590 1223 806 1267 magnatibus
830 1223 925 1255 curie
948 1223 1146 1255 Messanam
1169 1223 1266 1256 uenit
1277 1222 1299 1256 ⁷.
1347 1223 1526 1258 Gilbertus
1549 1225 1651 1258 etiam
1676 1236 1794 1259 comes
1818 1226 1983 1266 Gravine‚
2006 1228 2129 1271 regine
2151 1233 2186 1261 et
2201 1237 2284 1261 mn·

429 1277 564 1311 cellarii
588 1276 873 1320 consanguineus,
897 1275 957 1319 qui
979 1281 1062 1308 tunc
1087 1275 1290 1318 capitaneus
1305 1282 1379 1309 erat
1395 1277 1501 1310 totius
1515 1277 1654 1320 Apulie,
1670 1289 1749 1311 cum
1765 1289 1891 1323 magna
1906 1290 2010 1312 manu
2025 1279 2171 1313 militum
2187 1280 2283 1314 Mes—

426 1342 544 1365 sanam
567 1330 724 1363 accessit.
771 1329 1010 1363 Cancellarius
1034 1335 1160 1367 autem,
1183 1329 1304 1362 habito
1328 1340 1407 1363 cum
1431 1340 1474 1364 eo
1499 1331 1656 1371 consilio,
1680 1332 1844 1365 comitem
1861 1333 2050 1366 Henricum
2066 1334 2212 1367 fratrem
2225 1345 2282 1367 re-

2310 855 2349 886 10

2309 1122 2347 1154 15

424 1386 505 1430 gine
527 1384 606 1426 capi
630 1383 727 1423 fecit,
750 1389 785 1416 et
807 1383 901 1425 apud
924 1382 1078 1426 Regium
1102 1382 1282 1422 custodiri,
1306 1383 1488 1426 imponens
1511 1385 1555 1424 ei,
1579 1386 1675 1429 quod
1698 1386 1773 1428 ipse
1796 1397 1873 1419 cum
1896 1387 2015 1419 multis
2037 1393 2183 1421 mortem
2199 1398 2282 1420 can-
2305 1388 2348 1419 20

428 1438 562 1472 cellarii
597 1443 631 1470 et
662 1436 795 1471 comitis
832 1435 981 1469 Gilberti
1018 1436 1165 1469 iurasset
1175 1434 1198 1469 ⁸.
1243 1435 1314 1469 Pro
1348 1448 1416 1481 qua
1450 1439 1636 1472 occasione
1666 1438 1865 1472 Riccardus
1897 1450 2012 1474 comes
2047 1441 2092 1474 de
2127 1441 2280 1480 Mulisio,

430 1491 704 1526 Bartholomeus'
730 1491 774 1523 de
799 1489 932 1523 Parisio
946 1488 967 1528 ⁹,
984 1490 1157 1523 Iohannes
1172 1490 1216 1523 de
1232 1490 1389 1534 Sinopoli
1403 1490 1427 1508 ¹⁰
1444 1497 1480 1525 et
1495 1492 1592 1525 multi
1608 1492 1667 1525 alii
1682 1493 1777 1535 capti
1792 1498 1872 1526 sunt
1889 1499 1924 1527 et
1938 1495 1975 1526 in
1992 1494 2152 1528 custodia
2166 1495 2280 1538 positi.

518 1604 541 1622 1.
559 1603 620 1621 arm
639 1596 668 1620 di
681 1596 775 1627 prima
793 1603 879 1625 mano,
900 1595 970 1620 alm·
987 1595 1122 1627 aggiunse
1141 1596 1189 1619 ata
1210 1594 1233 1619 C
1255 1607 1288 1612 ·—
1307 1593 1333 1619 6.
1353 1598 1498 1629 susceptus
1519 1597 1565 1622 Ce
1578 1597 1670 1622 Arndt
1682 1611 1715 1614 —
1729 1597 1754 1622 8.
1768 1597 1915 1623 chonradi
1931 1599 1959 1623 B
1971 1607 1984 1622 ε
1997 1599 2094 1628 Sassop
2109 1598 2238 1624 Com-adi
2259 1600 2284 1624 C

427 1653 460 1657 ——
483 1646 572 1664 10-11.
591 1639 695 1663 Alami
713 1638 744 1663 di
755 1639 849 1669 prima
867 1645 955 1668 mano,
973 1638 1044 1662 altri
1058 1638 1103 1662 col
1118 1638 1198 1662 solito
1217 1637 1360 1664 inchiostro
1372 1638 1490 1664 sbiadito
1502 1640 1633 1672 aggiunse
1646 1640 1694 1664 nia
1709 1641 1732 1665 C
1744 1654 1776 1658 ——
1793 1647 1832 1673 ¹3·
1852 1641 1932 1665 virit‘
1952 1641 1984 1665 di
1993 1641 2089 1673 prima
2100 1648 2191 1670 mano,
2209 1642 2282 1667 altr?

426 1683 469 1707 col
484 1683 564 1707 solito
581 1681 726 1706 inchiostro
744 1680 860 1705 sbiadito
877 1681 1053 1711 soprascrisse
1071 1680 1092 1704 li
1115 1679 1139 1703 C
1156 1693 1189 1697 --
1211 1687 1252 1713 15.
1271 1681 1383 1705 exibuit
1403 1682 1427 1706 C
1449 1690 1462 1705 e
1481 1681 1573 1707 Arndt
1591 1695 1624 1700 -—
1647 1690 1686 1715 19.
1706 1683 1831 1707 consilio
1851 1690 1915 1707 cum
1934 1690 1969 1708 eo
1989 1683 2020 1707 di
2031 1684 2124 1715 prim
2140 1690 2215 1709 mano
2233 1684 2280 1710 che

425 1732 540 1750 corre-ne
558 1732 605 1749 con
622 1723 748 1748 ricbiami
763 1722 877 1754 speciali
897 1723 920 1747 C
938 1735 947 1740 -
966 1722 1086 1746 Enricus
1105 1722 1131 1747 A
1151 1736 1183 1740 —
1204 1729 1245 1747 20.
1266 1723 1365 1748 multis
1384 1724 1415 1748 dx*
1426 1725 1520 1755 prima
1539 1732 1624 1755 mano,
1643 1725 1712 1750 altri
1727 1726 1773 1750 col
1787 1726 1868 1751 solito
1893 1726 2036 1751 inclu'ostrc
2059 1726 2172 1751 sbiadito
2196 1724 2279 1759 segub

426 1769 454 1791 Ia
473 1767 546 1791 linea
564 1766 784 1791 d’abbrem'atnra
802 1773 832 1790 su
851 1765 860 1788 l
883 1766 907 1789 C
923 1779 955 1782 —
975 1771 1017 1790 21.
1039 1765 1152 1789 Milisio
1174 1766 1198 1790 C

517 1854 526 1871 ¹
546 1856 630 1886 Boso,
649 1855 710 1880 Lib.
729 1854 845 1887 Pontis„
866 1854 900 1883 ΙΙ,
921 1861 948 1886 p.
968 1853 1030 1886 416.

517 1896 528 1913 ²
546 1898 635 1928 IDEM,
654 1897 689 1926 11,
709 1905 734 1930 p.
755 1902 820 1929 417:
838 1896 851 1909 ‘⁴
866 1915 871 1920 .
887 1915 893 1922 .
909 1914 914 1920 .
930 1915 935 1921 .
949 1897 1094 1928 pontifex.
1108 1913 1115 1921 .
1130 1916 1135 1921 .
1149 1913 1156 1921 .
1171 1898 1327 1929 procedens

430 1941 530 1966 “ultra
547 1940 666 1965 fluvium
691 1939 798 1972 Legule
824 1941 853 1964 et
871 1939 998 1971 undique
1024 1939 1060 1964 ad
1079 1947 1142 1964 eum
1167 1941 1225 1965 tam
1244 1940 1326 1965 cleri—

431 1984 445 1998 “
455 1991 551 2009 corum
565 1991 650 2016 quam
663 1984 805 2007 laicorum
819 1983 980 2014 frequentia
991 1984 1185 2012 concurrente,
1200 1991 1249 2016 per
1262 1984 1328 2008 Ter-

431 2029 445 2042 “
456 2029 582 2054 racinam
601 2029 629 2052 et
647 2026 781 2052 Gaietam
800 2034 863 2052 cum
882 2027 989 2059 gaudio
1009 2028 1037 2051 et
1056 2027 1153 2051 letitia
1173 2029 1327 2058 transiens,

429 2071 488 2096 “ad
508 2071 715 2103 patrimonium
740 2069 857 2094 tandem
881 2069 1111 2094 Beneventanum
1131 2077 1193 2094 cum
1218 2071 1327 2103 epIsco-

430 2113 555 2146 “porum
574 2111 762 2136 multitudine
781 2111 912 2136 Domino
933 2111 1048 2136 favente
1067 2112 1199 2144 pervenit
1208 2129 1234 2144 „.

516 2154 527 2171 ³
546 2154 693 2180 Rainaldo
714 2154 890 2179 Cancelliere
909 2161 924 2178 e
943 2153 1137 2179 Arcivescovo
1157 2155 1186 2179 di
1203 2155 1327 2180 Colonia

428 2196 500 2223 mori
520 2198 544 2222 il
567 2205 597 2231 14
616 2205 660 2230 ag.
682 2196 760 2229 1167.

516 2239 530 2256 ⁴
548 2240 658 2265 ARNDT
676 2241 798 2264 annota:
819 2238 932 2264 “immo
952 2239 1010 2264 dux
1036 2240 1199 2266 Fridericus
1218 2241 1252 2266 de
1270 2240 1327 2266 Ro-

430 2283 582 2315 “tenburg‚
601 2283 675 2315 regis
695 2281 824 2307 Conradi
841 2281 926 2311 filius,
946 2283 993 2313 qui
1007 2282 1083 2306 obiit
1102 2283 1148 2307 die
1165 2290 1196 2315 19
1216 2283 1290 2316 Aug.
1302 2302 1325 2316 „.

427 2324 460 2350 V.
480 2325 594 2350 S‘rhlmrz
611 2325 780 2352 Wm‘rzMB„
804 2323 907 2353 Ges-cla,
927 2324 961 2353 11,
981 2331 1008 2356 p.
1031 2331 1089 2349 101.

514 2366 526 2381 ⁶
544 2367 632 2396 Boso,
655 2367 740 2391 Liber
764 2366 879 2399 Pontis„
903 2365 938 2395 11,
964 2367 1032 2398 4182
1060 2366 1199 2392 “Inmisit
1224 2368 1324 2401 (Deus)

430 2410 530 2434 “enim
554 2411 665 2434 tantam
684 2408 832 2433 subitanee
858 2408 958 2433 mortis
984 2409 1179 2440 pestilentiam
1206 2411 1236 2434 in
1265 2410 1325 2434 eius

429 2452 621 2484 “(Frederici)
647 2451 803 2475 exercitum
828 2451 860 2475 ut
887 2451 963 2475 infra
988 2450 1041 2475 VII
1066 2450 1177 2475 dierum
1202 2453 1325 2485 spatium

427 2495 441 2509 ‘⁴
453 2496 509 2520 fere
527 2495 655 2519 universi
675 2495 796 2518 maiores
816 2494 907 2526 ipsius
926 2493 1071 2526 principes
1091 2494 1139 2526 qui
1164 2501 1256 2519 secum
1274 2495 1324 2519 Ec-

429 2536 538 2561 “clesle
566 2536 788 2560 adversabantur
817 2536 907 2559 morte
932 2534 1080 2559 subitanea
1106 2538 1270 2560 corruerent
1297 2538 1325 2560 et

427 2579 440 2592 ‘¹
453 2578 655 2603 miserabiliter
668 2578 852 2602 morerentur.
888 2577 931 2600 De
944 2583 1065 2608 quorum
1079 2584 1211 2602 numeros
1220 2585 1325 2610 paucos

426 2621 440 2635 ‘⁴
454 2621 622 2645 famosiores
641 2620 774 2644 duximus
787 2619 994 2644 nominandos:
1008 2618 1186 2644 Fredericum
1198 2620 1325 2644 Bawarie

429 2662 560 2691 “ducem‚
586 2663 739 2687 Henricum
767 2661 901 2686 comitem
926 2661 960 2685 de
985 2660 1108 2690 Nasove,
1132 2661 1325 2686 Borchardum

427 2705 441 2719 ¹¹
451 2706 582 2729 comitem
603 2706 637 2729 de
650 2704 825 2733 Halremont,
838 2701 1014 2737 H[enricum]
1030 2704 1164 2728 comitem
1178 2705 1212 2728 de
1230 2704 1324 2737 Lipia‚

430 2747 443 2761 ⁸
453 2745 658 2781 R[aynaldum]
671 2747 892 2777 Cancellar1um,
907 2746 1024 2771 ecclesie
1037 2745 1225 2771 Coloniensis
1238 2748 1326 2772 intru-

429 2790 442 2803 “
454 2797 523 2819 sum,
543 2791 570 2814 et
589 2789 619 2814 L.
633 2789 734 2814 fratem
747 2790 808 2814 eius
818 2789 960 2818 comitem,
975 2789 1140 2821 episcopum
1154 2787 1325 2813 verdensem

429 2831 442 2844 “
454 2832 627 2864 pertinacem
647 2831 841 2856 scismaticum
852 2849 877 2862 η.

514 2871 526 2888 ⁶
545 2873 611 2898 UGo
630 2873 799 2903 Fucmno,
819 2880 866 2905 pp.
889 2871 940 2897 118
961 2880 975 2896 e
997 2879 1056 2905 119.

515 2914 526 2930 '⁷
546 2915 631 2944 Inm,
658 2923 684 2947 p.
707 2922 770 2947 130²
793 2915 914 2947 “Itaque
938 2922 988 2939 rex
1007 2915 1059 2940 XV
1085 2915 1130 2938 die
1150 2915 1324 2944 novembris,

429 2958 442 2972 ⁸
453 2960 484 2982 ut
503 2958 691 2982 constitutum
706 2958 807 2987 suerat,
820 2957 979 2982 Messanam
999 2956 1200 2990 proficiscitur,
1214 2957 1324 2982 relictis

427 2999 441 3013 ⁸
452 3000 586 3024 Panormi
601 3000 743 3024 militibus
757 3000 791 3024 ad
807 3001 897 3032 ipsius
910 2999 1070 3024 custodiam
1081 2999 1213 3024 civitatis
1223 3015 1248 3031 ,,.
1277 2999 1325 3024 Ma

428 3042 472 3066 nel
493 3049 558 3066 nov.
581 3040 645 3073 1167
667 3041 831 3074 Guglielmo
851 3041 878 3066 II
891 3041 1059 3066 condedette
1073 3049 1110 3065 un
1131 3041 1259 3073 diploma
1273 3047 1323 3074 per

1381 1855 1410 1880 la
1429 1855 1524 1881 chiesa
1546 1856 1577 1881 di
1595 1855 1623 1881 S.
1647 1857 1764 1882 Andrea
1789 1857 1934 1890 Apostolo
1959 1857 1990 1882 ln
2016 1857 2156 1890 Bonagh,
2183 1865 2281 1891 presso

1381 1898 1527 1932 Trapani;
1547 1899 1583 1923 cs.
1603 1899 1638 1924 K.
1657 1899 1691 1923 A.
1712 1898 1807 1928 Kena,
1826 1902 1866 1930 op.
1886 1899 1940 1928 cit„
1961 1907 1987 1933 p.
2006 1898 2069 1932 436.

1470 1938 1482 1956 ⁸
1499 1940 1566 1966 Uoo
1584 1940 1754 1970 FALCANDO,
1773 1948 1801 1973 p.
1823 1948 1872 1974 133
1893 1949 1908 1966 e
1927 1949 1967 1974 sg.

1470 1982 1482 1999 ⁹
1500 1983 1586 2014 Inzu,
1600 1991 1647 2017 pp.
1661 1983 1704 2015 86,
1719 1990 1777 2017 105,
1794 1990 1843 2016 13²
1857 1992 1871 2008 e
1894 1990 1942 2016 14²
1955 1994 1960 2013 ;
1975 1982 1988 1996 ⁸
2000 1984 2218 2010 Bai-tholomeus
2231 1985 2281 2010 Pe-

1382 2026 1396 2040 ‘⁴
1406 2028 1521 2052 rusInus
1534 2045 1555 2060 „,
1569 2027 1620 2052 che
1633 2026 1688 2052 Del
1701 2026 1742 2051 Re
1756 2026 1890 2058 (Cronisti
1901 2035 1914 2051 e
1930 2026 2065 2052 Scrittori
2075 2027 2196 2053 sint-roni
2206 2028 2281 2052 della

1380 2070 1563 2095 dominazione
1580 2070 1740 2094 Normanna
1765 2071 1811 2094 nel
1834 2077 1921 2102 regno
1947 2070 1978 2094 di
2001 2070 2108 2102 Puglia
2134 2079 2148 2094 e
2174 2070 2281 2100 Sicilia,

1380 2113 1497 2146 NapoH,
1519 2112 1595 2144 1845,
1613 2112 1635 2141 Ι,
1655 2120 1702 2145 pp.
1721 2119 1781 2144 340,
1801 2118 1862 2144 353,
1882 2111 1934 2145 369
1953 2119 1968 2137 e
1992 2112 2056 2145 396)
2082 2112 2145 2138 dice
2173 2113 2280 2138 “Peru-

1384 2155 1397 2169 “
1407 2156 1478 2188 gino
1489 2174 1513 2188 m
1535 2156 1654 2180 insieme
1673 2163 1726 2180 con
1741 2154 1809 2180 altri
1821 2155 1982 2188 giustizieri
1995 2162 2010 2179 e
2023 2155 2191 2180 funzionari
2203 2154 2280 2180 dello

1380 2198 1472 2227 State,
1492 2199 1571 2223 sotto
1591 2197 1613 2222 il
1633 2198 1798 2229 patrocinio
1818 2197 1847 2221 di
1866 2198 1948 2230 gaito
1967 2197 2075 2226 Pietm,
2089 2194 2232 2230 impoverl
2252 2197 2280 2222 ln

1380 2241 1462 2274 plebe
1474 2248 1529 2266 con
1544 2240 1755 2265 innumerevoli
1769 2240 1868 2272 rapine
1881 2248 1896 2264 e
1908 2240 1936 2264 la
1950 2238 2092 2264 malmeno
2105 2247 2159 2265 con
2173 2240 2280 2274 oltrag-

1380 2284 1418 2317 gi.
1455 2283 1496 2308 La
1514 2283 1625 2308 lezione
1644 2282 1673 2307 di
1692 2281 1727 2307 R.
1746 2283 1867 2307 relativa
1887 2282 1915 2307 al
1935 2283 2127 2315 patronimico
2146 2280 2161 2307 e
2180 2284 2280 2308 esatta.

1378 2326 1463 2351 Dells.
1489 2325 1622 2359 famiglia
1641 2325 1687 2350 dei
1706 2325 1826 2354 Parisio,
1847 2325 2007 2358 originaria
2027 2325 2063 2349 da
2081 2325 2180 2358 Par-igi
2199 2332 2279 2350 come

1379 2369 1476 2393 indica
1496 2369 1517 2393 il
1536 2368 1732 2402 patronimico
1746 2367 1877 2392 derivato
1898 2375 1982 2392 senza
1996 2367 2104 2392 dubbio
2123 2367 2159 2392 da
2177 2375 2216 2392 un
2229 2375 2278 2392 an·

1379 2412 1439 2436 tico
1457 2411 1649 2444 toponimico,
1668 2410 1694 2435 si
1712 2410 1810 2435 hanno
1830 2410 1919 2435 molte
1933 2411 2041 2435 notizIe
2060 2410 2091 2434 in
2111 2409 2212 2435 Slcllls
2231 2409 2277 2434 nel

1379 2454 1564 2479 Salernitano
1582 2460 1598 2478 e
1616 2452 1692 2478 nelle
1710 2452 1821 2485 Puglie.

1467 2496 1499 2520 In
1518 2495 1638 2520 Salerno
1659 2494 1705 2519 nel
1726 2500 1793 2526 1155
1813 2502 1828 2519 e
1848 2494 1894 2519 nel
1917 2493 1985 2519 1166
2003 2495 2027 2518 si
2048 2495 2172 2519 trovsno
2190 2493 2202 2518 i
2218 2491 2278 2518 “de

1380 2537 1394 2550 “
1405 2538 1525 2562 Parisiis
1535 2556 1549 2570 ‚‚
1570 2545 1585 2562 e
1605 2537 1616 2562 i
1638 2537 1652 2550 “
1663 2537 1695 2562 de
1714 2537 1828 2561 Pau-Isin
1840 2555 1854 2568 „
1876 2535 1970 2568 (Arch.
1984 2537 2014 2561 di
2026 2536 2120 2561 Badia
2141 2536 2220 2562 Cava
2233 2535 2280 2560 dei

1386 2581 1504 2610 Tirreni,
1523 2580 1600 2604 Arca
1617 2579 1718 2611 XXIX,
1740 2587 1767 2604 n.
1788 2578 1853 2612 563;
1873 2579 1948 2603 Arca
1960 2578 2075 2608 XXXII,
2090 2586 2117 2603 n.
2137 2575 2173 2611 3).
2195 2577 2278 2602 Nelle

1378 2622 1479 2655 Puglie
1505 2622 1585 2647 siha
1610 2629 1648 2647 un
1674 2622 1819 2655 Ruggiero
1845 2621 1950 2646 barone
1969 2621 1998 2646 di
2025 2620 2209 2646 Castelluzzo
2229 2619 2277 2644 nel

1379 2664 1505 2689 contado
1525 2663 1596 2689 dis.
1616 2663 1764 2689 Giovanni
1783 2664 1814 2688 in
1828 2662 1916 2687 Lama
1936 2663 2118 2695 (Cathalogus
2133 2662 2277 2691 Baranam,

1378 2706 1442 2731 DEI.
1460 2706 1514 2736 Rs,
1533 2710 1574 2738 op.
1594 2707 1648 2735 (ΑΛ,
1666 2706 1688 2738 Ι,
1709 2705 1779 2740 583).
1816 2705 1849 2730 In
1869 2705 1970 2730 Sicilia
1997 2705 2019 2729 il
2039 2705 2133 2737 primo
2159 2703 2275 2728 ricorde

1378 2749 1465 2773 risale
1484 2757 1500 2773 a
1525 2749 1641 2773 codesto
1668 2747 1682 2761 u
1692 2748 1911 2773 Bartholomeus
1933 2748 1967 2772 de
1985 2747 2121 2779 Parisio„
2141 2747 2192 2772 che
2218 2747 2276 2771 sot-

1379 2792 1511 2816 toscrisse
1537 2791 1699 2823 nell’aprile
1727 2789 1793 2815 1162
1821 2790 1896 2815 nella
1915 2790 1995 2815 carta
2020 2789 2051 2814 di
2070 2789 2218 2815 Giovannl
2245 2787 2276 2812 di

1378 2832 1610 2857 Malconvenant.
1647 2833 1669 2857 E
1689 2834 1774 2857 torna
1787 2839 1891 2857 ancora
1905 2833 1935 2856 in
1947 2832 2000 2856 due
2013 2831 2081 2856 altri
2101 2830 2276 2858 documenti,

1378 2882 1437 2899 uno
1457 2875 1502 2900 del
1528 2882 1623 2900 marzo
1651 2873 1717 2906 1185
1738 2882 1753 2899 e
1778 2874 1876 2899 l'altro
1896 2874 1924 2898 di
1951 2874 2025 2898 dieci
2044 2874 2114 2898 anni
2141 2872 2234 2904 dopog
2254 2871 2275 2902 il

1378 2917 1472 2948 primo
1491 2916 1555 2942 doc.
1578 2918 1649 2946 anzi,
1674 2916 1795 2941 “charta
1820 2916 1978 2947 iudicati„‚
2005 2923 2034 2940 ce
2059 2915 2090 2940 lo
2116 2915 2234 2947 dipinge
2258 2920 2274 2937 a

1380 2958 1471 2982 soschi
1492 2958 1591 2990 colori,
1613 2965 1691 2983 come
1703 2959 1871 2990 prepotente
1884 2965 1898 2982 e
1911 2958 2123 2982 malversatore.
2159 2953 2275 2983 Quanto

1379 2999 1454 3024 fosse
1478 2999 1581 3025 durata
1606 3000 1633 3024 la
1658 3007 1708 3024 sua
1734 3000 1882 3033 prigionia
1907 2999 2041 3032 Pignore,
2066 3005 2111 3022 ma
2137 3010 2169 3015 —-
2195 3003 2276 3028 argo·-

1379 3042 1532 3067 mentando
1550 3042 1627 3067 dalla
1649 3042 1772 3067 “charta
1792 3041 1937 3074 iudicati„
1959 3041 2003 3066 del
2032 3039 2097 3072 1185
2122 3039 2154 3064 ln
2177 3038 2225 3063 cui
2250 3038 2275 3063 si

1799 3103 1834 3126 (Ia
1846 3102 1902 3122 nota
1914 3107 1941 3122 ιο
1954 3101 1967 3121 ὲ
1980 3106 1996 3121 a
2005 3102 2062 3126 pue.
2076 3099 2195 3125 semmua)

2309 1863 2342 1891 35

2308 2079 2344 2105 4⁰

2305 2286 2340 2313 45

2306 2498 2342 2525 50

2305 2707 2338 2734 55
