2398 3470
232 235 306 259 Mun„
322 240 355 255 ce.
371 240 458 255 ιιι-ω
467 223 513 263 27
521 226 541 259 4
2089 228 2142 264 [A.
2160 228 2193 256 c.
2215 228 2307 263 11⁷⁷]

1230 221 1539 258 CHRONICON

468 353 482 368 ‘⁴
496 350 606 383 miunt
629 355 664 382 et
685 350 722 381 in
746 348 946 380 nemoribus
970 347 1100 390 absque
1123 357 1261 380 suarum
1290 358 1406 379 rerum
1429 347 1596 380 amisione
1620 348 1815 391 quiescunt.
1860 348 1906 382 Et
1928 354 1966 382 ut
1989 350 2089 383 breui
2114 349 2304 384 concluda-

469 404 483 419 “
497 413 581 440 mus,
604 403 640 434 in
662 412 792 434 summa
815 401 925 432 maior
948 410 1016 442 pax
1039 406 1073 432 et
1096 399 1262 433 securitas
1284 401 1322 432 in
1337 400 1436 443 regni
1452 399 1526 433 eius
1549 400 1758 439 nemoribus,
1774 411 1877 444 quam
1892 402 1928 434 in
1951 402 2095 435 aliorum
2118 413 2302 447 regnorum

466 458 481 473 ⁴⁶
496 455 638 488 urbibus
660 454 844 486 inuenitur.
891 454 936 485 Et
958 454 1040 486 ideo
1070 453 1175 485 talem
1198 463 1241 486 ac
1264 459 1395 486 tantum
1426 453 1622 496 principem
1647 459 1683 486 et
1705 460 1820 487 nostre
1850 454 1949 498 pacis
1969 455 2100 488 socium
2129 462 2164 489 et
2186 462 2303 489 nostre

467 509 482 524 ²
496 507 670 541 societatis
694 517 768 539 esse
790 506 948 538 uolumus
973 506 1149 538 dominum
1175 512 1210 539 et
1233 506 1410 547 amicum„
1429 504 1452 538 ¹.

553 561 738 603 Postquam
761 559 950 592 Lombardi
975 559 1079 591 finem
1103 559 1223 592 fecere
1246 559 1400 597 dicendi,
1425 570 1517 602 papa
1541 569 1600 592 eos
1624 561 1669 592 de
1699 570 1794 609 mpre
1817 560 1996 594 benedixit
2019 569 2054 595 et
2083 562 2129 595 ad
2153 562 2306 605 hospitia
2351 561 2369 594 5

466 615 619 658 singulos
643 614 737 646 abire
761 613 926 655 permisit.
973 612 1055 644 Post
1079 613 1172 645 diem
1196 618 1309 645 autem
1334 612 1470 645 tertium
1489 611 1703 646 Christianus
1726 614 1964 657 cancellarius,
1987 614 2210 654 Coloniensis‚
2226 615 2303 648 Ma-

462 667 689 710 deburgensis
704 673 738 699 et
754 666 982 698 Treuerensis
998 665 1268 708 archiepiscopi,
1286 665 1564 698 Guarmaciensis
1580 666 1722 705 electus,
1740 666 1951 699 Gottifridus
1966 668 2054 700 alius
2077 668 2305 701 cancellarius

463 727 498 753 et
520 721 778 762 protonotarius
803 730 846 751 ex
869 725 969 760 parte
992 718 1214 761 imperatoris
1246 719 1439 751 Ferrariam
1462 719 1507 751 ad
1529 729 1655 761 papam
1671 719 1850 752 uenientes
1863 720 1886 759 ²,
1903 721 2134 754 residentibus
2157 732 2236 754 cum
2261 731 2303 754 eo

461 774 553 817 regis
577 774 704 806 nuntiis
726 779 761 806 et
785 772 1001 809 Lombardis,
1025 772 1061 803 in
1087 771 1292 804 consistorio
1315 771 1458 814 publice
1481 773 1665 814 protestati
1688 778 1778 812 sunt,
1802 779 1837 806 et
1860 773 2037 806 dixerurt:
2065 774 2080 791 ⁴‘
2096 773 2305 808 Venerande

469 829 596 870 “pater
617 834 651 859 et
675 826 822 864 domine,
846 828 935 858 sicut
957 825 1146 866 imperator
1168 825 1348 858 Romanus
1371 825 1470 857 vobis
1492 835 1557 868 per
1579 835 1659 858 suos
1682 826 1821 859 nuntios
1844 826 1937 869 apud
1960 825 2155 872 Anagniam
2182 838 2303 870 repro-
2331 829 2370 860 10

468 880 596 918 “misit‚
620 886 760 922 paratus
783 885 834 911 est
855 877 1034 910 uobiscum
1065 883 1101 909 et
1125 888 1203 910 cutn
1227 877 1388 917 ecclesia,
1421 888 1499 910 cum
1522 877 1645 910 illustri
1675 888 1758 922 rege
1783 878 1904 911 Sicilie
1928 885 1964 912 et
1995 890 2074 912 cum
2095 879 2303 913 Lombardis

465 933 479 950 ‘⁴
494 943 559 975 per
580 943 643 966 nos
665 942 786 975 pacem
811 932 928 964 facere
953 937 989 963 et
1011 941 1159 963 seruare.
1205 931 1238 963 It
1260 931 1341 966 ideo
1364 930 1466 964 nobis
1488 937 1622 974 septem
1646 931 1813 964 faciende
1836 932 1934 974 pacis
1955 933 2195 967 auctoritatem
2219 943 2304 967 con-

469 987 484 1003 “
497 986 582 1019 tulit.
631 986 673 1018 Et
696 984 867 1029 quidquid
890 985 933 1017 de
951 983 1043 1016 bono
1059 984 1157 1026 pacis
1175 994 1291 1017 coram
1308 991 1424 1017 uestra
1439 984 1613 1027 presentia
1636 986 1867 1025 statuerimus,
1883 986 1950 1019 hoc
1968 985 2092 1019 'totum
2115 985 2305 1029 imperialis

468 1039 647 1082 “dignitas
669 1037 890 1070 ratiabitione
913 1036 1063 1069 firmabit
1079 1061 1107 1078 „.

549 1092 626 1125 Hoc
649 1099 763 1124 autem
786 1090 930 1123 uerbum
954 1100 1045 1133 pape
1068 1090 1254 1123 admodum
1278 1090 1422 1133 placuit,
1447 1096 1482 1124 et
1504 1091 1623 1124 habito
1648 1091 1803 1131 consilio,
1827 1092 1913 1124 alios
1936 1098 2080 1134 septem,
2103 1091 2301 1126 Hubaldum
2329 1093 2366 1125 15

459 1146 624 1178 uidelicet
647 1145 877 1183 Hostiensem,
903 1143 1125 1176 Guillelmum
1149 1143 1376 1177 Portuensem
1401 1149 1435 1176 et
1457 1144 1663 1177 Malfridum
1686 1145 1927 1178 Penestrinum
1958 1145 2155 1188 episcopos,
2177 1145 2303 1179 Iohan—

457 1209 536 1231 nem
563 1198 828 1241 Neapolitanum
840 1196 862 1235 ⁸,
894 1197 1118 1230 Theodinum
1143 1197 1187 1230 de
1218 1196 1382 1231 Arrone⁴
1404 1204 1439 1231 et
1463 1197 1604 1231 Petrum
1634 1198 1679 1230 de
1703 1197 1827 1231 Bona⁵
1858 1193 2079 1242 presbyteros
2108 1199 2304 1232 cardinales

458 1259 493 1285 et
515 1253 708 1295 Iaquintum
733 1252 918 1284 diaconum
941 1251 1154 1284 cardinalem
1167 1250 1179 1269 ⁶
1203 1261 1266 1293 pro
1282 1257 1380 1293 parte
1404 1251 1554 1284 ecclesie
1577 1250 1674 1293 pacis
1696 1251 1844 1284 arbitros
1861 1258 1896 1284 et
1918 1252 2128 1285 mediatores
2149 1251 2305 1286 instituit.

457 1306 646 1339 Lombardi
669 1311 782 1338 autem
813 1304 955 1337 totidem
979 1315 1155 1346 personas,
1186 1302 1460 1336 Taurinensem⁷
1478 1300 1666 1343 ‘uidelicet,
1697 1304 1994 1348 Bergamensem⁸
2023 1311 2057 1338 et
2087 1305 2304 1339 Cumanum‘

457 1361 639 1402 episcopos
663 1366 697 1391 et
721 1357 903 1390 Astensem
929 1357 1088 1396 electum,
1114 1357 1301 1390 Girardum
1326 1357 1370 1389 de
1395 1357 1498 1390 Pesta
1528 1357 1829 1391 Mediolanensem
1853 1364 1888 1390 et
1912 1358 2031 1391 Goczo
2062 1358 2302 1392 Ueronensem
2324 1359 2368 1391 20

456 1413 589 1445 iudices
606 1418 641 1444 et
665 1411 843 1444 Albertum
867 1411 911 1443 de
937 1411 1122 1444 Gammera
1153 1410 1394 1443 Bresciensem
1424 1410 1548 1449 ciuem,
1574 1410 1619 1443 ad
1648 1422 1708 1443 sue
1732 1411 1830 1454 pacis
1860 1411 2148 1454 compositionem
2180 1412 2303 1445 unani-

457 1467 559 1499 miter
581 1472 770 1498 statuerunt
783 1464 818 1497 ¹⁰.
864 1465 1027 1508 Precepit
1049 1464 1151 1497 etiam
1175 1475 1267 1507 papa
1289 1464 1430 1497 nuntios
1458 1464 1553 1508 regis
1576 1464 1694 1497 Sicilie
1718 1465 1798 1498 huic
1821 1465 1918 1508 pacis
1940 1465 2103 1498 tractatui
2128 1465 2302 1500 interesse.

458 1519 558 1552 Prius
582 1526 695 1551 autem
719 1529 820 1562 quam
844 1518 941 1561 pacis
964 1517 1116 1560 capitula
1140 1517 1221 1550 hinc
1244 1524 1279 1550 et
1302 1517 1383 1550 inde
1408 1523 1522 1550 essent
1546 1517 1584 1550 in
1605 1518 1756 1550 medium
1781 1518 1961 1561 producta,
1978 1518 2119 1551 deloco
2135 1519 2303 1562 colloquii

457 1582 527 1605 non
550 1572 686 1604 modica
710 1572 801 1604 inter
823 1582 883 1604 eos
907 1577 960 1604 est
982 1571 1131 1604 obhorta
1161 1571 1349 1604 contentio.
1395 1570 1585 1603 Lombardi
1615 1571 1707 1604 enim
1736 1570 1902 1604 uolebant
1924 1572 2018 1605 hunc
2048 1571 2146 1614 pacis
2174 1577 2302 1606 tracta-

458 1631 528 1658 tum
550 1626 645 1668 apud
669 1625 859 1658 Bononiam
882 1625 968 1663 fieri,
991 1625 1082 1657 sicut
1106 1635 1170 1667 per
1191 1624 1435 1667 imperatorem
1457 1630 1563 1668 atque
1585 1623 1803 1658 Hostiensem
1827 1625 2029 1668 episcopum
2053 1632 2089 1658 et
2111 1636 2172 1659 eos
2186 1626 2302 1658 fuerat
2325 1625 2366 1658 25

459 1679 667 1712 ordinatum.
712 1679 743 1711 E
765 1677 942 1711 contrario
959 1684 1072 1710 autem
1090 1677 1310 1720 imperatoris
1333 1677 1445 1710 nuntii
1461 1677 1708 1718 reclamabant,
1731 1688 1768 1710 se
1791 1688 2010 1721 nequaquam
2032 1689 2097 1721 pro
2112 1679 2174 1712 tali
2195 1689 2301 1712 causa

457 1730 648 1764 Bononiam
671 1732 902 1774 profecturos,
927 1741 969 1763 eo
993 1730 1088 1773 quod
1111 1730 1329 1763 Christianus
1352 1729 1582 1763 cancellarius
1612 1730 1887 1764 Bononiensibus
1919 1730 2057 1764 odiosus
2081 1737 2171 1765 esset
2193 1731 2302 1775 pluri-

455 1796 547 1818 mum
570 1791 605 1818 et
627 1786 786 1824 infestus,
809 1785 873 1817 sed
897 1794 974 1816 cum
997 1783 1067 1816 illis
1089 1794 1154 1826 pro
1178 1783 1245 1816 hoc
1268 1784 1411 1827 negotio
1442 1784 1593 1817 libenter
1614 1783 1770 1817 Uenetiis
1800 1785 2040 1824 conuenirent,
2070 1783 2132 1817 ubi
2154 1790 2300 1829 utreque

455 1845 574 1882 partes
596 1845 738 1882 possent
759 1839 833 1871 sine
856 1838 981 1870 timore
1013 1847 1160 1881 pergere
1184 1844 1220 1870 et
1242 1847 1320 1869 cum
1343 1838 1532 1871 securitate
1562 1847 1713 1871 manere.
1759 1838 1948 1871 Lombardi
1980 1844 2095 1871 autem
2119 1849 2138 1872 e
2161 1838 2301 1872 diuerso

457 1900 636 1935 suspectos
658 1892 834 1925 habebant
865 1891 1028 1930 Uenetos,
1061 1897 1265 1930 asserentes,
1288 1890 1367 1923 illos
1397 1891 1496 1934 pacis
1520 1901 1598 1923 cum
1629 1892 1679 1923 eis
1701 1891 1786 1924 inite
1818 1892 1943 1924 federa
1973 1891 2135 1932 uiolasse,
2158 1897 2194 1925 et
2214 1901 2299 1934 sepe
2323 1893 2367 1925 30
2396 1904 2398 1906 ·

461 1945 694 1988 imperatoris'
726 1945 864 1978 nuntios
886 1951 1008 1977 contra
1038 1945 1119 1985 hoc,
1142 1945 1236 1988 quod
1266 1950 1429 1977 statutum
1460 1945 1551 1977 inter
1573 1954 1633 1978 eos
1663 1944 1790 1983 fuerat,
1821 1945 2007 1987 recepisse.
2056 1944 2212 1989 Cumque
2234 1945 2302 1978 hec

454 1999 631 2032 contentio
655 1999 840 2042 aliquantis
861 1997 984 2031 diebus
1007 1998 1149 2030 deloco
1174 1997 1338 2042 colloquii
1361 1998 1593 2040 perdurasset,
1618 1997 1772 2031 tamdem
1797 1997 2024 2031 suadentibus
2046 1999 2138 2042 regis
2160 1999 2299 2037 nuntiis,

452 2053 621 2086 voluntati
645 2052 777 2085 domini
800 2062 890 2094 pape
913 2051 1084 2094 prebuere
1109 2061 1327 2091 consensum,
1349 2058 1384 2084 et
1406 2061 1444 2084 se
1467 2051 1576 2084 ituros
1598 2051 1779 2091 Uenetias,
1809 2051 1963 2094 prestitis
1987 2058 2102 2085 tamen
2125 2052 2222 2095 prius
2244 2062 2299 2086 se-

454 2105 665 2145 curitatibus,
689 2105 930 2149 promiserunt.
977 2103 1058 2143 Qua
1081 2105 1125 2137 de
1148 2115 1253 2138 causa
1275 2115 1368 2148 papa
1391 2105 1577 2150 Hugonem
1608 2105 1862 2138 Bononiensem
1888 2110 1922 2137 et
1945 2105 2162 2150 Raynerium
2183 2106 2300 2140 cardi-

452 2159 548 2193 nales
571 2171 650 2192 cum
674 2158 882 2203 quibusdam
905 2158 1111 2191 Lombardis
1134 2157 1301 2192 Uenetias
1323 2158 1427 2198 misit,
1457 2164 1494 2191 ut
1516 2169 1537 2190 a
1560 2158 1650 2191 duce
1674 2164 1710 2191 et
1732 2158 1863 2201 populo
1894 2157 2044 2191 Uenetia
2074 2159 2296 2192 securitatem
2321 2159 2362 2192 35

297 632 346 651 apr.
362 631 385 650 13

287 1002 307 1019 c.
322 995 380 1020 258b

282 1962 301 1978 c.
317 1962 377 1980 ὅσα

542 2280 566 2306 7.
586 2274 769 2299 Treverensis
788 2273 815 2297 Β
834 2281 847 2297 e
866 2273 946 2298 Sasso
964 2280 1058 2297 manca
1077 2285 1086 2290 —
1106 2272 1270 2297 Gotisridus
1296 2274 1320 2297 Β
1340 2273 1371 2303 C,
1391 2272 1472 2298 Sasso
1489 2281 1504 2296 e
1522 2271 1614 2297 Arndt
1632 2286 1663 2291 —
1682 2280 1710 2305 9.
1728 2272 1842 2297 nunciis
1866 2272 1888 2296 C
1905 2280 1918 2296 e
1937 2272 2029 2298 Arndt
2047 2285 2080 2290 —
2101 2279 2143 2304 14.
2162 2273 2298 2298 ratihabi-

455 2317 534 2340 tione
552 2317 589 2346 B,
612 2315 641 2346 C,
662 2317 744 2341 Sasw
763 2323 777 2339 e
795 2315 886 2340 Arndt
903 2328 935 2333 --
958 2321 998 2347 17.
1017 2314 1044 2339 d.
1063 2315 1101 2343 Α;
1115 2314 1224 2339 dictum
1237 2315 1290 2340 A2
1309 2323 1323 2340 e
1344 2316 1447 2341 Car-iso
1466 2328 1499 2332 —
1519 2320 1561 2340 22.
1581 2315 1703 2339 nuncios
1725 2315 1748 2339 C
1764 2323 1779 2338 e
1797 2313 1888 2339 Arndt
1907 2328 1940 2332 —
1960 2321 2002 2347 24·
2021 2314 2141 2340 abhorta
2159 2315 2184 2340 A
2203 2328 2236 2334 —-·
2256 2314 2298 2340 26.

456 2358 554 2382 nuncii
576 2359 599 2382 C
616 2367 629 2382 ε
648 2358 740 2383 Arndt
756 2371 790 2375 —-
809 2357 851 2382 28.
871 2359 913 2381 set
933 2358 957 2382 C
973 2365 987 2380 e
1005 2357 1096 2382 Arndt
1112 2370 1121 2374 -
1139 2357 1272 2382 Venecils
1292 2356 1316 2380 A
1337 2371 1369 2375 —
1388 2364 1432 2390 3¹·
1451 2357 1572 2382 nuncios
1593 2357 1616 2382 C
1634 2365 1647 2380 e
1667 2357 1758 2382 Arndt
1774 2370 1783 2375 -
1801 2357 1974 2389 recepissent
1994 2357 2019 2381 A
2034 2370 2066 2375 —
2080 2363 2123 2389 32.
2142 2358 2255 2383 nunciis
2277 2357 2301 2381 C

453 2409 467 2424 e
486 2399 576 2425 Arndt
595 2414 626 2417 —
647 2407 690 2433 33.
707 2400 846 2424 Venecias
864 2399 888 2423 A
908 2412 941 2417 —
961 2405 1003 2431 34.
1023 2398 1189 2423 RaInerium
1211 2400 1236 2423 Β
1256 2399 1288 2427 C,
1306 2399 1388 2425 Sauo
1407 2408 1422 2423 e
1440 2399 1534 2424 Arndt
1550 2411 1582 2416 —
1603 2404 1645 2431 35.
1666 2398 1803 2423 Venecias
1822 2399 1847 2423 A
1867 2413 1875 2417 -
1897 2399 2016 2423 Venecie
2035 2399 2059 2423 A

1404 2498 1418 2512 ¹⁴
1429 2498 1474 2522 tit.
1488 2497 1605 2522 Vestine
1613 2506 1643 2528 „;
1657 2496 1693 2522 cf.
1703 2495 2025 2528 JArra-Lonwmrnrn,
2042 2503 2090 2521 nn.
2105 2495 2198 2527 12828,
2215 2495 2300 2528 12829

1405 2548 1418 2564 e
1438 2547 1477 2571 sg.

411 2502 425 2527 5
540 2495 546 2510 ¹
561 2498 593 2521 H.
605 2496 736 2526 REU'rmt,
753 2497 904 2522 Gesclnicltte
914 2497 1083 2521 Alexanders
1093 2497 1139 2521 des
1153 2497 1277 2525 drittens,
1292 2497 1350 2526 cit„

454 2538 510 2562 vol.
530 2538 577 2567 111,
597 2546 623 2570 p.
644 2544 697 2570 270
714 2545 730 2563 e
749 2546 804 2570 seg.

396 2715 427 2731 10

395 2920 423 2946 1⁵

539 2579 551 2596 ²
568 2581 653 2611 Boso,
673 2581 757 2606 Liber
775 2581 889 2613 Pontifi,
908 2581 942 2611 11,
964 2579 1029 2612 438:
1053 2580 1066 2594 “
1078 2599 1083 2605 .
1095 2582 1185 2606 ...set
1210 2588 1245 2605 ex
1271 2582 1350 2614 parte

454 2621 662 2655 “imperatoris
681 2621 912 2656 (convenerunt),
932 2623 1128 2656 Maguntinus,
1154 2622 1349 2654 Coloniensis,

452 2662 466 2675 “
478 2663 669 2694 Treverensis,
687 2666 867 2695 Bisuntinus‚
886 2665 1138 2697 Magdeburgensis
1165 2667 1192 2689 et
1215 2664 1348 2690 Salzbur-

455 2705 572 2738 “gensis
591 2708 796 2740 archiepiscopi
817 2715 879 2732 cum
899 2707 1042 2739 aliquibus
1056 2715 1151 2732 eorum
1166 2706 1348 2740 suffraganeis

454 2747 625 2781 “episcopis,
644 2750 734 2774 electo
753 2756 865 2782 quoque
883 2749 1074 2774 Warmacensi
1100 2751 1128 2774 et
1153 2749 1187 2774 A.
1210 2751 1347 2782 protono-

455 2789 553 2815 “tario
563 2807 586 2821 ,,.
622 2790 656 2816 R.
676 2792 725 2823 qui
742 2799 803 2816 erra
822 2792 944 2816 dicendo
964 2791 1099 2816 Goffredo
1118 2793 1310 2823 protonotaro
1334 2800 1348 2816 e

452 2833 575 2857 secondo
600 2831 776 2858 Cancelliere
795 2835 824 2858 di
848 2833 982 2858 Federico
1002 2833 1029 2858 1=
1042 2835 1079 2867 ‚in
1100 2833 1165 2865 quel
1183 2834 1280 2866 tempo
1301 2842 1347 2859 era

451 2875 645 2900 Protonotaro
665 2876 843 2909 dell’impero
865 2875 1073 2907 “Arduinus„;
1100 2875 1243 2907 GoffredO,
1269 2884 1347 2901 come

451 2914 515 2942 dira
533 2916 566 2941 R.
585 2919 675 2942 stesso
694 2915 744 2950 piu
764 2919 871 2948 avanti,
891 2927 937 2944 era
959 2919 1079 2943 “minor
1098 2918 1287 2943 cancellarius
1300 2936 1324 2951 ,,.

538 2957 550 2973 '³
569 2958 614 2984 Cf.
634 2967 662 2992 p.
683 2965 743 2991 270,
765 2968 791 2985 n.
816 2966 839 2992 7.

540 2999 549 3015 ⁴
570 2998 760 3027 “Theodlnus
780 3003 919 3033 presbiter
940 3002 1095 3027 cardinalis
1115 3003 1207 3026 sancti
1236 3002 1345 3027 vitalis

1492 2581 1503 2597 ⁵
1525 2580 1649 2615 “Petrus
1668 2582 1808 2614 presbiter
1833 2581 1989 2606 cardinalis
2014 2583 2110 2606 sancte
2129 2581 2299 2613 Susanne,3
2328 2586 2362 2604 20

1403 2626 1438 2650 cf.
1454 2624 1773 2658 jura-Loawaxrmm,
1793 2632 1840 2650 nn.
1864 2624 1957 2655 1:828,
1979 2624 2065 2657 12829
2084 2633 2099 2649 e
2117 2632 2157 2658 sg.

1490 2666 1501 2683 θ
1524 2667 1694 2693 “Iacinthus
1713 2667 1851 2692 diaconus
1871 2667 2028 2692 cardinalis
2054 2668 2144 2692 sancti
2165 2666 2298 2692 Theodo-

1405 2710 1417 2722 “
1429 2712 1452 2734 ri
1467 2720 1496 2742 „;
1511 2709 1829 2742 JAFFa-Loawanrsm,
1852 2717 1902 2735 nn.
1919 2710 1969 2735 cit.

1490 2750 1501 2768 ⁷
1523 2751 1719 2777 “Cunibertus
1739 2753 1824 2782 episc.
1844 2752 2032 2777 Taurinensis
2044 2770 2068 2783 „.

1490 2793 1501 2810 ⁸
1522 2794 1659 2824 “,Gualda
1678 2796 1763 2828 episc.
1783 2795 1980 2827 Bergamensis
1991 2812 2017 2826 ,,.
2326 2798 2357 2825 25
2382 2807 2384 2809 -

1489 2835 1500 2852 9
1521 2836 1699 2861 “Anselmus
1718 2836 1894 2861 Raimondus
1914 2838 2000 2869 episc.
2021 2836 2167 2861 Cumanus
2178 2853 2201 2867 ,,.

1489 2877 1511 2894 ¹⁰
1529 2879 1562 2903 In
1582 2879 1669 2909 Boso,
1689 2879 1774 2904 Liber
1792 2879 1907 2912 Pontis„
1926 2879 1960 2911 11,
1981 2885 2043 2911 429,
2064 2885 2125 2910 440,
2143 2878 2295 2903 ricorrono

1399 2927 1468 2952 pure
1480 2920 1523 2953 gli
1537 2921 1618 2962 stes-si
1633 2922 1727 2945 nomi:
1750 2920 1763 2934 ⁴‘
1774 2921 1807 2945 de
1821 2920 1987 2945 Mediolano
2001 2919 2146 2945 Ger-ardus
2159 2919 2247 2943 Pistis
2257 2938 2262 2943 .
2273 2937 2280 2943 .
2289 2938 2295 2942 .

1400 2961 1414 2975 ³
1425 2962 1458 2986 de
1477 2962 1578 2987 Brixia
1597 2962 1732 2987 Albertus
1751 2962 1786 2987 de
1806 2962 1947 2987 Gambara
1959 2979 2032 2990 .....
2052 2961 2086 2986 de
2104 2962 2217 2986 Verona
2243 2959 2295 2986 Co-

1400 3003 1413 3017 “
1424 3003 1488 3027 thus
1510 3004 1609 3028 consul
1622 3023 1626 3028 .
1638 3022 1645 3029 .
1658 3009 1708 3036 .‚,.·
2321 3007 2375 3034 30Ἰ
