2398 3470
531 722 946 781 LECTORI
997 723 1503 778 BENEVOLO

698 835 870 870 IOSEPH
892 835 1143 869 ANTONIUS
1166 834 1340 868 SAXIUS

342 933 566 957 COLLEGIO
595 932 650 955 ET
679 930 1020 954 BIBLIOTHECAE
1049 930 1381 953 AMBROSIANAE
1410 929 1699 953 PRAEFECTUS

368 1216 414 1235 uu
432 1209 478 1235 Cl.
491 1210 668 1235 Muratorlus
681 1209 754 1235 olim
766 1210 798 1234 in
818 1209 870 1234 hac
883 1209 1075 1234 Ambrosiana
1090 1208 1269 1233 Bibliotheca
1283 1208 1427 1239 resideret,
1440 1210 1525 1240 atque
1536 1215 1572 1233 ex
1585 1208 1662 1233 hisce
1676 1208 1826 1233 ditissimis
1840 1209 1945 1242 plutels

52 1269 69 1297 5
373 1261 508 1294 pinguem
527 1259 736 1292 manuscriptae
754 1258 960 1292 suppellectilis
975 1265 1089 1283 censum
1108 1258 1139 1282 in
1153 1258 1245 1283 totius
1264 1258 1422 1283 Literariae
1440 1257 1626 1291 Reipublicae
1639 1259 1808 1291 proventum
1823 1260 1943 1291 pararet,

373 1309 448 1334 inter
467 1310 576 1333 caetera
588 1308 765 1333 venerandae
783 1307 967 1339 antiquitatis
979 1308 1164 1332 monumenta
1177 1307 1246 1333 hinc
1259 1307 1368 1338 educta,
1382 1305 1550 1332 Chronicon
1563 1314 1675 1338 quoque
1688 1306 1844 1332 Romualdi
1857 1307 1884 1332 Π
1896 1306 1945 1331 Sa-

372 1358 510 1383 lernitani
529 1357 722 1390 descripserat,
742 1364 802 1382 non
821 1357 966 1389 integrum
984 1358 1097 1387 tamem
1116 1356 1267 1381 videbatur
1287 1356 1427 1388 siquidem
1440 1356 1610 1381 doctissimo
1624 1356 1687 1380 viro
1707 1363 1943 1389 supervacaneam

99 1412 215 1440 ope-am
233 1414 263 1432 se
281 1408 416 1438 lusurum,
435 1407 460 1431 si
479 1407 624 1432 universas
643 1413 660 1430 a
679 1405 841 1431 Romualdo
860 1405 995 1431 collectas
1017 1412 1120 1430 merces
1146 1406 1177 1429 in
1200 1405 1291 1430 lucem
1317 1405 1434 1430 efferret.
1471 1405 1560 1430 Eccur
1585 1405 1670 1436 enim,
1696 1405 1799 1439 aiebat,
1826 1406 1945 1438 paginas

99 1463 218 1482 onerare
235 1457 351 1490 scriptis
369 1463 468 1490 parum
487 1457 537 1480 aut
556 1455 630 1481 nihil
649 1455 817 1488 profuturis,
836 1462 899 1479 cum
918 1454 1058 1487 quidquid
1075 1462 1108 1479 ea
1127 1455 1249 1480 historia
1267 1455 1474 1488 complectatur
1491 1455 1576 1479 breve
1595 1455 1633 1479 sit
1653 1462 1684 1479 ac
1704 1455 1810 1479 millies
1829 1455 1864 1479 ab
1877 1455 1944 1480 ailla

101 1505 270 1539 repetituri?
306 1505 452 1530 Praeterea
471 1505 624 1530 laudabilis
642 1507 670 1530 et
695 1505 805 1530 rationi
824 1511 951 1529 consona
975 1504 1151 1529 eruditorum
1170 1504 1346 1529 consuetudo
1371 1504 1508 1534 obtinuit,
1527 1506 1558 1529 ut
1585 1504 1713 1529 fontibus
1739 1505 1836 1538 potius
1861 1512 1945 1536 quam

101 1554 205 1580 rivulis
222 1556 343 1586 utamur,
363 1562 451 1587 neque
469 1554 655 1588 Scriptorum,
675 1554 724 1586 qui
743 1553 844 1578 seculis
864 1553 969 1578 ferreae
988 1553 1170 1586 ignorantiae
1189 1553 1330 1578 damnatis
1349 1553 1454 1583 vixere,
1471 1553 1638 1578 testimonia
1656 1555 1689 1578 ut
1708 1554 1861 1587 plurimum
1880 1561 1944 1587 pro-

102 1603 224 1629 feramus
242 1604 273 1629 in
292 1604 338 1635 iis,
357 1611 427 1636 quae
445 1604 531 1636 longe
550 1604 586 1628 ab
604 1611 701 1628 eorum
719 1603 894 1637 temporibus
914 1604 976 1628 acta
995 1604 1070 1632 sunt,
1089 1605 1173 1635 atque
1191 1610 1207 1627 a
1226 1603 1347 1628 vetustis
1366 1603 1514 1628 historicis
1533 1603 1647 1627 uberius
1659 1611 1692 1628 ac
1705 1604 1795 1628 tutius
1808 1605 1867 1637 peti
1880 1611 1944 1637 pos-

102 1655 176 1679 sunt.
211 1653 292 1678 Mens
310 1654 406 1686 itaque
424 1654 471 1678 illi
489 1655 549 1678 erat
568 1654 602 1678 ab
621 1654 709 1678 Anno
722 1651 946 1678 DCCCCXXVI
964 1660 1051 1685 usque
1069 1652 1106 1677 ad
1126 1652 1229 1677 calcem
1248 1652 1439 1677 Romualdum
1457 1653 1604 1685 evulgare3
1625 1660 1675 1678 nee
1689 1653 1786 1686 dispar
1798 1653 1850 1678 hac
1869 1654 1900 1678 in
1914 1661 1943 1678 re

102 1702 202 1728 suisset
221 1703 370 1728 Palatinae
388 1702 539 1728 Societatis
559 1703 721 1734 consilium,
741 1703 799 1727 nisi
818 1702 969 1733 nonnulla,
987 1709 1058 1734 quae
1076 1703 1251 1727 momentum
1270 1702 1395 1726 facerent
1413 1702 1449 1726 ad
1468 1702 1609 1735 integram
1627 1703 1700 1727 hanc
1719 1703 1876 1727 editIonem
1895 1710 1941 1727 cu-

100 1751 227 1783 fundam,
245 1759 262 1777 a
280 1758 324 1777 nse
342 1752 474 1785 exposita
493 1752 596 1781 forent,
616 1752 717 1784 quibus
736 1751 823 1776 etiam
842 1751 968 1776 effectum
987 1753 1030 1776 est
1048 1753 1080 1776 ut
1099 1758 1158 1775 non
1177 1752 1236 1775 tam
1256 1751 1317 1782 illa,
1336 1758 1419 1783 quam
1437 1750 1613 1776 Muratorius
1633 1751 1694 1784 ipse
1712 1752 1812 1777 lubens
1825 1752 1856 1777 in
1870 1752 1943 1777 hanc

99 1801 269 1826 sentenflam
288 1801 461 1826 concederet.
497 1801 538 1826 Ea
555 1802 651 1826 erant:
670 1801 857 1826 desideratam
876 1801 912 1825 ab
930 1800 1050 1825 eruditis
1070 1801 1141 1825 viris
1160 1800 1262 1825 tandiu
1279 1800 1352 1825 hanc
1371 1800 1530 1832 historiam,
1550 1808 1608 1825 non
1629 1801 1686 1825 nisi
1706 1808 1754 1834 per
1776 1801 1895 1826 lacinias
1914 1803 1942 1827 et

98 1850 256 1884 fragmenta
268 1851 402 1876 hactenus
415 1851 447 1875 in
461 1851 550 1875 lucem
564 1850 719 1884 prodiisse3
738 1852 770 1875 ut
788 1850 858 1882 quid
876 1858 944 1883 ergo
963 1849 1044 1874 illam
1063 1850 1154 1874 adhuc
1173 1850 1204 1874 in
1224 1850 1316 1874 frusta
1335 1849 1501 1882 discerpere,
1520 1851 1548 1875 et
1568 1850 1599 1874 in
1618 1850 1704 1874 obvia
1724 1851 1836 1884 integra
1855 1858 1943 1876 messe

97 1900 276 1935 spicilegium
294 1900 412 1925 sectari?
448 1901 580 1925 Dandum
599 1901 653 1925 hoc
672 1900 841 1925 auctoritati
859 1907 892 1924 ac
912 1900 1024 1924 nomini
1043 1899 1218 1924 Salernitani
1236 1899 1399 1929 Antistitis,
1420 1907 1478 1924 non
1498 1901 1557 1924 tam
1576 1899 1716 1930 doctrina,
1736 1900 1897 1933 prudentia,
1910 1909 1942 1926 ac

97 1949 179 1974 rebus
191 1949 299 1983 optime
310 1950 407 1983 gestis,
419 1957 503 1982 quam
515 1950 666 1983 dignitate,
679 1951 707 1974 et
726 1949 874 1982 sanguinis
888 1949 1038 1982 splendore
1056 1949 1205 1982 conspicui
1224 1948 1299 1981 (cum
1317 1950 1388 1973 teste
1407 1948 1492 1974 Petro
1511 1949 1637 1973 Blesensi
1658 1957 1763 1974 coaevo
1778 1949 1824 1982 (¹²),
1843 1949 1944 1975 Avun-

98 1998 177 2024 culus
195 2000 267 2024 esset
285 1998 424 2024 Willelmi
442 1999 477 2028 H,
496 1998 612 2024 Siciliae
630 1998 736 2032 Regis),
755 2000 788 2023 ut
805 1999 856 2031 qui
875 1999 1026 2032 supersunt
1044 1998 1168 2023 iit-erarii
1193 1998 1318 2023 eiusdem
1337 1998 1448 2023 labores
1467 2005 1482 2022 e
1507 1999 1630 2023 tenebris
1649 2001 1800 2024 eruantur-z
1826 2000 1943 2032 periisse

98 2048 181 2082 plura
198 2048 232 2073 ab
251 2048 315 2081 ipso
333 2050 455 2079 exarata,
474 2056 544 2081 quae
564 2049 646 2073 nobis
665 2050 825 2082 temporum
843 2048 952 2073 invidit
971 2048 1094 2082 injuria,
1113 2048 1182 2080 quid
1202 2048 1232 2072 ni
1252 2047 1352 2072 saltem
1370 2055 1441 2079 quae
1460 2048 1496 2072 ad
1516 2055 1568 2072 nos
1594 2048 1759 2081 religiosior
1784 2050 1944 2074 transmisit

98 2097 263 2130 antiquitas,
275 2097 396 2131 benigne
409 2098 593 2131 excipiamus,
607 2105 639 2122 ac
651 2097 743 2123 veluti
756 2098 787 2122 in
801 2099 865 2122 tuto
879 2097 974 2130 posita
987 2105 1004 2122 a
1017 2097 1194 2122 venientium
1207 2098 1332 2122 aetatum
1346 2096 1455 2121 desidia
1467 2098 1495 2121 et
1508 2094 1629 2122 interitu
1641 2097 1833 2122 vindicemus?
1851 2098 1944 2123 Inesse

98 2153 179 2171 suum
197 2146 283 2171 etiarn
302 2147 524 2180 compendiariis
542 2147 619 2172 hisce
638 2147 850 2172 narrationibus
869 2146 1044 2178 beneficium,
1063 2154 1126 2171 cum
1146 2146 1315 2178 quandoque
1334 2146 1419 2171 exiis
1432 2146 1581 2171 commode
1594 2145 1698 2171 Lector
1711 2147 1860 2181 percipiat,
1873 2155 1944 2180 quae

99 2202 158 2220 non
177 2195 234 2220 nisi
252 2195 341 2229 longo
359 2196 457 2221 labore
475 2197 523 2221 aut
542 2196 629 2221 etiam
648 2196 752 2221 frustra
771 2196 802 2221 in
821 2196 1018 2228 antiqqurum
1031 2195 1178 2221 codicibus
1197 2196 1377 2228 quaesiisset:
1397 2195 1508 2220 demum
1527 2203 1586 2220 non
1605 2203 1666 2221 eam
1678 2203 1736 2221 esse
1755 2197 1943 2231 manuscripti

98 2244 182 2278 hujus
201 2244 295 2278 operis
314 2245 417 2270 molem
436 2247 468 2270 ut
487 2245 609 2279 fatigare
626 2244 773 2271 Lectorem
792 2246 892 2279 possit,
911 2247 961 2270 aut
980 2245 1125 2270 fastidiosi
1144 2245 1281 2278 emptoris
1300 2245 1426 2277 querelas
1446 2245 1555 2270 mereri.

184 2294 342 2319 Accedebat
360 2294 485 2319 validius
504 2295 583 2320 aliud
603 2296 807 2328 argumentum,
826 2295 902 2327 quod
921 2295 968 2319 hic
987 2295 1119 2328 subjicio.
1156 2294 1228 2319 Cum
1247 2294 1463 2319 Ecclesiasticae
1481 2295 1621 2319 historiae
1634 2302 1734 2328 parens
1749 2295 1899 2327 Baronlus,
1913 2297 1944 2321 in

98 2344 241 2376 postremo
260 2343 417 2368 Annalium
436 2343 591 2373 volumine,
611 2344 757 2378 vulgatam
777 2344 910 2369 fabellam
930 2344 964 2369 de
983 2344 1098 2369 occulto
1117 2343 1277 2368 Alexandri
1296 2342 1481 2369 III'adventu
1500 2344 1644 2375 Venetias,
1665 2346 1692 2369 et
1715 2346 1884 2370 conculcato
1909 2347 1943 2371 ab

98 2391 195 2417 eodem
214 2392 353 2418 Friderici
371 2393 393 2424 Ι,
411 2393 442 2417 ln
461 2400 553 2426 genua
572 2393 722 2426 provoluti
741 2393 844 2427 capite,
865 2393 949 2418 nixus
968 2393 1119 2426 praecipue
1131 2393 1287 2418 Romualdi
1301 2392 1475 2418 Salernitani
1489 2394 1656 2418 testimonio
1671 2394 1857 2420 exsufflasset:
1871 2402 1944 2419 acer-

98 2440 185 2466 rimus
204 2441 349 2475 profligati
367 2442 446 2467 illius
467 2443 620 2467 commenti
640 2444 836 2476 propugnator
855 2443 1012 2467 insurrexit
1039 2442 1214 2467 Fortunatus
1234 2440 1333 2467 Ulmus
1358 2442 1512 2467 monachus
1532 2443 1689 2467 casinensis
1715 2445 1840 2475 venetus,
1860 2446 1946 2476 utque

35 2488 76 2526 *³
98 2489 199 2515 falcem
217 2490 253 2515 ad
272 2491 395 2516 radicem
414 2491 548 2522 mitteret,
568 2491 707 2516 machinis
726 2492 859 2517 omnibus
878 2492 910 2516 in
928 2491 1085 2516 Romualdi
1105 2491 1257 2516 historiam
1277 2492 1416 2521 invectus,
1436 2492 1560 2525 ejusdem
1580 2493 1782 2518 auctoritatem
1800 2493 1853 2518 hac
1872 2494 1903 2518 in
1917 2501 1946 2519 re

48 2560 49 2565 ,
97 2538 254 2572 infringere
271 2541 299 2565 et
317 2540 431 2566 abolere
449 2548 559 2566 summo
579 2541 675 2566 studio
695 2541 853 2566 contendit.
889 2541 967 2566 Inter
986 2542 1095 2565 caetera
1114 2548 1191 2569 vero,
1211 2541 1314 2573 quibus
1333 2541 1414 2565 illam
1434 2541 1570 2573 impetiit,
1589 2541 1733 2566 Achillem
1751 2542 1826 2567 hunc
1845 2545 1945 2574 armat,

98 2589 267 2621 postremam
285 2589 346 2614 elus
364 2589 502 2614 historiae
522 2591 629 2623 partem
647 2590 723 2615 haud
742 2597 800 2615 esse
819 2591 976 2623 genuinum
994 2589 1148 2615 Romualdi
1167 2590 1284 2621 foetum,
1304 2589 1352 2614 sed
1377 2590 1561 2623 appendicem
1581 2592 1729 2615 consutam
1749 2592 1782 2615 ab
1809 2592 1943 2625 imperito

51 2640 65 2659 3
98 2636 262 2672 Anonymo‚
280 2645 360 2671 quem
379 2639 440 2672 ipse
459 2639 773 2664 Pseudo—Romualdum
791 2640 926 2673 appellat.
964 2638 1048 2668 Quod
1062 2641 1094 2664 ut
1114 2639 1236 2668 evincat,
1249 2639 1291 2664 ait
1312 2639 1434 2664 feliciter
1453 2646 1546 2664 secum
1560 2641 1652 2664 actum
1666 2647 1732 2670 esse,
1752 2643 1783 2665 ut
1796 2642 1945 2666 universae

98 2685 181 2721 huJus
193 2687 331 2712 historiae
342 2688 494 2721 exemplar,
507 2688 644 2713 beneficio
659 2688 771 2721 Equitis
784 2688 899 2722 Aloysii
913 2687 1045 2714 Cornelii
1065 2690 1299 2721 consequeretur3
1317 2689 1436 2713 fidenter
1455 2696 1618 2713 asseverans
1638 2690 1673 2714 ab
1692 2690 1804 2723 integra
1823 2691 1946 2716 historia

35 2730 70 2769 33
97 2736 220 2761 securius
231 2736 356 2770 ejusdem
375 2744 491 2762 examen
504 2737 584 2768 iniri,
597 2745 628 2762 ac
650 2737 751 2771 colligi
770 2745 853 2771 posse
865 2739 1004 2770 quantum
1023 2738 1053 2762 in
1066 2738 1129 2771 ipsa
1143 2739 1288 2771 peccatum
1302 2738 1348 2762 sit.
1385 2736 1503 2767 Contra,
1518 2737 1599 2762 Felix
1613 2737 1797 2764 Contelorius
1812 2740 1842 2764 in
1856 2739 1944 2765 Libro

97 2784 131 2810 de
153 2785 294 2810 Concordia
312 2786 463 2811 Alexandri
479 2786 528 2811 III
539 2793 599 2811 cum
617 2787 753 2811 Fn'derr'co
771 2787 792 2811 1
803 2788 918 2813 inanem
936 2788 1009 2812 hanc
1029 2788 1200 2812 calumniam
1220 2789 1332 2812 strenue
1346 2787 1499 2820 depellens,
1511 2788 1578 2812 hacc
1598 2788 1672 2813 inter
1692 2789 1750 2813 alia
1764 2789 1875 2814 subdit:
1893 2790 1944 2814 Ac·

43 2842 53 2873 j³
93 2834 161 2858 cedit
178 2835 248 2866 quod
264 2834 395 2867 eloquutto
413 2836 502 2860 eadem
520 2838 557 2860 est
574 2843 605 2859 ac
623 2837 653 2860 in
671 2836 776 2867 reliqua
798 2836 987 2861 Chrom’corum
1001 2839 1086 2868 parte.
1125 2836 1164 2861 At
1184 2837 1246 2869 quis
1266 2837 1398 2861 alterutri
1417 2844 1452 2861 ex
1471 2837 1509 2861 iis
1530 2837 1615 2861 facile
1634 2837 1716 2862 fidem
1736 2840 1866 2871 praestet,
1881 2847 1945 2864 cum

38 2879 222 2910 nondum
241 2884 352 2917 integra
371 2884 438 2909 haec
458 2884 603 2910 Chronica
623 2885 797 2914 emerserint,
816 2892 852 2910 ex
870 2886 972 2918 quibus
992 2885 1026 2910 de
1046 2886 1157 2918 aequali
1176 2886 1282 2918 ubique
1295 2886 1380 2919 stylo,
1400 2887 1449 2911 aut
1473 2887 1623 2911 contextus
1642 2887 1696 2911 fide
1715 2887 1853 2921 judicium
1874 2889 1946 2913 ferre

45 2918 65 2962 ἶ
97 2932 215 2964 quilibet
233 2934 342 2966 possit?
378 2934 495 2959 Necesse
514 2933 604 2967 igitur
623 2935 683 2959 erat
702 2935 734 2959 ut
753 2934 909 2967 aliquando
929 2935 961 2959 in
979 2935 1071 2960 lucem
1090 2935 1256 2967 prodirent,
1271 2935 1437 2967 nullumque
1451 2936 1643 2968 opportunius
1657 2938 1776 2969 ternpus,
1789 2945 1871 2970 quam
1884 2946 1948 2963 cum

43 2979 67 3019 (ιτ

181 3040 209 3068 (¹⁸)
223 3042 297 3067 Epist.
314 3043 336 3063 x
350 3042 380 3064 sd
394 3043 496 3068 ejusdem
511 3043 623 3065 Willelmi
638 3043 796 3069 Capelianum.
