<?xml version="1.0" encoding="UTF-8"?>
<!DOCTYPE html PUBLIC "-//W3C//DTD XHTML 1.0 Transitional//EN"
    "http://www.w3.org/TR/xhtml1/DTD/xhtml1-transitional.dtd">
<html xmlns="http://www.w3.org/1999/xhtml" xml:lang="en" lang="en">
 <head>
  <title>
</title>
<meta http-equiv="Content-Type" content="text/html;charset=utf-8" />
  <meta name='ocr-system' content='tesseract 3.04.00' />
  <meta name='ocr-capabilities' content='ocr_page ocr_carea ocr_par ocr_line ocrx_word'/>
</head>
<body>
  <div class='ocr_page' id='page_1' title='image "./rerumitalicarums71murauoft_0297.png"; bbox 0 0 2398 3470; ppageno 0'>
   <div class='ocr_carea' id='block_1_1' title="bbox 0 0 61 2944">
    <p class='ocr_par' dir='ltr' id='par_1_1' title="bbox 0 0 61 2944">
     <span class='ocr_line' id='line_1_1' title="bbox 0 0 61 2944; baseline 0 0"><span class='ocrx_word' id='word_1_1' title='bbox 0 0 61 2944; x_wconf 95' lang='lat' dir='ltr'><strong> </strong></span> 
     </span>
    </p>
   </div>
   <div class='ocr_carea' id='block_1_2' title="bbox 126 234 2179 275">
    <p class='ocr_par' dir='ltr' id='par_1_2' title="bbox 126 234 2179 275">
     <span class='ocr_line' id='line_1_2' title="bbox 126 234 2179 275; baseline 0.001 -6"><span class='ocrx_word' id='word_1_2' title='bbox 126 241 211 275; x_wconf 75' lang='grc' dir='ltr'><strong>[ΑΛ.</strong></span> <span class='ocrx_word' id='word_1_3' title='bbox 230 241 267 270; x_wconf 86' lang='lat' dir='ltr'><strong>c.</strong></span> <span class='ocrx_word' id='word_1_4' title='bbox 289 241 486 275; x_wconf 71' lang='grc'><strong>1127-1129]</strong></span> <span class='ocrx_word' id='word_1_5' title='bbox 707 234 997 271; x_wconf 89' lang='lat' dir='ltr'>ROMUALDI</span> <span class='ocrx_word' id='word_1_6' title='bbox 1027 234 1394 272; x_wconf 90' lang='lat' dir='ltr'><strong>SALERNITANI</strong></span> <span class='ocrx_word' id='word_1_7' title='bbox 1900 236 1973 271; x_wconf 82' lang='lat'><strong>225</strong></span> <span class='ocrx_word' id='word_1_8' title='bbox 2015 247 2090 270; x_wconf 66' lang='lat' dir='ltr'><strong>Mun..</strong></span> <span class='ocrx_word' id='word_1_9' title='bbox 2105 253 2126 268; x_wconf 85' lang='lat' dir='ltr'><strong>c.</strong></span> <span class='ocrx_word' id='word_1_10' title='bbox 2144 253 2179 272; x_wconf 78' lang='lat'><strong>190</strong></span> 
     </span>
    </p>
   </div>
   <div class='ocr_carea' id='block_1_3' title="bbox 12 356 2155 776">
    <p class='ocr_par' dir='ltr' id='par_1_3' title="bbox 12 356 2155 776">
     <span class='ocr_line' id='line_1_3' title="bbox 213 356 1970 402; baseline 0 -11"><span class='ocrx_word' id='word_1_11' title='bbox 213 358 371 402; x_wconf 84' lang='lat' dir='ltr'>Cumque</span> <span class='ocrx_word' id='word_1_12' title='bbox 388 357 433 391; x_wconf 88' lang='lat' dir='ltr'><strong>de</strong></span> <span class='ocrx_word' id='word_1_13' title='bbox 450 367 539 400; x_wconf 88' lang='lat' dir='ltr'><strong>pace</strong></span> <span class='ocrx_word' id='word_1_14' title='bbox 553 357 645 390; x_wconf 83' lang='lat' dir='ltr'><strong>inter</strong></span> <span class='ocrx_word' id='word_1_15' title='bbox 660 366 720 389; x_wconf 88' lang='lat' dir='ltr'><strong>eos</strong></span> <span class='ocrx_word' id='word_1_16' title='bbox 737 358 980 399; x_wconf 88' lang='lat' dir='ltr'><strong>componenda</strong></span> <span class='ocrx_word' id='word_1_17' title='bbox 994 356 1014 396; x_wconf 85' lang='lat'><strong>¹,</strong></span> <span class='ocrx_word' id='word_1_18' title='bbox 1030 357 1207 391; x_wconf 84' lang='lat' dir='ltr'><strong>mediante</strong></span> <span class='ocrx_word' id='word_1_19' title='bbox 1223 356 1405 391; x_wconf 88' lang='lat' dir='ltr'><strong>Bernardo</strong></span> <span class='ocrx_word' id='word_1_20' title='bbox 1420 357 1673 391; x_wconf 82' lang='lat' dir='ltr'><strong>Clareuailensi</strong></span> <span class='ocrx_word' id='word_1_21' title='bbox 1689 357 1825 398; x_wconf 86' lang='lat' dir='ltr'><strong>abbate,</strong></span> <span class='ocrx_word' id='word_1_22' title='bbox 1842 357 1970 391; x_wconf 89' lang='lat' dir='ltr'><strong>diutius</strong></span> 
     </span>
     <span class='ocr_line' id='line_1_4' title="bbox 124 410 2144 455; baseline -0.001 -10"><span class='ocrx_word' id='word_1_23' title='bbox 124 416 216 445; x_wconf 83' lang='lat' dir='ltr'><strong>esset</strong></span> <span class='ocrx_word' id='word_1_24' title='bbox 238 416 424 445; x_wconf 85' lang='lat' dir='ltr'><strong>tractatum</strong></span> <span class='ocrx_word' id='word_1_25' title='bbox 447 421 514 445; x_wconf 91' lang='lat' dir='ltr'><strong>nec</strong></span> <span class='ocrx_word' id='word_1_26' title='bbox 536 410 715 454; x_wconf 85' lang='lat' dir='ltr'><strong>potuisset,</strong></span> <span class='ocrx_word' id='word_1_27' title='bbox 739 410 894 453; x_wconf 87' lang='lat' dir='ltr'><strong>peccatis</strong></span> <span class='ocrx_word' id='word_1_28' title='bbox 918 411 1148 455; x_wconf 80' lang='lat' dir='ltr'><strong>exigentibus,</strong></span> <span class='ocrx_word' id='word_1_29' title='bbox 1173 412 1381 452; x_wconf 89' lang='lat' dir='ltr'><strong>consumari,</strong></span> <span class='ocrx_word' id='word_1_30' title='bbox 1404 411 1534 445; x_wconf 88' lang='lat' dir='ltr'><strong>bellum</strong></span> <span class='ocrx_word' id='word_1_31' title='bbox 1557 411 1646 445; x_wconf 89' lang='lat' dir='ltr'><strong>inter</strong></span> <span class='ocrx_word' id='word_1_32' title='bbox 1670 422 1730 445; x_wconf 84' lang='lat' dir='ltr'><strong>eos</strong></span> <span class='ocrx_word' id='word_1_33' title='bbox 1752 411 1907 446; x_wconf 89' lang='lat' dir='ltr'><strong>ualidum</strong></span> <span class='ocrx_word' id='word_1_34' title='bbox 1925 418 1978 444; x_wconf 88' lang='lat' dir='ltr'><strong>est</strong></span> <span class='ocrx_word' id='word_1_35' title='bbox 2055 425 2099 445; x_wconf 61' lang='lat'><strong>001.</strong></span> <span class='ocrx_word' id='word_1_36' title='bbox 2119 429 2144 448; x_wconf 76' lang='lat'><strong>50</strong></span> 
     </span>
     <span class='ocr_line' id='line_1_5' title="bbox 125 463 1977 509; baseline 0 -11"><span class='ocrx_word' id='word_1_37' title='bbox 125 470 282 498; x_wconf 85' lang='lat' dir='ltr'><strong>exortum</strong></span> <span class='ocrx_word' id='word_1_38' title='bbox 294 464 317 497; x_wconf 78' lang='lat'><strong>².</strong></span> <span class='ocrx_word' id='word_1_39' title='bbox 363 465 443 497; x_wconf 89' lang='lat' dir='ltr'><strong>Dux</strong></span> <span class='ocrx_word' id='word_1_40' title='bbox 465 469 580 498; x_wconf 88' lang='lat' dir='ltr'><strong>autem</strong></span> <span class='ocrx_word' id='word_1_41' title='bbox 602 463 802 507; x_wconf 82' lang='lat' dir='ltr'><strong>Roggerius</strong></span> <span class='ocrx_word' id='word_1_42' title='bbox 824 463 913 497; x_wconf 89' lang='lat' dir='ltr'><strong>filius</strong></span> <span class='ocrx_word' id='word_1_43' title='bbox 936 464 1088 507; x_wconf 82' lang='lat' dir='ltr'><strong>predicti</strong></span> <span class='ocrx_word' id='word_1_44' title='bbox 1112 465 1213 509; x_wconf 84' lang='lat' dir='ltr'><strong>regis,</strong></span> <span class='ocrx_word' id='word_1_45' title='bbox 1239 465 1300 508; x_wconf 91' lang='lat' dir='ltr'><strong>qui</strong></span> <span class='ocrx_word' id='word_1_46' title='bbox 1322 465 1359 497; x_wconf 90' lang='lat' dir='ltr'><strong>in</strong></span> <span class='ocrx_word' id='word_1_47' title='bbox 1383 464 1458 498; x_wconf 87' lang='lat' dir='ltr'><strong>acie</strong></span> <span class='ocrx_word' id='word_1_48' title='bbox 1482 465 1702 508; x_wconf 83' lang='lat' dir='ltr'><strong>percussoria</strong></span> <span class='ocrx_word' id='word_1_49' title='bbox 1726 465 1851 506; x_wconf 76' lang='lat' dir='ltr'><strong>fuerat,</strong></span> <span class='ocrx_word' id='word_1_50' title='bbox 1867 475 1977 509; x_wconf 87' lang='lat' dir='ltr'><strong>oppo-</strong></span> 
     </span>
     <span class='ocr_line' id='line_1_6' title="bbox 12 517 2155 564; baseline -0.001 -12"><span class='ocrx_word' id='word_1_51' title='bbox 12 553 14 556; x_wconf 74' lang='grc'><strong>,</strong></span> <span class='ocrx_word' id='word_1_52' title='bbox 125 518 208 552; x_wconf 86' lang='lat' dir='ltr'><strong>sitas</strong></span> <span class='ocrx_word' id='word_1_53' title='bbox 231 517 296 552; x_wconf 88' lang='lat' dir='ltr'><strong>sibi</strong></span> <span class='ocrx_word' id='word_1_54' title='bbox 320 519 416 552; x_wconf 85' lang='lat' dir='ltr'><strong>acies</strong></span> <span class='ocrx_word' id='word_1_55' title='bbox 437 517 589 551; x_wconf 84' lang='lat' dir='ltr'><strong>uiriliter</strong></span> <span class='ocrx_word' id='word_1_56' title='bbox 611 517 824 560; x_wconf 88' lang='lat' dir='ltr'><strong>expugnauit</strong></span> <span class='ocrx_word' id='word_1_57' title='bbox 847 523 882 550; x_wconf 89' lang='lat' dir='ltr'><strong>et</strong></span> <span class='ocrx_word' id='word_1_58' title='bbox 899 517 1081 560; x_wconf 83' lang='lat' dir='ltr'><strong>Sipontum</strong></span> <span class='ocrx_word' id='word_1_59' title='bbox 1095 520 1106 538; x_wconf 81' lang='lat'>⁸</span> <span class='ocrx_word' id='word_1_60' title='bbox 1122 528 1232 562; x_wconf 87' lang='lat' dir='ltr'><strong>usque</strong></span> <span class='ocrx_word' id='word_1_61' title='bbox 1249 518 1397 562; x_wconf 80' lang='lat' dir='ltr'><strong>fugauit.</strong></span> <span class='ocrx_word' id='word_1_62' title='bbox 1444 518 1524 551; x_wconf 88' lang='lat' dir='ltr'><strong>Rex</strong></span> <span class='ocrx_word' id='word_1_63' title='bbox 1539 529 1634 557; x_wconf 88' lang='lat' dir='ltr'><strong>uero,</strong></span> <span class='ocrx_word' id='word_1_64' title='bbox 1651 517 1722 562; x_wconf 91' lang='lat' dir='ltr'><strong>qui&#39;</strong></span> <span class='ocrx_word' id='word_1_65' title='bbox 1739 520 1775 552; x_wconf 91' lang='lat' dir='ltr'><strong>in</strong></span> <span class='ocrx_word' id='word_1_66' title='bbox 1791 530 1916 564; x_wconf 88' lang='lat' dir='ltr'><strong>magna</strong></span> <span class='ocrx_word' id='word_1_67' title='bbox 1931 529 1975 552; x_wconf 87' lang='lat' dir='ltr'><strong>ac</strong></span> <span class='ocrx_word' id='word_1_68' title='bbox 2059 536 2079 550; x_wconf 69' lang='lat' dir='ltr'><strong>c.</strong></span> <span class='ocrx_word' id='word_1_69' title='bbox 2096 530 2155 554; x_wconf 70' lang='lat' dir='ltr'><strong>:ub</strong></span> 
     </span>
     <span class='ocr_line' id='line_1_7' title="bbox 26 563 1977 615; baseline 0 -11"><span class='ocrx_word' id='word_1_70' title='bbox 26 563 31 586; x_wconf 70' lang='lat'><strong>1</strong></span> <span class='ocrx_word' id='word_1_71' title='bbox 83 573 102 604; x_wconf 90' lang='grc'>5</span> <span class='ocrx_word' id='word_1_72' title='bbox 125 577 299 615; x_wconf 85' lang='lat' dir='ltr'><strong>postrema</strong></span> <span class='ocrx_word' id='word_1_73' title='bbox 323 572 399 605; x_wconf 89' lang='lat' dir='ltr'><strong>acie</strong></span> <span class='ocrx_word' id='word_1_74' title='bbox 422 571 549 610; x_wconf 76' lang='lat' dir='ltr'><strong>fuerat,</strong></span> <span class='ocrx_word' id='word_1_75' title='bbox 573 569 842 604; x_wconf 70' lang='lat' dir='ltr'><strong>lassescentibus</strong></span> <span class='ocrx_word' id='word_1_76' title='bbox 865 570 1042 610; x_wconf 82' lang='lat' dir='ltr'><strong>militibus,</strong></span> <span class='ocrx_word' id='word_1_77' title='bbox 1065 571 1101 603; x_wconf 91' lang='lat' dir='ltr'><strong>in</strong></span> <span class='ocrx_word' id='word_1_78' title='bbox 1124 572 1244 615; x_wconf 75' lang='lat' dir='ltr'><strong>fugam</strong></span> <span class='ocrx_word' id='word_1_79' title='bbox 1269 581 1458 605; x_wconf 90' lang='lat' dir='ltr'><strong>conuersus</strong></span> <span class='ocrx_word' id='word_1_80' title='bbox 1489 577 1551 611; x_wconf 90' lang='lat' dir='ltr'><strong>est,</strong></span> <span class='ocrx_word' id='word_1_81' title='bbox 1574 578 1609 605; x_wconf 89' lang='lat' dir='ltr'><strong>et</strong></span> <span class='ocrx_word' id='word_1_82' title='bbox 1631 578 1716 605; x_wconf 90' lang='lat' dir='ltr'><strong>tunc</strong></span> <span class='ocrx_word' id='word_1_83' title='bbox 1747 572 1854 606; x_wconf 89' lang='lat' dir='ltr'><strong>multa</strong></span> <span class='ocrx_word' id='word_1_84' title='bbox 1884 572 1977 605; x_wconf 85' lang='lat' dir='ltr'><strong>milia</strong></span> 
     </span>
     <span class='ocr_line' id='line_1_8' title="bbox 125 623 1978 670; baseline 0.001 -12"><span class='ocrx_word' id='word_1_85' title='bbox 125 625 303 658; x_wconf 85' lang='lat' dir='ltr'><strong>hominum</strong></span> <span class='ocrx_word' id='word_1_86' title='bbox 327 630 431 668; x_wconf 80' lang='lat' dir='ltr'><strong>capta</strong></span> <span class='ocrx_word' id='word_1_87' title='bbox 453 630 533 657; x_wconf 90' lang='lat' dir='ltr'><strong>sunt</strong></span> <span class='ocrx_word' id='word_1_88' title='bbox 555 629 592 657; x_wconf 90' lang='lat' dir='ltr'><strong>et</strong></span> <span class='ocrx_word' id='word_1_89' title='bbox 614 624 732 657; x_wconf 88' lang='lat' dir='ltr'><strong>occisa</strong></span> <span class='ocrx_word' id='word_1_90' title='bbox 744 623 767 656; x_wconf 85' lang='lat'><strong>⁴.</strong></span> <span class='ocrx_word' id='word_1_91' title='bbox 815 623 959 668; x_wconf 79' lang='lat' dir='ltr'><strong>Sergius</strong></span> <span class='ocrx_word' id='word_1_92' title='bbox 972 627 983 645; x_wconf 84' lang='lat'>⁵</span> <span class='ocrx_word' id='word_1_93' title='bbox 1007 635 1145 669; x_wconf 91' lang='lat' dir='ltr'><strong>quoque</strong></span> <span class='ocrx_word' id='word_1_94' title='bbox 1169 625 1335 668; x_wconf 87' lang='lat' dir='ltr'><strong>magister</strong></span> <span class='ocrx_word' id='word_1_95' title='bbox 1358 625 1502 657; x_wconf 89' lang='lat' dir='ltr'><strong>militum</strong></span> <span class='ocrx_word' id='word_1_96' title='bbox 1527 625 1835 668; x_wconf 85' lang='lat' dir='ltr'><strong>Neapolitanorum</strong></span> <span class='ocrx_word' id='word_1_97' title='bbox 1860 626 1978 670; x_wconf 86' lang='lat' dir='ltr'><strong>gladio</strong></span> 
     </span>
     <span class='ocr_line' id='line_1_9' title="bbox 127 677 2143 721; baseline 0 -11"><span class='ocrx_word' id='word_1_98' title='bbox 127 688 310 721; x_wconf 83' lang='lat' dir='ltr'><strong>percussus</strong></span> <span class='ocrx_word' id='word_1_99' title='bbox 332 677 507 712; x_wconf 88' lang='lat' dir='ltr'><strong>occubuit.</strong></span> <span class='ocrx_word' id='word_1_100' title='bbox 553 678 634 710; x_wconf 85' lang='lat' dir='ltr'><strong>Rex</strong></span> <span class='ocrx_word' id='word_1_101' title='bbox 655 686 741 710; x_wconf 89' lang='lat' dir='ltr'><strong>uero</strong></span> <span class='ocrx_word' id='word_1_102' title='bbox 756 682 832 709; x_wconf 90' lang='lat' dir='ltr'><strong>tota</strong></span> <span class='ocrx_word' id='word_1_103' title='bbox 846 683 951 710; x_wconf 90' lang='lat' dir='ltr'><strong>nocte</strong></span> <span class='ocrx_word' id='word_1_104' title='bbox 967 678 1126 721; x_wconf 73' lang='lat' dir='ltr'><strong>equitans</strong></span> <span class='ocrx_word' id='word_1_105' title='bbox 1139 677 1323 711; x_wconf 82' lang='lat' dir='ltr'><strong>Salernum</strong></span> <span class='ocrx_word' id='word_1_106' title='bbox 1339 679 1436 711; x_wconf 86' lang='lat' dir='ltr'><strong>uenit</strong></span> <span class='ocrx_word' id='word_1_107' title='bbox 1452 684 1487 711; x_wconf 91' lang='lat' dir='ltr'><strong>et</strong></span> <span class='ocrx_word' id='word_1_108' title='bbox 1503 678 1547 711; x_wconf 91' lang='lat' dir='ltr'><strong>ab</strong></span> <span class='ocrx_word' id='word_1_109' title='bbox 1564 679 1719 712; x_wconf 91' lang='lat' dir='ltr'><strong>eiusdem</strong></span> <span class='ocrx_word' id='word_1_110' title='bbox 1733 679 1828 713; x_wconf 83' lang='lat' dir='ltr'><strong>urbis</strong></span> <span class='ocrx_word' id='word_1_111' title='bbox 1845 680 1978 713; x_wconf 90' lang='lat' dir='ltr'><strong>ciuibus</strong></span> <span class='ocrx_word' id='word_1_112' title='bbox 2054 693 2100 711; x_wconf 62' lang='lat' dir='ltr'><strong>oct.</strong></span> <span class='ocrx_word' id='word_1_113' title='bbox 2121 697 2143 715; x_wconf 84' lang='lat'><strong>31</strong></span> 
     </span>
     <span class='ocr_line' id='line_1_10' title="bbox 126 731 1980 776; baseline 0.001 -11"><span class='ocrx_word' id='word_1_114' title='bbox 126 742 225 765; x_wconf 92' lang='lat' dir='ltr'><strong>more</strong></span> <span class='ocrx_word' id='word_1_115' title='bbox 247 732 350 765; x_wconf 90' lang='lat' dir='ltr'><strong>solito</strong></span> <span class='ocrx_word' id='word_1_116' title='bbox 373 738 427 765; x_wconf 89' lang='lat' dir='ltr'><strong>est</strong></span> <span class='ocrx_word' id='word_1_117' title='bbox 448 736 647 765; x_wconf 85' lang='lat' dir='ltr'><strong>reuerenter</strong></span> <span class='ocrx_word' id='word_1_118' title='bbox 670 736 847 774; x_wconf 85' lang='lat' dir='ltr'><strong>exceptus.</strong></span> <span class='ocrx_word' id='word_1_119' title='bbox 895 731 965 770; x_wconf 85' lang='lat' dir='ltr'><strong>Qui</strong></span> <span class='ocrx_word' id='word_1_120' title='bbox 988 732 1024 764; x_wconf 86' lang='lat' dir='ltr'><strong>in</strong></span> <span class='ocrx_word' id='word_1_121' title='bbox 1048 742 1090 765; x_wconf 87' lang='lat' dir='ltr'><strong>ea</strong></span> <span class='ocrx_word' id='word_1_122' title='bbox 1112 731 1253 765; x_wconf 89' lang='lat' dir='ltr'><strong>ciuitate</strong></span> <span class='ocrx_word' id='word_1_123' title='bbox 1278 732 1525 776; x_wconf 86' lang='lat' dir='ltr'><strong>aliquantulum</strong></span> <span class='ocrx_word' id='word_1_124' title='bbox 1548 739 1712 771; x_wconf 87' lang='lat' dir='ltr'><strong>moratus,</strong></span> <span class='ocrx_word' id='word_1_125' title='bbox 1727 733 1887 767; x_wconf 88' lang='lat' dir='ltr'><strong>ciuitates</strong></span> <span class='ocrx_word' id='word_1_126' title='bbox 1901 745 1980 767; x_wconf 85' lang='lat' dir='ltr'><strong>suas</strong></span> 
     </span>
    </p>
   </div>
   <div class='ocr_carea' id='block_1_4' title="bbox 126 783 1036 828">
    <p class='ocr_par' dir='ltr' id='par_1_4' title="bbox 126 783 1036 828">
     <span class='ocr_line' id='line_1_11' title="bbox 126 783 1036 828; baseline 0 -10"><span class='ocrx_word' id='word_1_127' title='bbox 126 791 161 818; x_wconf 89' lang='lat' dir='ltr'><strong>et</strong></span> <span class='ocrx_word' id='word_1_128' title='bbox 183 785 327 819; x_wconf 88' lang='lat' dir='ltr'><strong>castella</strong></span> <span class='ocrx_word' id='word_1_129' title='bbox 349 785 515 819; x_wconf 78' lang='lat' dir='ltr'><strong>militibus</strong></span> <span class='ocrx_word' id='word_1_130' title='bbox 537 790 572 818; x_wconf 91' lang='lat' dir='ltr'><strong>et</strong></span> <span class='ocrx_word' id='word_1_131' title='bbox 593 783 769 828; x_wconf 84' lang='lat' dir='ltr'><strong>peditibus</strong></span> <span class='ocrx_word' id='word_1_132' title='bbox 791 785 1002 827; x_wconf 89' lang='lat' dir='ltr'><strong>premuniuit</strong></span> <span class='ocrx_word' id='word_1_133' title='bbox 1014 788 1036 818; x_wconf 81' lang='lat'><strong>⁶.</strong></span> 
     </span>
    </p>
   </div>
   <div class='ocr_carea' id='block_1_5' title="bbox 65 837 997 882">
    <p class='ocr_par' dir='ltr' id='par_1_5' title="bbox 12 826 997 882">
     <span class='ocr_line' id='line_1_12' title="bbox 65 837 997 882; baseline 0 -10"><span class='ocrx_word' id='word_1_134' title='bbox 65 840 103 872; x_wconf 92' lang='lat'><strong>10</strong></span> <span class='ocrx_word' id='word_1_135' title='bbox 127 838 260 882; x_wconf 87' lang='lat' dir='ltr'><strong>Capue,</strong></span> <span class='ocrx_word' id='word_1_136' title='bbox 282 839 319 871; x_wconf 89' lang='lat' dir='ltr'><strong>in</strong></span> <span class='ocrx_word' id='word_1_137' title='bbox 341 838 559 872; x_wconf 81' lang='lat' dir='ltr'><strong>Salernitana</strong></span> <span class='ocrx_word' id='word_1_138' title='bbox 581 837 734 871; x_wconf 86' lang='lat' dir='ltr'><strong>ecclesia</strong></span> <span class='ocrx_word' id='word_1_139' title='bbox 757 844 808 871; x_wconf 89' lang='lat' dir='ltr'><strong>est</strong></span> <span class='ocrx_word' id='word_1_140' title='bbox 829 838 962 872; x_wconf 90' lang='lat' dir='ltr'><strong>electus</strong></span> <span class='ocrx_word' id='word_1_141' title='bbox 975 841 997 872; x_wconf 89' lang='lat'><strong>⁷.</strong></span> 
     </span>
    </p>
   </div>
   <div class='ocr_carea' id='block_1_6' title="bbox 1081 785 1981 821">
    <p class='ocr_par' dir='ltr' id='par_1_6' title="bbox 1081 785 1981 821">
     <span class='ocr_line' id='line_1_13' title="bbox 1081 785 1981 821; baseline 0.002 -3"><span class='ocrx_word' id='word_1_142' title='bbox 1081 785 1184 819; x_wconf 92' lang='lat' dir='ltr'><strong>Tunc</strong></span> <span class='ocrx_word' id='word_1_143' title='bbox 1209 785 1406 818; x_wconf 88' lang='lat' dir='ltr'><strong>Willelmus</strong></span> <span class='ocrx_word' id='word_1_144' title='bbox 1428 786 1571 819; x_wconf 85' lang='lat' dir='ltr'><strong>natione</strong></span> <span class='ocrx_word' id='word_1_145' title='bbox 1595 786 1784 820; x_wconf 84' lang='lat' dir='ltr'><strong>Rauennas</strong></span> <span class='ocrx_word' id='word_1_146' title='bbox 1801 794 1835 821; x_wconf 90' lang='lat' dir='ltr'><strong>et</strong></span> <span class='ocrx_word' id='word_1_147' title='bbox 1849 787 1981 821; x_wconf 89' lang='lat' dir='ltr'><strong>electus</strong></span> 
     </span>
    </p>
   </div>
   <div class='ocr_carea' id='block_1_7' title="bbox 1044 838 1980 883">
    <p class='ocr_par' dir='ltr' id='par_1_7' title="bbox 1044 838 1980 883">
     <span class='ocr_line' id='line_1_14' title="bbox 1044 838 1980 883; baseline 0.003 -12"><span class='ocrx_word' id='word_1_148' title='bbox 1044 839 1181 872; x_wconf 86' lang='lat' dir='ltr'><strong>Deinde</strong></span> <span class='ocrx_word' id='word_1_149' title='bbox 1203 845 1347 882; x_wconf 89' lang='lat' dir='ltr'><strong>recepta</strong></span> <span class='ocrx_word' id='word_1_150' title='bbox 1370 838 1558 882; x_wconf 88' lang='lat' dir='ltr'><strong>Neapolim</strong></span> <span class='ocrx_word' id='word_1_151' title='bbox 1582 845 1617 872; x_wconf 88' lang='lat' dir='ltr'><strong>et</strong></span> <span class='ocrx_word' id='word_1_152' title='bbox 1641 840 1814 883; x_wconf 81' lang='lat' dir='ltr'><strong>dispositis</strong></span> <span class='ocrx_word' id='word_1_153' title='bbox 1838 847 1872 874; x_wconf 89' lang='lat' dir='ltr'><strong>et</strong></span> <span class='ocrx_word' id='word_1_154' title='bbox 1888 840 1980 874; x_wconf 90' lang='lat' dir='ltr'><strong>orcli-</strong></span> 
     </span>
    </p>
   </div>
   <div class='ocr_carea' id='block_1_8' title="bbox 125 891 1978 937">
    <p class='ocr_par' dir='ltr' id='par_1_8' title="bbox 125 891 1978 937">
     <span class='ocr_line' id='line_1_15' title="bbox 125 891 1978 937; baseline 0.001 -12"><span class='ocrx_word' id='word_1_155' title='bbox 125 892 219 926; x_wconf 86' lang='lat' dir='ltr'><strong>natis</strong></span> <span class='ocrx_word' id='word_1_156' title='bbox 242 892 401 935; x_wconf 89' lang='lat' dir='ltr'><strong>partibus</strong></span> <span class='ocrx_word' id='word_1_157' title='bbox 424 892 577 936; x_wconf 83' lang='lat' dir='ltr'><strong>regionis</strong></span> <span class='ocrx_word' id='word_1_158' title='bbox 599 891 703 931; x_wconf 89' lang='lat' dir='ltr'><strong>illius,</strong></span> <span class='ocrx_word' id='word_1_159' title='bbox 728 901 806 924; x_wconf 88' lang='lat' dir='ltr'><strong>cum</strong></span> <span class='ocrx_word' id='word_1_160' title='bbox 831 892 1013 937; x_wconf 85' lang='lat' dir='ltr'><strong>Roggerio</strong></span> <span class='ocrx_word' id='word_1_161' title='bbox 1037 893 1127 927; x_wconf 92' lang='lat' dir='ltr'><strong>duce</strong></span> <span class='ocrx_word' id='word_1_162' title='bbox 1151 899 1189 926; x_wconf 92' lang='lat' dir='ltr'><strong>et</strong></span> <span class='ocrx_word' id='word_1_163' title='bbox 1210 892 1400 926; x_wconf 89' lang='lat' dir='ltr'><strong>Tancredo</strong></span> <span class='ocrx_word' id='word_1_164' title='bbox 1415 892 1576 936; x_wconf 87' lang='lat' dir='ltr'><strong>principe</strong></span> <span class='ocrx_word' id='word_1_165' title='bbox 1592 893 1670 926; x_wconf 89' lang='lat' dir='ltr'><strong>filiis</strong></span> <span class='ocrx_word' id='word_1_166' title='bbox 1686 895 1755 927; x_wconf 88' lang='lat' dir='ltr'><strong>suis</strong></span> <span class='ocrx_word' id='word_1_167' title='bbox 1770 895 1804 926; x_wconf 91' lang='lat' dir='ltr'><strong>in</strong></span> <span class='ocrx_word' id='word_1_168' title='bbox 1823 895 1978 928; x_wconf 90' lang='lat' dir='ltr'><strong>Siciliam</strong></span> 
     </span>
    </p>
   </div>
   <div class='ocr_carea' id='block_1_9' title="bbox 126 945 2138 1099">
    <p class='ocr_par' dir='ltr' id='par_1_9' title="bbox 126 945 2138 1099">
     <span class='ocr_line' id='line_1_16' title="bbox 126 945 2137 992; baseline 0.001 -14"><span class='ocrx_word' id='word_1_169' title='bbox 126 951 181 979; x_wconf 88' lang='lat' dir='ltr'><strong>est</strong></span> <span class='ocrx_word' id='word_1_170' title='bbox 202 956 362 979; x_wconf 89' lang='lat' dir='ltr'><strong>reuersus</strong></span> <span class='ocrx_word' id='word_1_171' title='bbox 375 948 397 979; x_wconf 83' lang='lat'><strong>⁸.</strong></span> <span class='ocrx_word' id='word_1_172' title='bbox 444 945 668 979; x_wconf 86' lang='lat' dir='ltr'><strong>Adueniente</strong></span> <span class='ocrx_word' id='word_1_173' title='bbox 692 951 807 978; x_wconf 83' lang='lat' dir='ltr'><strong>autem</strong></span> <span class='ocrx_word' id='word_1_174' title='bbox 831 952 939 979; x_wconf 84' lang='lat' dir='ltr'><strong>estate</strong></span> <span class='ocrx_word' id='word_1_175' title='bbox 962 957 1026 989; x_wconf 89' lang='lat' dir='ltr'><strong>per</strong></span> <span class='ocrx_word' id='word_1_176' title='bbox 1048 957 1144 980; x_wconf 87' lang='lat' dir='ltr'><strong>mare</strong></span> <span class='ocrx_word' id='word_1_177' title='bbox 1175 952 1210 980; x_wconf 91' lang='lat' dir='ltr'><strong>et</strong></span> <span class='ocrx_word' id='word_1_178' title='bbox 1239 957 1304 989; x_wconf 88' lang='lat' dir='ltr'><strong>per</strong></span> <span class='ocrx_word' id='word_1_179' title='bbox 1326 952 1456 980; x_wconf 85' lang='lat' dir='ltr'><strong>terram</strong></span> <span class='ocrx_word' id='word_1_180' title='bbox 1488 957 1567 980; x_wconf 89' lang='lat' dir='ltr'><strong>cum</strong></span> <span class='ocrx_word' id='word_1_181' title='bbox 1597 958 1724 992; x_wconf 90' lang='lat' dir='ltr'><strong>magno</strong></span> <span class='ocrx_word' id='word_1_182' title='bbox 1755 949 1914 981; x_wconf 87' lang='lat' dir='ltr'><strong>exercitu</strong></span> <span class='ocrx_word' id='word_1_183' title='bbox 1944 949 1980 980; x_wconf 89' lang='lat' dir='ltr'><strong>in</strong></span> <span class='ocrx_word' id='word_1_184' title='bbox 2087 961 2137 985; x_wconf 78' lang='lat'><strong>1138</strong></span> 
     </span>
     <span class='ocr_line' id='line_1_17' title="bbox 126 998 1979 1045; baseline 0.002 -13"><span class='ocrx_word' id='word_1_185' title='bbox 126 999 274 1032; x_wconf 84' lang='lat' dir='ltr'><strong>Terram</strong></span> <span class='ocrx_word' id='word_1_186' title='bbox 301 999 449 1033; x_wconf 87' lang='lat' dir='ltr'><strong>Laboris</strong></span> <span class='ocrx_word' id='word_1_187' title='bbox 479 999 587 1032; x_wconf 85' lang='lat' dir='ltr'><strong>uenit.</strong></span> <span class='ocrx_word' id='word_1_188' title='bbox 632 998 730 1042; x_wconf 84' lang='lat' dir='ltr'><strong>Papa</strong></span> <span class='ocrx_word' id='word_1_189' title='bbox 760 1008 845 1032; x_wconf 88' lang='lat' dir='ltr'><strong>uero</strong></span> <span class='ocrx_word' id='word_1_190' title='bbox 876 1000 1111 1038; x_wconf 88' lang='lat' dir='ltr'><strong>Innocentius,</strong></span> <span class='ocrx_word' id='word_1_191' title='bbox 1142 1005 1278 1033; x_wconf 88' lang='lat' dir='ltr'><strong>mortuo</strong></span> <span class='ocrx_word' id='word_1_192' title='bbox 1308 998 1482 1033; x_wconf 87' lang='lat' dir='ltr'><strong>Anacleto</strong></span> <span class='ocrx_word' id='word_1_193' title='bbox 1514 1001 1669 1034; x_wconf 91' lang='lat' dir='ltr'><strong>dominio</strong></span> <span class='ocrx_word' id='word_1_194' title='bbox 1700 1000 1809 1034; x_wconf 88' lang='lat' dir='ltr'><strong>Urbis</strong></span> <span class='ocrx_word' id='word_1_195' title='bbox 1838 1002 1979 1045; x_wconf 86' lang='lat' dir='ltr'><strong>potitus,</strong></span> 
     </span>
     <span class='ocr_line' id='line_1_18' title="bbox 126 1051 2138 1099; baseline 0 -14"><span class='ocrx_word' id='word_1_196' title='bbox 126 1063 291 1097; x_wconf 81' lang='lat' dir='ltr'><strong>magnum</strong></span> <span class='ocrx_word' id='word_1_197' title='bbox 314 1053 508 1086; x_wconf 86' lang='lat' dir='ltr'><strong>exercitum</strong></span> <span class='ocrx_word' id='word_1_198' title='bbox 531 1052 575 1085; x_wconf 90' lang='lat' dir='ltr'><strong>de</strong></span> <span class='ocrx_word' id='word_1_199' title='bbox 598 1051 767 1085; x_wconf 83' lang='lat' dir='ltr'><strong>Romanis</strong></span> <span class='ocrx_word' id='word_1_200' title='bbox 791 1057 827 1084; x_wconf 89' lang='lat' dir='ltr'><strong>et</strong></span> <span class='ocrx_word' id='word_1_201' title='bbox 849 1052 1072 1096; x_wconf 87' lang='lat' dir='ltr'><strong>Campaninis</strong></span> <span class='ocrx_word' id='word_1_202' title='bbox 1095 1053 1335 1098; x_wconf 82' lang='lat' dir='ltr'><strong>congregauit.</strong></span> <span class='ocrx_word' id='word_1_203' title='bbox 1357 1059 1392 1086; x_wconf 90' lang='lat' dir='ltr'><strong>et</strong></span> <span class='ocrx_word' id='word_1_204' title='bbox 1414 1059 1541 1086; x_wconf 86' lang='lat' dir='ltr'><strong>terram</strong></span> <span class='ocrx_word' id='word_1_205' title='bbox 1564 1054 1659 1098; x_wconf 88' lang='lat' dir='ltr'><strong>regis</strong></span> <span class='ocrx_word' id='word_1_206' title='bbox 1684 1054 1871 1099; x_wconf 76' lang='lat' dir='ltr'><strong>ingressuS‚</strong></span> <span class='ocrx_word' id='word_1_207' title='bbox 1903 1066 1982 1088; x_wconf 88' lang='lat' dir='ltr'><strong>san·</strong></span> <span class='ocrx_word' id='word_1_208' title='bbox 2087 1072 2138 1092; x_wconf 79' lang='lat'>1139</span> 
     </span>
    </p>
   </div>
   <div class='ocr_carea' id='block_1_10' title="bbox 10 1098 2167 1364">
    <p class='ocr_par' dir='ltr' id='par_1_10' title="bbox 10 1098 2167 1364">
     <span class='ocr_line' id='line_1_19' title="bbox 10 1098 2167 1150; baseline 0.001 -13"><span class='ocrx_word' id='word_1_209' title='bbox 10 1098 27 1118; x_wconf 50' lang='lat'><strong>*⁵</strong></span> <span class='ocrx_word' id='word_1_210' title='bbox 65 1105 103 1137; x_wconf 85' lang='lat'><strong>15</strong></span> <span class='ocrx_word' id='word_1_211' title='bbox 129 1111 222 1139; x_wconf 85' lang='lat' dir='ltr'><strong>ctum</strong></span> <span class='ocrx_word' id='word_1_212' title='bbox 247 1106 459 1140; x_wconf 82' lang='lat' dir='ltr'><strong>Germanum</strong></span> <span class='ocrx_word' id='word_1_213' title='bbox 482 1111 517 1139; x_wconf 87' lang='lat' dir='ltr'><strong>et</strong></span> <span class='ocrx_word' id='word_1_214' title='bbox 539 1115 629 1148; x_wconf 84' lang='lat' dir='ltr'><strong>pene</strong></span> <span class='ocrx_word' id='word_1_215' title='bbox 651 1110 761 1138; x_wconf 88' lang='lat' dir='ltr'><strong>totam</strong></span> <span class='ocrx_word' id='word_1_216' title='bbox 784 1111 912 1138; x_wconf 86' lang='lat' dir='ltr'><strong>terram</strong></span> <span class='ocrx_word' id='word_1_217' title='bbox 934 1106 1047 1140; x_wconf 83' lang='lat' dir='ltr'><strong>sancti</strong></span> <span class='ocrx_word' id='word_1_218' title='bbox 1078 1106 1263 1140; x_wconf 87' lang='lat' dir='ltr'><strong>Benedicti</strong></span> <span class='ocrx_word' id='word_1_219' title='bbox 1293 1107 1494 1150; x_wconf 89' lang='lat' dir='ltr'><strong>occupauit,</strong></span> <span class='ocrx_word' id='word_1_220' title='bbox 1515 1113 1550 1140; x_wconf 92' lang='lat' dir='ltr'><strong>et</strong></span> <span class='ocrx_word' id='word_1_221' title='bbox 1573 1107 1770 1141; x_wconf 86' lang='lat' dir='ltr'><strong>Gallucium</strong></span> <span class='ocrx_word' id='word_1_222' title='bbox 1784 1111 1796 1128; x_wconf 79' lang='lat'><strong>⁹</strong></span> <span class='ocrx_word' id='word_1_223' title='bbox 1829 1116 1979 1142; x_wconf 85' lang='lat' dir='ltr'><strong>castrum</strong></span> <span class='ocrx_word' id='word_1_224' title='bbox 2058 1119 2103 1142; x_wconf 74' lang='lat' dir='ltr'><strong>iun.</strong></span> <span class='ocrx_word' id='word_1_225' title='bbox 2120 1126 2139 1143; x_wconf 77' lang='lat'><strong>2,</strong></span> <span class='ocrx_word' id='word_1_226' title='bbox 2154 1121 2167 1140; x_wconf 79' lang='lat'><strong>⁶</strong></span> 
     </span>
     <span class='ocr_line' id='line_1_20' title="bbox 23 1150 1983 1204; baseline 0.002 -12"><span class='ocrx_word' id='word_1_227' title='bbox 23 1150 26 1153; x_wconf 77' lang='lat'><strong>.</strong></span> <span class='ocrx_word' id='word_1_228' title='bbox 129 1159 278 1193; x_wconf 83' lang='lat' dir='ltr'><strong>obsedit.</strong></span> <span class='ocrx_word' id='word_1_229' title='bbox 325 1160 431 1199; x_wconf 87' lang='lat' dir='ltr'><strong>Quod</strong></span> <span class='ocrx_word' id='word_1_230' title='bbox 454 1158 601 1192; x_wconf 79' lang='lat' dir='ltr'><strong>audiens</strong></span> <span class='ocrx_word' id='word_1_231' title='bbox 622 1169 686 1192; x_wconf 87' lang='lat' dir='ltr'><strong>rex</strong></span> <span class='ocrx_word' id='word_1_232' title='bbox 709 1159 909 1204; x_wconf 73' lang='lat' dir='ltr'><strong>Roggerius</strong></span> <span class='ocrx_word' id='word_1_233' title='bbox 932 1160 1150 1204; x_wconf 84' lang='lat' dir='ltr'><strong>Roggerium</strong></span> <span class='ocrx_word' id='word_1_234' title='bbox 1173 1159 1279 1193; x_wconf 89' lang='lat' dir='ltr'><strong>filium</strong></span> <span class='ocrx_word' id='word_1_235' title='bbox 1305 1169 1403 1193; x_wconf 89' lang='lat' dir='ltr'><strong>suum</strong></span> <span class='ocrx_word' id='word_1_236' title='bbox 1435 1161 1560 1193; x_wconf 87' lang='lat' dir='ltr'><strong>ducem</strong></span> <span class='ocrx_word' id='word_1_237' title='bbox 1591 1160 1720 1204; x_wconf 90' lang='lat' dir='ltr'><strong>Apulie</strong></span> <span class='ocrx_word' id='word_1_238' title='bbox 1753 1167 1875 1195; x_wconf 88' lang='lat' dir='ltr'><strong>contra</strong></span> <span class='ocrx_word' id='word_1_239' title='bbox 1904 1172 1983 1196; x_wconf 90' lang='lat' dir='ltr'><strong>eum</strong></span> 
     </span>
     <span class='ocr_line' id='line_1_21' title="bbox 128 1211 1982 1257; baseline 0.002 -12"><span class='ocrx_word' id='word_1_240' title='bbox 128 1222 208 1245; x_wconf 89' lang='lat' dir='ltr'><strong>cum</strong></span> <span class='ocrx_word' id='word_1_241' title='bbox 231 1223 359 1257; x_wconf 86' lang='lat' dir='ltr'><strong>magno</strong></span> <span class='ocrx_word' id='word_1_242' title='bbox 383 1212 538 1247; x_wconf 88' lang='lat' dir='ltr'><strong>exercitu</strong></span> <span class='ocrx_word' id='word_1_243' title='bbox 561 1212 664 1246; x_wconf 87' lang='lat' dir='ltr'><strong>misit.</strong></span> <span class='ocrx_word' id='word_1_244' title='bbox 711 1211 784 1251; x_wconf 90' lang='lat' dir='ltr'><strong>Qui</strong></span> <span class='ocrx_word' id='word_1_245' title='bbox 806 1213 951 1246; x_wconf 89' lang='lat' dir='ltr'><strong>ueniens</strong></span> <span class='ocrx_word' id='word_1_246' title='bbox 973 1219 1123 1247; x_wconf 84' lang='lat' dir='ltr'><strong>castrum</strong></span> <span class='ocrx_word' id='word_1_247' title='bbox 1148 1213 1329 1247; x_wconf 86' lang='lat' dir='ltr'><strong>obsidione</strong></span> <span class='ocrx_word' id='word_1_248' title='bbox 1351 1213 1524 1254; x_wconf 88' lang='lat' dir='ltr'><strong>liberauit,</strong></span> <span class='ocrx_word' id='word_1_249' title='bbox 1547 1214 1728 1248; x_wconf 90' lang='lat' dir='ltr'><strong>Romanos</strong></span> <span class='ocrx_word' id='word_1_250' title='bbox 1752 1216 1893 1255; x_wconf 89' lang='lat' dir='ltr'><strong>deuicit,</strong></span> <span class='ocrx_word' id='word_1_251' title='bbox 1918 1217 1982 1249; x_wconf 92' lang='lat' dir='ltr'><strong>do-</strong></span> 
     </span>
     <span class='ocr_line' id='line_1_22' title="bbox 126 1265 2152 1313; baseline 0.001 -14"><span class='ocrx_word' id='word_1_252' title='bbox 126 1265 257 1299; x_wconf 85' lang='lat' dir='ltr'><strong>minum</strong></span> <span class='ocrx_word' id='word_1_253' title='bbox 279 1277 406 1310; x_wconf 84' lang='lat' dir='ltr'><strong>papam</strong></span> <span class='ocrx_word' id='word_1_254' title='bbox 429 1271 464 1299; x_wconf 92' lang='lat' dir='ltr'><strong>et</strong></span> <span class='ocrx_word' id='word_1_255' title='bbox 486 1266 612 1300; x_wconf 86' lang='lat' dir='ltr'><strong>multos</strong></span> <span class='ocrx_word' id='word_1_256' title='bbox 635 1277 712 1300; x_wconf 88' lang='lat' dir='ltr'><strong>cum</strong></span> <span class='ocrx_word' id='word_1_257' title='bbox 737 1276 780 1299; x_wconf 90' lang='lat' dir='ltr'><strong>eo</strong></span> <span class='ocrx_word' id='word_1_258' title='bbox 804 1266 939 1300; x_wconf 88' lang='lat' dir='ltr'><strong>nobiles</strong></span> <span class='ocrx_word' id='word_1_259' title='bbox 961 1267 1143 1301; x_wconf 87' lang='lat' dir='ltr'><strong>Romanos</strong></span> <span class='ocrx_word' id='word_1_260' title='bbox 1165 1267 1272 1311; x_wconf 84' lang='lat' dir='ltr'><strong>cepit.</strong></span> <span class='ocrx_word' id='word_1_261' title='bbox 1318 1265 1434 1306; x_wconf 87' lang='lat' dir='ltr'><strong>Quem</strong></span> <span class='ocrx_word' id='word_1_262' title='bbox 1458 1277 1520 1300; x_wconf 89' lang='lat' dir='ltr'><strong>rex</strong></span> <span class='ocrx_word' id='word_1_263' title='bbox 1543 1278 1562 1300; x_wconf 92' lang='lat' dir='ltr'><strong>e</strong></span> <span class='ocrx_word' id='word_1_264' title='bbox 1585 1268 1734 1313; x_wconf 87' lang='lat' dir='ltr'><strong>uestigio</strong></span> <span class='ocrx_word' id='word_1_265' title='bbox 1765 1275 1980 1312; x_wconf 88' lang='lat' dir='ltr'><strong>prosecutus,</strong></span> <span class='ocrx_word' id='word_1_266' title='bbox 2072 1280 2111 1301; x_wconf 85' lang='lat' dir='ltr'><strong>iul.</strong></span> <span class='ocrx_word' id='word_1_267' title='bbox 2127 1287 2152 1301; x_wconf 63' lang='grc' dir='ltr'><strong><em>ῃ</em></strong></span> 
     </span>
     <span class='ocr_line' id='line_1_23' title="bbox 127 1318 2159 1364; baseline 0.001 -12"><span class='ocrx_word' id='word_1_268' title='bbox 127 1320 174 1352; x_wconf 90' lang='lat' dir='ltr'><strong>ad</strong></span> <span class='ocrx_word' id='word_1_269' title='bbox 195 1320 307 1362; x_wconf 90' lang='lat' dir='ltr'><strong>pedes</strong></span> <span class='ocrx_word' id='word_1_270' title='bbox 330 1319 460 1353; x_wconf 88' lang='lat' dir='ltr'><strong>domini</strong></span> <span class='ocrx_word' id='word_1_271' title='bbox 483 1330 574 1363; x_wconf 88' lang='lat' dir='ltr'><strong>pape</strong></span> <span class='ocrx_word' id='word_1_272' title='bbox 596 1319 708 1352; x_wconf 90' lang='lat' dir='ltr'><strong>uoluit</strong></span> <span class='ocrx_word' id='word_1_273' title='bbox 731 1318 917 1352; x_wconf 88' lang='lat' dir='ltr'><strong>humi&#39;liter</strong></span> <span class='ocrx_word' id='word_1_274' title='bbox 938 1321 1024 1353; x_wconf 90' lang='lat' dir='ltr'><strong>satis</strong></span> <span class='ocrx_word' id='word_1_275' title='bbox 1047 1321 1227 1354; x_wconf 86' lang='lat' dir='ltr'><strong>accedere.</strong></span> <span class='ocrx_word' id='word_1_276' title='bbox 1274 1320 1347 1354; x_wconf 91' lang='lat' dir='ltr'><strong>Sed</strong></span> <span class='ocrx_word' id='word_1_277' title='bbox 1370 1320 1444 1364; x_wconf 88' lang='lat' dir='ltr'><strong>ipse</strong></span> <span class='ocrx_word' id='word_1_278' title='bbox 1466 1327 1588 1364; x_wconf 87' lang='lat' dir='ltr'><strong>utpote</strong></span> <span class='ocrx_word' id='word_1_279' title='bbox 1611 1321 1664 1354; x_wconf 88' lang='lat' dir='ltr'><strong>uir</strong></span> <span class='ocrx_word' id='word_1_280' title='bbox 1688 1328 1852 1355; x_wconf 84' lang='lat' dir='ltr'><strong>constans</strong></span> <span class='ocrx_word' id='word_1_281' title='bbox 1873 1328 1908 1355; x_wconf 90' lang='lat' dir='ltr'><strong>et</strong></span> <span class='ocrx_word' id='word_1_282' title='bbox 1934 1323 1981 1355; x_wconf 88' lang='lat' dir='ltr'><strong>ri-</strong></span> <span class='ocrx_word' id='word_1_283' title='bbox 2062 1339 2083 1355; x_wconf 80' lang='lat' dir='ltr'><strong>c.</strong></span> <span class='ocrx_word' id='word_1_284' title='bbox 2098 1339 2159 1358; x_wconf 74' lang='lat' dir='ltr'><strong>225a</strong></span> 
     </span>
    </p>
   </div>
   <div class='ocr_carea' id='block_1_11' title="bbox 9 1372 1984 1418">
    <p class='ocr_par' dir='ltr' id='par_1_11' title="bbox 9 1372 1984 1418">
     <span class='ocr_line' id='line_1_24' title="bbox 9 1372 1984 1418; baseline 0.002 -13"><span class='ocrx_word' id='word_1_285' title='bbox 9 1381 25 1404; x_wconf 83' lang='lat'><strong>.·</strong></span> <span class='ocrx_word' id='word_1_286' title='bbox 62 1374 105 1405; x_wconf 88' lang='lat'><strong>20</strong></span> <span class='ocrx_word' id='word_1_287' title='bbox 127 1372 231 1416; x_wconf 88' lang='lat' dir='ltr'><strong>gidus</strong></span> <span class='ocrx_word' id='word_1_288' title='bbox 255 1384 334 1406; x_wconf 91' lang='lat' dir='ltr'><strong>eum</strong></span> <span class='ocrx_word' id='word_1_289' title='bbox 356 1373 467 1416; x_wconf 90' lang='lat' dir='ltr'><strong>primo</strong></span> <span class='ocrx_word' id='word_1_290' title='bbox 489 1373 649 1416; x_wconf 88' lang='lat' dir='ltr'><strong>recipere</strong></span> <span class='ocrx_word' id='word_1_291' title='bbox 671 1373 792 1406; x_wconf 89' lang='lat' dir='ltr'><strong>noluit.</strong></span> <span class='ocrx_word' id='word_1_292' title='bbox 838 1373 999 1407; x_wconf 84' lang='lat' dir='ltr'><strong>Tandem</strong></span> <span class='ocrx_word' id='word_1_293' title='bbox 1024 1373 1298 1407; x_wconf 88' lang='lat' dir='ltr'><strong>discurrentibus</strong></span> <span class='ocrx_word' id='word_1_294' title='bbox 1319 1373 1409 1407; x_wconf 87' lang='lat' dir='ltr'><strong>inter</strong></span> <span class='ocrx_word' id='word_1_295' title='bbox 1430 1385 1491 1408; x_wconf 90' lang='lat' dir='ltr'><strong>eos</strong></span> <span class='ocrx_word' id='word_1_296' title='bbox 1514 1375 1642 1415; x_wconf 81' lang='lat' dir='ltr'><strong>nuntiis</strong></span> <span class='ocrx_word' id='word_1_297' title='bbox 1665 1381 1699 1408; x_wconf 91' lang='lat' dir='ltr'><strong>et</strong></span> <span class='ocrx_word' id='word_1_298' title='bbox 1722 1376 1766 1408; x_wconf 91' lang='lat' dir='ltr'><strong>de</strong></span> <span class='ocrx_word' id='word_1_299' title='bbox 1782 1386 1870 1418; x_wconf 90' lang='lat' dir='ltr'><strong>pace</strong></span> <span class='ocrx_word' id='word_1_300' title='bbox 1887 1386 1984 1410; x_wconf 90' lang='lat' dir='ltr'><strong>com-</strong></span> 
     </span>
    </p>
   </div>
   <div class='ocr_carea' id='block_1_12' title="bbox 125 1426 2187 1580">
    <p class='ocr_par' dir='ltr' id='par_1_12' title="bbox 125 1426 2187 1580">
     <span class='ocr_line' id='line_1_25' title="bbox 125 1426 1984 1471; baseline 0.003 -13"><span class='ocrx_word' id='word_1_301' title='bbox 125 1426 293 1469; x_wconf 87' lang='lat' dir='ltr'><strong>ponenda</strong></span> <span class='ocrx_word' id='word_1_302' title='bbox 314 1426 553 1467; x_wconf 88' lang='lat' dir='ltr'><strong>tractantibus,</strong></span> <span class='ocrx_word' id='word_1_303' title='bbox 576 1426 736 1460; x_wconf 89' lang='lat' dir='ltr'><strong>dominus</strong></span> <span class='ocrx_word' id='word_1_304' title='bbox 758 1437 851 1469; x_wconf 89' lang='lat' dir='ltr'><strong>papa</strong></span> <span class='ocrx_word' id='word_1_305' title='bbox 873 1426 994 1460; x_wconf 87' lang='lat' dir='ltr'><strong>habito</strong></span> <span class='ocrx_word' id='word_1_306' title='bbox 1018 1427 1166 1460; x_wconf 87' lang='lat' dir='ltr'><strong>consilio</strong></span> <span class='ocrx_word' id='word_1_307' title='bbox 1189 1427 1420 1460; x_wconf 85' lang='lat' dir='ltr'><strong>cardinalium</strong></span> <span class='ocrx_word' id='word_1_308' title='bbox 1450 1433 1598 1471; x_wconf 90' lang='lat' dir='ltr'><strong>propter</strong></span> <span class='ocrx_word' id='word_1_309' title='bbox 1627 1428 1753 1462; x_wconf 89' lang='lat' dir='ltr'><strong>multos</strong></span> <span class='ocrx_word' id='word_1_310' title='bbox 1784 1429 1879 1462; x_wconf 91' lang='lat' dir='ltr'><strong>ciues</strong></span> <span class='ocrx_word' id='word_1_311' title='bbox 1908 1430 1984 1463; x_wconf 92' lang='lat' dir='ltr'><strong>Ro-</strong></span> 
     </span>
     <span class='ocr_line' id='line_1_26' title="bbox 128 1479 2187 1525; baseline 0.001 -13"><span class='ocrx_word' id='word_1_312' title='bbox 128 1489 260 1519; x_wconf 86' lang='lat' dir='ltr'><strong>manos,</strong></span> <span class='ocrx_word' id='word_1_313' title='bbox 283 1479 344 1523; x_wconf 90' lang='lat' dir='ltr'><strong>qui</strong></span> <span class='ocrx_word' id='word_1_314' title='bbox 369 1490 447 1513; x_wconf 92' lang='lat' dir='ltr'><strong>cum</strong></span> <span class='ocrx_word' id='word_1_315' title='bbox 473 1489 516 1513; x_wconf 91' lang='lat' dir='ltr'><strong>eo</strong></span> <span class='ocrx_word' id='word_1_316' title='bbox 539 1480 634 1523; x_wconf 90' lang='lat' dir='ltr'><strong>capti</strong></span> <span class='ocrx_word' id='word_1_317' title='bbox 656 1480 806 1519; x_wconf 75' lang='lat' dir='ltr'><strong>fuerant,</strong></span> <span class='ocrx_word' id='word_1_318' title='bbox 830 1491 948 1525; x_wconf 89' lang='lat' dir='ltr'><strong>regem</strong></span> <span class='ocrx_word' id='word_1_319' title='bbox 971 1480 1007 1512; x_wconf 91' lang='lat' dir='ltr'><strong>in</strong></span> <span class='ocrx_word' id='word_1_320' title='bbox 1030 1481 1144 1524; x_wconf 84' lang='lat' dir='ltr'><strong>gratia</strong></span> <span class='ocrx_word' id='word_1_321' title='bbox 1158 1490 1221 1514; x_wconf 88' lang='lat' dir='ltr'><strong>sua</strong></span> <span class='ocrx_word' id='word_1_322' title='bbox 1234 1481 1371 1524; x_wconf 88' lang='lat' dir='ltr'><strong>recepit</strong></span> <span class='ocrx_word' id='word_1_323' title='bbox 1382 1479 1417 1521; x_wconf 82' lang='lat'><strong>¹⁰,</strong></span> <span class='ocrx_word' id='word_1_324' title='bbox 1432 1488 1467 1515; x_wconf 92' lang='lat' dir='ltr'><strong>et</strong></span> <span class='ocrx_word' id='word_1_325' title='bbox 1481 1487 1625 1524; x_wconf 87' lang='lat' dir='ltr'><strong>recepto</strong></span> <span class='ocrx_word' id='word_1_326' title='bbox 1643 1482 1687 1515; x_wconf 88' lang='lat' dir='ltr'><strong>ab</strong></span> <span class='ocrx_word' id='word_1_327' title='bbox 1702 1492 1745 1515; x_wconf 90' lang='lat' dir='ltr'><strong>eo</strong></span> <span class='ocrx_word' id='word_1_328' title='bbox 1762 1489 1982 1517; x_wconf 86' lang='lat' dir='ltr'><strong>sacramento</strong></span> <span class='ocrx_word' id='word_1_329' title='bbox 2042 1494 2081 1517; x_wconf 86' lang='lat' dir='ltr'><strong>iul.</strong></span> <span class='ocrx_word' id='word_1_330' title='bbox 2097 1500 2122 1520; x_wconf 81' lang='lat'><strong>25</strong></span> <span class='ocrx_word' id='word_1_331' title='bbox 2136 1501 2149 1515; x_wconf 77' lang='lat' dir='ltr'><strong>e</strong></span> <span class='ocrx_word' id='word_1_332' title='bbox 2163 1501 2187 1520; x_wconf 83' lang='lat'><strong>27</strong></span> 
     </span>
     <span class='ocr_line' id='line_1_27' title="bbox 129 1533 1984 1580; baseline 0.002 -14"><span class='ocrx_word' id='word_1_333' title='bbox 129 1539 164 1566; x_wconf 91' lang='lat' dir='ltr'><strong>et</strong></span> <span class='ocrx_word' id='word_1_334' title='bbox 185 1533 351 1572; x_wconf 89' lang='lat' dir='ltr'><strong>hominio,</strong></span> <span class='ocrx_word' id='word_1_335' title='bbox 374 1533 485 1577; x_wconf 88' lang='lat' dir='ltr'><strong>ipsum</strong></span> <span class='ocrx_word' id='word_1_336' title='bbox 507 1544 571 1577; x_wconf 89' lang='lat' dir='ltr'><strong>per</strong></span> <span class='ocrx_word' id='word_1_337' title='bbox 592 1533 760 1567; x_wconf 88' lang='lat' dir='ltr'><strong>uexillum</strong></span> <span class='ocrx_word' id='word_1_338' title='bbox 783 1534 828 1566; x_wconf 93' lang='lat' dir='ltr'><strong>de</strong></span> <span class='ocrx_word' id='word_1_339' title='bbox 852 1544 960 1577; x_wconf 86' lang='lat' dir='ltr'><strong>regno</strong></span> <span class='ocrx_word' id='word_1_340' title='bbox 983 1533 1104 1567; x_wconf 91' lang='lat' dir='ltr'><strong>Sicilie</strong></span> <span class='ocrx_word' id='word_1_341' title='bbox 1128 1540 1163 1567; x_wconf 91' lang='lat' dir='ltr'><strong>et</strong></span> <span class='ocrx_word' id='word_1_342' title='bbox 1185 1534 1316 1567; x_wconf 89' lang='lat' dir='ltr'><strong>ducatu</strong></span> <span class='ocrx_word' id='word_1_343' title='bbox 1339 1533 1470 1577; x_wconf 91' lang='lat' dir='ltr'><strong>Apulie</strong></span> <span class='ocrx_word' id='word_1_344' title='bbox 1485 1534 1663 1569; x_wconf 88' lang='lat' dir='ltr'><strong>inuestiuit</strong></span> <span class='ocrx_word' id='word_1_345' title='bbox 1676 1534 1710 1569; x_wconf 82' lang='lat'><strong>¹¹.</strong></span> <span class='ocrx_word' id='word_1_346' title='bbox 1757 1537 1809 1570; x_wconf 91' lang='lat' dir='ltr'><strong>Eo</strong></span> <span class='ocrx_word' id='word_1_347' title='bbox 1826 1541 1984 1580; x_wconf 87' lang='lat' dir='ltr'><strong>tempore</strong></span> 
     </span>
    </p>
   </div>
   <div class='ocr_carea' id='block_1_13' title="bbox 12 1650 1987 1857">
    <p class='ocr_par' dir='ltr' id='par_1_13' title="bbox 10 1650 1987 1861">
     <span class='ocr_line' id='line_1_28' title="bbox 222 1650 1985 1688; baseline 0.002 -11"><span class='ocrx_word' id='word_1_348' title='bbox 222 1659 244 1677; x_wconf 84' lang='lat'><strong>1.</strong></span> <span class='ocrx_word' id='word_1_349' title='bbox 263 1650 422 1685; x_wconf 86' lang='lat' dir='ltr'><strong>Quumque,</strong></span> <span class='ocrx_word' id='word_1_350' title='bbox 442 1652 518 1677; x_wconf 72' lang='lat' dir='ltr'><strong>Sasso</strong></span> <span class='ocrx_word' id='word_1_351' title='bbox 536 1665 546 1670; x_wconf 95' lang='lat'>-</span> <span class='ocrx_word' id='word_1_352' title='bbox 565 1651 702 1677; x_wconf 86' lang='lat' dir='ltr'><strong>bernaldo</strong></span> <span class='ocrx_word' id='word_1_353' title='bbox 721 1652 746 1678; x_wconf 72' lang='lat' dir='ltr'><em>A</em></span> <span class='ocrx_word' id='word_1_354' title='bbox 764 1666 797 1670; x_wconf 97' lang='lat'><strong>—</strong></span> <span class='ocrx_word' id='word_1_355' title='bbox 817 1659 842 1678; x_wconf 87' lang='lat' dir='ltr'><strong>z.</strong></span> <span class='ocrx_word' id='word_1_356' title='bbox 861 1660 921 1678; x_wconf 81' lang='lat' dir='ltr'><strong>esse</strong></span> <span class='ocrx_word' id='word_1_357' title='bbox 943 1652 967 1677; x_wconf 89' lang='lat' dir='ltr'><em>C</em></span> <span class='ocrx_word' id='word_1_358' title='bbox 983 1665 1015 1671; x_wconf 89' lang='lat'><strong>—</strong></span> <span class='ocrx_word' id='word_1_359' title='bbox 1029 1660 1054 1686; x_wconf 90' lang='lat'><strong>3.</strong></span> <span class='ocrx_word' id='word_1_360' title='bbox 1073 1652 1215 1686; x_wconf 84' lang='lat' dir='ltr'><strong>Rogerlus</strong></span> <span class='ocrx_word' id='word_1_361' title='bbox 1234 1653 1261 1678; x_wconf 89' lang='lat' dir='ltr'><em>B</em></span> <span class='ocrx_word' id='word_1_362' title='bbox 1273 1653 1309 1683; x_wconf 88' lang='lat' dir='ltr'><strong>C;</strong></span> <span class='ocrx_word' id='word_1_363' title='bbox 1329 1653 1407 1679; x_wconf 83' lang='lat' dir='ltr'><strong>fillus</strong></span> <span class='ocrx_word' id='word_1_364' title='bbox 1425 1653 1484 1678; x_wconf 60' lang='lat' dir='ltr'><strong>esu</strong></span> <span class='ocrx_word' id='word_1_365' title='bbox 1501 1661 1600 1679; x_wconf 77' lang='lat' dir='ltr'><strong>rasura</strong></span> <span class='ocrx_word' id='word_1_366' title='bbox 1619 1667 1628 1672; x_wconf 98' lang='lat'>-</span> <span class='ocrx_word' id='word_1_367' title='bbox 1647 1655 1697 1686; x_wconf 86' lang='lat' dir='ltr'><strong>qui</strong></span> <span class='ocrx_word' id='word_1_368' title='bbox 1717 1657 1797 1680; x_wconf 87' lang='lat' dir='ltr'><strong>nacie</strong></span> <span class='ocrx_word' id='word_1_369' title='bbox 1818 1656 1842 1681; x_wconf 88' lang='lat' dir='ltr'>C</span> <span class='ocrx_word' id='word_1_370' title='bbox 1858 1669 1893 1674; x_wconf 88' lang='lat'><strong>—</strong></span> <span class='ocrx_word' id='word_1_371' title='bbox 1913 1664 1938 1688; x_wconf 80' lang='lat'><strong>4.</strong></span> <span class='ocrx_word' id='word_1_372' title='bbox 1957 1658 1985 1681; x_wconf 87' lang='lat' dir='ltr'><strong>et</strong></span> 
     </span>
     <span class='ocr_line' id='line_1_29' title="bbox 133 1694 1987 1728; baseline 0.002 -9"><span class='ocrx_word' id='word_1_373' title='bbox 133 1695 158 1720; x_wconf 89' lang='lat' dir='ltr'><em>C</em></span> <span class='ocrx_word' id='word_1_374' title='bbox 174 1706 206 1712; x_wconf 79' lang='lat'><strong>-—</strong></span> <span class='ocrx_word' id='word_1_375' title='bbox 227 1700 252 1727; x_wconf 81' lang='grc'><strong>5.</strong></span> <span class='ocrx_word' id='word_1_376' title='bbox 271 1695 490 1720; x_wconf 66' lang='lat' dir='ltr'><strong>lacessentibus</strong></span> <span class='ocrx_word' id='word_1_377' title='bbox 502 1694 544 1727; x_wconf 69' lang='grc' dir='ltr'><strong>Ας</strong></span> <span class='ocrx_word' id='word_1_378' title='bbox 556 1694 771 1725; x_wconf 78' lang='lat' dir='ltr'><strong>lacessentibus,</strong></span> <span class='ocrx_word' id='word_1_379' title='bbox 784 1695 861 1720; x_wconf 80' lang='lat' dir='ltr'><strong>Sasso</strong></span> <span class='ocrx_word' id='word_1_380' title='bbox 879 1709 913 1713; x_wconf 91' lang='lat'><strong>—</strong></span> <span class='ocrx_word' id='word_1_381' title='bbox 926 1694 950 1720; x_wconf 90' lang='lat'><strong>6.</strong></span> <span class='ocrx_word' id='word_1_382' title='bbox 965 1695 1015 1720; x_wconf 87' lang='lat' dir='ltr'><strong>dio</strong></span> <span class='ocrx_word' id='word_1_383' title='bbox 1034 1696 1065 1719; x_wconf 76' lang='lat' dir='ltr'><strong>di</strong></span> <span class='ocrx_word' id='word_1_384' title='bbox 1076 1695 1175 1728; x_wconf 83' lang='lat' dir='ltr'><strong>gladio</strong></span> <span class='ocrx_word' id='word_1_385' title='bbox 1187 1696 1246 1720; x_wconf 62' lang='lat' dir='ltr'><strong>esu</strong></span> <span class='ocrx_word' id='word_1_386' title='bbox 1263 1703 1360 1720; x_wconf 71' lang='lat' dir='ltr'><strong>rasura</strong></span> <span class='ocrx_word' id='word_1_387' title='bbox 1379 1708 1412 1714; x_wconf 90' lang='lat'><strong>—</strong></span> <span class='ocrx_word' id='word_1_388' title='bbox 1430 1701 1454 1727; x_wconf 86' lang='lat'><strong>7.</strong></span> <span class='ocrx_word' id='word_1_389' title='bbox 1468 1696 1495 1720; x_wconf 83' lang='lat' dir='ltr'><strong>la</strong></span> <span class='ocrx_word' id='word_1_390' title='bbox 1513 1704 1528 1721; x_wconf 91' lang='lat' dir='ltr'><strong>e</strong></span> <span class='ocrx_word' id='word_1_391' title='bbox 1546 1697 1578 1720; x_wconf 75' lang='lat' dir='ltr'><strong>dl</strong></span> <span class='ocrx_word' id='word_1_392' title='bbox 1589 1695 1721 1728; x_wconf 81' lang='lat' dir='ltr'><strong>noctefu</strong></span> <span class='ocrx_word' id='word_1_393' title='bbox 1738 1699 1830 1722; x_wconf 78' lang='lat' dir='ltr'><strong>scrma</strong></span> <span class='ocrx_word' id='word_1_394' title='bbox 1841 1706 1874 1723; x_wconf 72' lang='lat' dir='ltr'><strong>su</strong></span> <span class='ocrx_word' id='word_1_395' title='bbox 1892 1706 1987 1723; x_wconf 67' lang='lat' dir='ltr'><strong>rasura</strong></span> 
     </span>
     <span class='ocr_line' id='line_1_30' title="bbox 133 1736 1986 1772; baseline 0.002 -11"><span class='ocrx_word' id='word_1_396' title='bbox 133 1736 234 1761; x_wconf 56' lang='lat' dir='ltr'><strong>&amp;altra</strong></span> <span class='ocrx_word' id='word_1_397' title='bbox 259 1744 337 1762; x_wconf 81' lang='lat' dir='ltr'><strong>mano</strong></span> <span class='ocrx_word' id='word_1_398' title='bbox 355 1738 386 1761; x_wconf 74' lang='lat' dir='ltr'><strong>{n</strong></span> <span class='ocrx_word' id='word_1_399' title='bbox 408 1737 432 1762; x_wconf 82' lang='lat' dir='ltr'><strong>C</strong></span> <span class='ocrx_word' id='word_1_400' title='bbox 448 1750 481 1756; x_wconf 91' lang='lat'><em>-</em></span> <span class='ocrx_word' id='word_1_401' title='bbox 499 1736 525 1762; x_wconf 89' lang='lat'><strong>8.</strong></span> <span class='ocrx_word' id='word_1_402' title='bbox 544 1737 707 1762; x_wconf 84' lang='lat' dir='ltr'><strong>demoratus</strong></span> <span class='ocrx_word' id='word_1_403' title='bbox 730 1737 753 1762; x_wconf 85' lang='lat' dir='ltr'><strong>C</strong></span> <span class='ocrx_word' id='word_1_404' title='bbox 770 1751 803 1755; x_wconf 96' lang='lat'><strong>—</strong></span> <span class='ocrx_word' id='word_1_405' title='bbox 822 1744 847 1770; x_wconf 88' lang='lat'><strong>9.</strong></span> <span class='ocrx_word' id='word_1_406' title='bbox 867 1736 1041 1762; x_wconf 86' lang='lat' dir='ltr'><strong>Guiiieimus</strong></span> <span class='ocrx_word' id='word_1_407' title='bbox 1060 1737 1086 1761; x_wconf 91' lang='lat' dir='ltr'><em>B</em></span> <span class='ocrx_word' id='word_1_408' title='bbox 1100 1737 1123 1762; x_wconf 80' lang='lat' dir='ltr'><em>C</em></span> <span class='ocrx_word' id='word_1_409' title='bbox 1137 1745 1151 1762; x_wconf 81' lang='lat' dir='ltr'><strong>e</strong></span> <span class='ocrx_word' id='word_1_410' title='bbox 1167 1738 1258 1763; x_wconf 75' lang='lat' dir='ltr'><strong>Arndt</strong></span> <span class='ocrx_word' id='word_1_411' title='bbox 1276 1752 1310 1756; x_wconf 96' lang='lat'><strong>—</strong></span> <span class='ocrx_word' id='word_1_412' title='bbox 1332 1745 1373 1764; x_wconf 84' lang='lat'><strong>11.</strong></span> <span class='ocrx_word' id='word_1_413' title='bbox 1391 1738 1517 1771; x_wconf 86' lang='lat' dir='ltr'><strong>Rogerio</strong></span> <span class='ocrx_word' id='word_1_414' title='bbox 1536 1739 1563 1762; x_wconf 91' lang='lat' dir='ltr'><em>B</em></span> <span class='ocrx_word' id='word_1_415' title='bbox 1575 1739 1599 1764; x_wconf 85' lang='lat' dir='ltr'><strong>C</strong></span> <span class='ocrx_word' id='word_1_416' title='bbox 1620 1747 1633 1763; x_wconf 80' lang='lat' dir='ltr'><strong>e</strong></span> <span class='ocrx_word' id='word_1_417' title='bbox 1656 1739 1748 1764; x_wconf 77' lang='lat' dir='ltr'><strong>Amat</strong></span> <span class='ocrx_word' id='word_1_418' title='bbox 1773 1753 1805 1758; x_wconf 91' lang='lat'><strong>—-</strong></span> <span class='ocrx_word' id='word_1_419' title='bbox 1834 1747 1874 1772; x_wconf 86' lang='lat'><strong>¹3·</strong></span> <span class='ocrx_word' id='word_1_420' title='bbox 1898 1740 1986 1766; x_wconf 88' lang='lat' dir='ltr'><strong>Inno-</strong></span> 
     </span>
     <span class='ocr_line' id='line_1_31' title="bbox 12 1778 1986 1816; baseline 0.002 -12"><span class='ocrx_word' id='word_1_421' title='bbox 12 1797 30 1816; x_wconf 51' lang='lat'><strong>³5-</strong></span> <span class='ocrx_word' id='word_1_422' title='bbox 133 1779 248 1804; x_wconf 85' lang='lat' dir='ltr'><strong>cenclus</strong></span> <span class='ocrx_word' id='word_1_423' title='bbox 260 1779 287 1803; x_wconf 86' lang='lat' dir='ltr'><em>B</em></span> <span class='ocrx_word' id='word_1_424' title='bbox 299 1779 439 1804; x_wconf 63' lang='lat' dir='ltr'><strong>Cema:</strong></span> <span class='ocrx_word' id='word_1_425' title='bbox 457 1792 490 1798; x_wconf 93' lang='lat'><strong>—</strong></span> <span class='ocrx_word' id='word_1_426' title='bbox 512 1786 553 1812; x_wconf 79' lang='lat'><strong>14.</strong></span> <span class='ocrx_word' id='word_1_427' title='bbox 572 1779 761 1812; x_wconf 84' lang='lat' dir='ltr'><strong>Campanulis</strong></span> <span class='ocrx_word' id='word_1_428' title='bbox 779 1780 805 1804; x_wconf 86' lang='lat' dir='ltr'><em>B</em></span> <span class='ocrx_word' id='word_1_429' title='bbox 818 1793 852 1798; x_wconf 89' lang='lat'><em>—</em></span> <span class='ocrx_word' id='word_1_430' title='bbox 867 1785 907 1811; x_wconf 82' lang='lat'><strong>15.</strong></span> <span class='ocrx_word' id='word_1_431' title='bbox 926 1779 1079 1805; x_wconf 82' lang='lat' dir='ltr'><strong>Gallurum</strong></span> <span class='ocrx_word' id='word_1_432' title='bbox 1099 1780 1159 1804; x_wconf 79' lang='grc' dir='ltr'><strong>ΑΒ</strong></span> <span class='ocrx_word' id='word_1_433' title='bbox 1177 1794 1210 1798; x_wconf 91' lang='grc'>-</span> <span class='ocrx_word' id='word_1_434' title='bbox 1232 1778 1272 1805; x_wconf 87' lang='grc'><strong>16.</strong></span> <span class='ocrx_word' id='word_1_435' title='bbox 1292 1780 1434 1813; x_wconf 85' lang='lat' dir='ltr'><strong>Rogerius</strong></span> <span class='ocrx_word' id='word_1_436' title='bbox 1452 1781 1479 1805; x_wconf 86' lang='lat' dir='ltr'><em>B</em></span> <span class='ocrx_word' id='word_1_437' title='bbox 1491 1780 1515 1805; x_wconf 86' lang='lat' dir='ltr'><strong>C</strong></span> <span class='ocrx_word' id='word_1_438' title='bbox 1529 1789 1543 1805; x_wconf 79' lang='lat' dir='ltr'><strong>e</strong></span> <span class='ocrx_word' id='word_1_439' title='bbox 1561 1781 1652 1806; x_wconf 75' lang='lat' dir='ltr'><strong>Arndt</strong></span> <span class='ocrx_word' id='word_1_440' title='bbox 1671 1795 1704 1801; x_wconf 90' lang='lat'><strong>—-</strong></span> <span class='ocrx_word' id='word_1_441' title='bbox 1721 1787 1760 1813; x_wconf 88' lang='lat'><strong>17.</strong></span> <span class='ocrx_word' id='word_1_442' title='bbox 1781 1783 1814 1807; x_wconf 89' lang='lat' dir='ltr'><strong>ab</strong></span> <span class='ocrx_word' id='word_1_443' title='bbox 1835 1783 1986 1808; x_wconf 85' lang='lat' dir='ltr'><strong>obsidione</strong></span> 
     </span>
     <span class='ocr_line' id='line_1_32' title="bbox 34 1814 1941 1857; baseline 0.001 -9.975"><span class='ocrx_word' id='word_1_444' title='bbox 34 1814 41 1837; x_wconf 57' lang='grc' dir='ltr'><strong>’Ϊ</strong></span> <span class='ocrx_word' id='word_1_445' title='bbox 88 1826 102 1853; x_wconf 81' lang='grc'><strong><em>5</em></strong></span> <span class='ocrx_word' id='word_1_446' title='bbox 132 1821 194 1847; x_wconf 74' lang='grc' dir='ltr'><strong>ΑΒ</strong></span> <span class='ocrx_word' id='word_1_447' title='bbox 212 1835 245 1840; x_wconf 90' lang='grc'>-</span> <span class='ocrx_word' id='word_1_448' title='bbox 270 1829 311 1855; x_wconf 87' lang='lat'><strong>19.</strong></span> <span class='ocrx_word' id='word_1_449' title='bbox 330 1821 433 1847; x_wconf 76' lang='lat' dir='ltr'><strong>humit’</strong></span> <span class='ocrx_word' id='word_1_450' title='bbox 456 1822 480 1847; x_wconf 89' lang='lat' dir='ltr'><em>C</em></span> <span class='ocrx_word' id='word_1_451' title='bbox 499 1836 529 1840; x_wconf 98' lang='lat'><strong>—</strong></span> <span class='ocrx_word' id='word_1_452' title='bbox 549 1829 593 1848; x_wconf 87' lang='grc' dir='ltr'><strong>2ο.</strong></span> <span class='ocrx_word' id='word_1_453' title='bbox 613 1822 728 1847; x_wconf 83' lang='lat' dir='ltr'><strong>nunciis</strong></span> <span class='ocrx_word' id='word_1_454' title='bbox 747 1823 774 1847; x_wconf 85' lang='lat' dir='ltr'><em>B</em></span> <span class='ocrx_word' id='word_1_455' title='bbox 786 1822 809 1846; x_wconf 86' lang='lat' dir='ltr'><strong>C</strong></span> <span class='ocrx_word' id='word_1_456' title='bbox 825 1830 838 1845; x_wconf 78' lang='lat' dir='ltr'><em>e</em></span> <span class='ocrx_word' id='word_1_457' title='bbox 855 1822 946 1847; x_wconf 73' lang='lat' dir='ltr'><strong>Arndt</strong></span> <span class='ocrx_word' id='word_1_458' title='bbox 965 1837 996 1840; x_wconf 97' lang='lat'><strong>—</strong></span> <span class='ocrx_word' id='word_1_459' title='bbox 1018 1828 1060 1847; x_wconf 90' lang='grc'><strong>22.</strong></span> <span class='ocrx_word' id='word_1_460' title='bbox 1078 1823 1200 1855; x_wconf 77' lang='lat' dir='ltr'><strong>gratiam</strong></span> <span class='ocrx_word' id='word_1_461' title='bbox 1220 1830 1300 1847; x_wconf 83' lang='lat' dir='ltr'><strong>suam</strong></span> <span class='ocrx_word' id='word_1_462' title='bbox 1318 1822 1361 1854; x_wconf 79' lang='lat' dir='ltr'><strong>B3</strong></span> <span class='ocrx_word' id='word_1_463' title='bbox 1381 1825 1410 1847; x_wconf 91' lang='lat' dir='ltr'><strong>in</strong></span> <span class='ocrx_word' id='word_1_464' title='bbox 1429 1823 1528 1856; x_wconf 77' lang='lat' dir='ltr'><strong>gracia</strong></span> <span class='ocrx_word' id='word_1_465' title='bbox 1547 1831 1597 1848; x_wconf 83' lang='lat' dir='ltr'><strong>sua</strong></span> <span class='ocrx_word' id='word_1_466' title='bbox 1620 1823 1654 1854; x_wconf 75' lang='lat' dir='ltr'><strong>C3</strong></span> <span class='ocrx_word' id='word_1_467' title='bbox 1673 1825 1702 1848; x_wconf 92' lang='lat' dir='ltr'><strong>in</strong></span> <span class='ocrx_word' id='word_1_468' title='bbox 1720 1825 1844 1857; x_wconf 81' lang='lat' dir='ltr'><strong>gratiam</strong></span> <span class='ocrx_word' id='word_1_469' title='bbox 1863 1825 1941 1850; x_wconf 77' lang='lat' dir='ltr'><strong>Sasso</strong></span> 
     </span>
    </p>
   </div>
   <div class='ocr_carea' id='block_1_14' title="bbox 19 1923 1035 2931">
    <p class='ocr_par' dir='ltr' id='par_1_14' title="bbox 6 1923 1033 2252">
     <span class='ocr_line' id='line_1_33' title="bbox 220 1923 1029 1958; baseline 0 -8"><span class='ocrx_word' id='word_1_470' title='bbox 220 1923 228 1940; x_wconf 88' lang='lat'>¹</span> <span class='ocrx_word' id='word_1_471' title='bbox 241 1924 323 1951; x_wconf 88' lang='lat' dir='ltr'><strong>Sulla</strong></span> <span class='ocrx_word' id='word_1_472' title='bbox 335 1925 476 1958; x_wconf 84' lang='lat' dir='ltr'><strong>battaglia</strong></span> <span class='ocrx_word' id='word_1_473' title='bbox 488 1924 503 1939; x_wconf 53' lang='grc' dir='ltr'><em>Β</em></span> <span class='ocrx_word' id='word_1_474' title='bbox 513 1926 587 1958; x_wconf 85' lang='lat' dir='ltr'><strong>apud</strong></span> <span class='ocrx_word' id='word_1_475' title='bbox 600 1925 765 1950; x_wconf 82' lang='lat' dir='ltr'><strong>Ranianum</strong></span> <span class='ocrx_word' id='word_1_476' title='bbox 774 1943 788 1957; x_wconf 75' lang='grc'><strong>,</strong></span> <span class='ocrx_word' id='word_1_477' title='bbox 799 1925 947 1958; x_wconf 82' lang='lat' dir='ltr'><strong>(Rignano</strong></span> <span class='ocrx_word' id='word_1_478' title='bbox 960 1923 1029 1950; x_wconf 86' lang='lat' dir='ltr'><strong>Gar-</strong></span> 
     </span>
     <span class='ocr_line' id='line_1_34' title="bbox 129 1966 1028 2005; baseline 0 -14"><span class='ocrx_word' id='word_1_479' title='bbox 129 1967 242 1999; x_wconf 71' lang='lat' dir='ltr'><strong>ganica.</strong></span> <span class='ocrx_word' id='word_1_480' title='bbox 262 1966 445 1992; x_wconf 82' lang='lat' dir='ltr'><strong>circondario</strong></span> <span class='ocrx_word' id='word_1_481' title='bbox 465 1967 496 1992; x_wconf 86' lang='lat' dir='ltr'><strong>di</strong></span> <span class='ocrx_word' id='word_1_482' title='bbox 514 1966 541 1992; x_wconf 90' lang='lat' dir='ltr'><strong>S.</strong></span> <span class='ocrx_word' id='word_1_483' title='bbox 563 1966 667 1992; x_wconf 84' lang='lat' dir='ltr'><strong>Severo</strong></span> <span class='ocrx_word' id='word_1_484' title='bbox 686 1967 718 1991; x_wconf 81' lang='lat' dir='ltr'><strong>ln</strong></span> <span class='ocrx_word' id='word_1_485' title='bbox 738 1967 888 1999; x_wconf 84' lang='lat' dir='ltr'><strong>provincia</strong></span> <span class='ocrx_word' id='word_1_486' title='bbox 907 1967 937 1991; x_wconf 89' lang='lat' dir='ltr'><strong>di</strong></span> <span class='ocrx_word' id='word_1_487' title='bbox 956 1966 1028 2005; x_wconf 81' lang='lat' dir='ltr'><strong>¹Fog-</strong></span> 
     </span>
     <span class='ocr_line' id='line_1_35' title="bbox 129 2007 1033 2042; baseline -0.001 -9"><span class='ocrx_word' id='word_1_488' title='bbox 129 2007 198 2042; x_wconf 74' lang='lat' dir='ltr'><strong>gin),</strong></span> <span class='ocrx_word' id='word_1_489' title='bbox 218 2016 246 2033; x_wconf 87' lang='lat' dir='ltr'><strong>v.</strong></span> <span class='ocrx_word' id='word_1_490' title='bbox 265 2009 336 2034; x_wconf 67' lang='lat' dir='ltr'><strong>Arm.</strong></span> <span class='ocrx_word' id='word_1_491' title='bbox 359 2009 434 2038; x_wconf 71' lang='lat' dir='ltr'><strong>Can..</strong></span> <span class='ocrx_word' id='word_1_492' title='bbox 454 2010 485 2034; x_wconf 89' lang='lat' dir='ltr'><strong>in</strong></span> <span class='ocrx_word' id='word_1_493' title='bbox 509 2009 549 2034; x_wconf 74' lang='lat' dir='ltr'><strong>M.</strong></span> <span class='ocrx_word' id='word_1_494' title='bbox 569 2009 603 2034; x_wconf 77' lang='lat' dir='ltr'><strong>G.</strong></span> <span class='ocrx_word' id='word_1_495' title='bbox 625 2010 662 2035; x_wconf 90' lang='lat' dir='ltr'><strong>H.</strong></span> <span class='ocrx_word' id='word_1_496' title='bbox 681 2009 744 2038; x_wconf 76' lang='lat' dir='ltr'><strong>SS..</strong></span> <span class='ocrx_word' id='word_1_497' title='bbox 762 2008 811 2038; x_wconf 87' lang='lat'><strong>111,</strong></span> <span class='ocrx_word' id='word_1_498' title='bbox 834 2009 894 2040; x_wconf 82' lang='lat'><strong>185:</strong></span> <span class='ocrx_word' id='word_1_499' title='bbox 920 2009 1033 2033; x_wconf 73' lang='lat' dir='ltr'><strong>secundo</strong></span> 
     </span>
     <span class='ocr_line' id='line_1_36' title="bbox 23 2051 878 2083; baseline 0.001 -7"><span class='ocrx_word' id='word_1_500' title='bbox 23 2070 32 2083; x_wconf 36' lang='grc' dir='ltr'><strong>,ἶ</strong></span> <span class='ocrx_word' id='word_1_501' title='bbox 129 2051 175 2076; x_wconf 69' lang='lat' dir='ltr'><strong>dle</strong></span> <span class='ocrx_word' id='word_1_502' title='bbox 191 2053 278 2076; x_wconf 70' lang='lat' dir='ltr'><strong>mate</strong></span> <span class='ocrx_word' id='word_1_503' title='bbox 297 2053 394 2076; x_wconf 71' lang='lat' dir='ltr'><strong>mensis</strong></span> <span class='ocrx_word' id='word_1_504' title='bbox 410 2052 526 2077; x_wconf 70' lang='lat' dir='ltr'><strong>octubris</strong></span> <span class='ocrx_word' id='word_1_505' title='bbox 543 2051 641 2076; x_wconf 73' lang='lat' dir='ltr'><strong>bellum</strong></span> <span class='ocrx_word' id='word_1_506' title='bbox 659 2051 706 2076; x_wconf 75' lang='lat' dir='ltr'><strong>hoc</strong></span> <span class='ocrx_word' id='word_1_507' title='bbox 723 2054 812 2076; x_wconf 68' lang='lat' dir='ltr'><strong>actum</strong></span> <span class='ocrx_word' id='word_1_508' title='bbox 830 2053 878 2077; x_wconf 73' lang='lat' dir='ltr'><strong>est.</strong></span> 
     </span>
     <span class='ocr_line' id='line_1_37' title="bbox 34 2091 1032 2127; baseline -0.001 -8.027"><span class='ocrx_word' id='word_1_509' title='bbox 34 2095 35 2098; x_wconf 78' lang='grc'>’</span> <span class='ocrx_word' id='word_1_510' title='bbox 73 2100 106 2119; x_wconf 88' lang='grc'><strong>10</strong></span> <span class='ocrx_word' id='word_1_511' title='bbox 218 2091 231 2108; x_wconf 79' lang='lat'><strong>¹</strong></span> <span class='ocrx_word' id='word_1_512' title='bbox 247 2093 276 2119; x_wconf 89' lang='lat' dir='ltr'><strong>S.</strong></span> <span class='ocrx_word' id='word_1_513' title='bbox 295 2093 435 2118; x_wconf 63' lang='lat' dir='ltr'><strong>Ber-meat</strong></span> <span class='ocrx_word' id='word_1_514' title='bbox 449 2093 536 2126; x_wconf 71' lang='lat' dir='ltr'><strong>Epiu.</strong></span> <span class='ocrx_word' id='word_1_515' title='bbox 556 2102 583 2120; x_wconf 87' lang='lat' dir='ltr'><strong>n.</strong></span> <span class='ocrx_word' id='word_1_516' title='bbox 605 2101 655 2127; x_wconf 82' lang='lat'><strong>144</strong></span> <span class='ocrx_word' id='word_1_517' title='bbox 675 2095 705 2119; x_wconf 78' lang='lat' dir='ltr'><strong>in</strong></span> <span class='ocrx_word' id='word_1_518' title='bbox 719 2093 834 2125; x_wconf 70' lang='lat' dir='ltr'><strong>Mmus,</strong></span> <span class='ocrx_word' id='word_1_519' title='bbox 848 2094 952 2118; x_wconf 76' lang='lat' dir='ltr'><strong>Patrol.</strong></span> <span class='ocrx_word' id='word_1_520' title='bbox 965 2093 1032 2123; x_wconf 71' lang='lat' dir='ltr'><strong>Lat..</strong></span> 
     </span>
     <span class='ocr_line' id='line_1_38' title="bbox 19 2131 1032 2170; baseline 0 -9"><span class='ocrx_word' id='word_1_521' title='bbox 19 2131 24 2134; x_wconf 71' lang='grc'><strong>“</strong></span> <span class='ocrx_word' id='word_1_522' title='bbox 131 2134 298 2166; x_wconf 69' lang='lat' dir='ltr'><strong>cnxxxn.</strong></span> <span class='ocrx_word' id='word_1_523' title='bbox 325 2136 382 2161; x_wconf 87' lang='lat' dir='ltr'><strong>col.</strong></span> <span class='ocrx_word' id='word_1_524' title='bbox 411 2143 477 2169; x_wconf 75' lang='lat'>301:</span> <span class='ocrx_word' id='word_1_525' title='bbox 504 2137 603 2162; x_wconf 72' lang='lat' dir='ltr'><strong>FALco</strong></span> <span class='ocrx_word' id='word_1_526' title='bbox 628 2136 885 2166; x_wconf 67' lang='lat' dir='ltr'><strong>Bsmwsmramus,</strong></span> <span class='ocrx_word' id='word_1_527' title='bbox 910 2144 938 2170; x_wconf 89' lang='lat' dir='ltr'><strong>p.</strong></span> <span class='ocrx_word' id='word_1_528' title='bbox 966 2135 1032 2169; x_wconf 83' lang='lat'><strong>236;</strong></span> 
     </span>
     <span class='ocr_line' id='line_1_39' title="bbox 129 2178 1033 2209; baseline 0.001 -6"><span class='ocrx_word' id='word_1_529' title='bbox 129 2178 326 2209; x_wconf 58' lang='lat' dir='ltr'><strong>vammum,</strong></span> <span class='ocrx_word' id='word_1_530' title='bbox 350 2178 396 2204; x_wconf 68' lang='lat' dir='ltr'><strong>Via</strong></span> <span class='ocrx_word' id='word_1_531' title='bbox 413 2179 445 2203; x_wconf 77' lang='lat' dir='ltr'><strong>de</strong></span> <span class='ocrx_word' id='word_1_532' title='bbox 464 2179 494 2205; x_wconf 89' lang='lat' dir='ltr'><strong>S.</strong></span> <span class='ocrx_word' id='word_1_533' title='bbox 513 2179 640 2204; x_wconf 73' lang='lat' dir='ltr'><strong>Bernara</strong></span> <span class='ocrx_word' id='word_1_534' title='bbox 650 2180 716 2204; x_wconf 68' lang='lat' dir='ltr'><strong>abu</strong></span> <span class='ocrx_word' id='word_1_535' title='bbox 726 2180 757 2203; x_wconf 76' lang='lat' dir='ltr'><strong>de</strong></span> <span class='ocrx_word' id='word_1_536' title='bbox 773 2179 930 2208; x_wconf 57' lang='grc' dir='ltr'><strong>(Σισίννου,</strong></span> <span class='ocrx_word' id='word_1_537' title='bbox 945 2179 1033 2208; x_wconf 79' lang='lat' dir='ltr'><strong>Paris,</strong></span> 
     </span>
     <span class='ocr_line' id='line_1_40' title="bbox 130 2219 314 2252; baseline 0.005 -7"><span class='ocrx_word' id='word_1_538' title='bbox 130 2219 166 2249; x_wconf 88' lang='lat'><strong>11,</strong></span> <span class='ocrx_word' id='word_1_539' title='bbox 188 2224 219 2252; x_wconf 78' lang='grc'><strong>15</strong></span> <span class='ocrx_word' id='word_1_540' title='bbox 240 2227 269 2246; x_wconf 87' lang='lat' dir='ltr'><strong>n.</strong></span> <span class='ocrx_word' id='word_1_541' title='bbox 291 2227 314 2246; x_wconf 85' lang='lat'><strong>1.</strong></span> 
     </span>
    </p>

    <p class='ocr_par' dir='ltr' id='par_1_15' title="bbox 29 2260 1034 2382">
     <span class='ocr_line' id='line_1_41' title="bbox 219 2260 521 2297; baseline 0.007 -9"><span class='ocrx_word' id='word_1_542' title='bbox 219 2260 232 2278; x_wconf 80' lang='lat'>⁸</span> <span class='ocrx_word' id='word_1_543' title='bbox 250 2261 298 2288; x_wconf 82' lang='lat' dir='ltr'><strong>Cf.</strong></span> <span class='ocrx_word' id='word_1_544' title='bbox 318 2270 345 2296; x_wconf 87' lang='lat' dir='ltr'><strong>p.</strong></span> <span class='ocrx_word' id='word_1_545' title='bbox 366 2269 428 2297; x_wconf 81' lang='lat'><strong>217,</strong></span> <span class='ocrx_word' id='word_1_546' title='bbox 448 2271 476 2289; x_wconf 90' lang='lat' dir='ltr'><strong>n.</strong></span> <span class='ocrx_word' id='word_1_547' title='bbox 495 2270 521 2297; x_wconf 88' lang='lat'><strong>7.</strong></span> 
     </span>
     <span class='ocr_line' id='line_1_42' title="bbox 32 2302 1034 2341; baseline 0.001 -11"><span class='ocrx_word' id='word_1_548' title='bbox 32 2339 34 2341; x_wconf 21' lang='grc' dir='ltr'><strong><em>ι</em></strong></span> <span class='ocrx_word' id='word_1_549' title='bbox 73 2312 103 2340; x_wconf 80' lang='lat'><strong>¹5</strong></span> <span class='ocrx_word' id='word_1_550' title='bbox 220 2302 231 2318; x_wconf 82' lang='lat'><strong>⁴</strong></span> <span class='ocrx_word' id='word_1_551' title='bbox 249 2304 346 2331; x_wconf 66' lang='lat' dir='ltr'><strong>Famo</strong></span> <span class='ocrx_word' id='word_1_552' title='bbox 364 2305 615 2338; x_wconf 60' lang='lat' dir='ltr'><strong>Burmanni-ms,</strong></span> <span class='ocrx_word' id='word_1_553' title='bbox 640 2306 695 2332; x_wconf 82' lang='lat' dir='ltr'><strong>loe.</strong></span> <span class='ocrx_word' id='word_1_554' title='bbox 721 2307 779 2338; x_wconf 64' lang='lat' dir='ltr'><strong>cit„</strong></span> <span class='ocrx_word' id='word_1_555' title='bbox 804 2304 839 2331; x_wconf 69' lang='lat' dir='ltr'><strong>da</strong></span> <span class='ocrx_word' id='word_1_556' title='bbox 864 2306 1034 2340; x_wconf 82' lang='lat' dir='ltr'><strong>particolari</strong></span> 
     </span>
     <span class='ocr_line' id='line_1_43' title="bbox 29 2345 307 2382; baseline 0.004 -10"><span class='ocrx_word' id='word_1_557' title='bbox 29 2345 32 2348; x_wconf 59' lang='lat'><strong>⁴</strong></span> <span class='ocrx_word' id='word_1_558' title='bbox 131 2345 183 2382; x_wconf 69' lang='lat' dir='ltr'><strong>piu</strong></span> <span class='ocrx_word' id='word_1_559' title='bbox 202 2347 307 2373; x_wconf 80' lang='lat' dir='ltr'><strong>diffusi.</strong></span> 
     </span>
    </p>

    <p class='ocr_par' dir='ltr' id='par_1_16' title="bbox 32 2390 1035 2805">
     <span class='ocr_line' id='line_1_44' title="bbox 220 2390 1035 2426; baseline 0.002 -11"><span class='ocrx_word' id='word_1_560' title='bbox 220 2391 232 2408; x_wconf 76' lang='lat'>⁸</span> <span class='ocrx_word' id='word_1_561' title='bbox 249 2390 349 2424; x_wconf 80' lang='lat' dir='ltr'><strong>Sergio</strong></span> <span class='ocrx_word' id='word_1_562' title='bbox 368 2390 429 2421; x_wconf 81' lang='lat' dir='ltr'><strong>vn,</strong></span> <span class='ocrx_word' id='word_1_563' title='bbox 450 2392 521 2417; x_wconf 87' lang='lat' dir='ltr'><strong>duca</strong></span> <span class='ocrx_word' id='word_1_564' title='bbox 547 2393 576 2417; x_wconf 87' lang='lat' dir='ltr'><strong>di</strong></span> <span class='ocrx_word' id='word_1_565' title='bbox 602 2391 720 2426; x_wconf 80' lang='lat' dir='ltr'><strong>Nspoli,</strong></span> <span class='ocrx_word' id='word_1_566' title='bbox 741 2392 769 2416; x_wconf 86' lang='lat' dir='ltr'><strong>ai</strong></span> <span class='ocrx_word' id='word_1_567' title='bbox 789 2391 872 2424; x_wconf 83' lang='lat' dir='ltr'><strong>quale</strong></span> <span class='ocrx_word' id='word_1_568' title='bbox 893 2391 914 2416; x_wconf 88' lang='lat' dir='ltr'><strong>il</strong></span> <span class='ocrx_word' id='word_1_569' title='bbox 939 2392 1035 2417; x_wconf 61' lang='lat' dir='ltr'><strong>Baius-</strong></span> 
     </span>
     <span class='ocr_line' id='line_1_45' title="bbox 129 2433 1034 2467; baseline 0.002 -9"><span class='ocrx_word' id='word_1_570' title='bbox 129 2438 269 2462; x_wconf 68' lang='lat' dir='ltr'><strong>umozm,</strong></span> <span class='ocrx_word' id='word_1_571' title='bbox 288 2433 367 2458; x_wconf 75' lang='lat' dir='ltr'><strong>Sulla</strong></span> <span class='ocrx_word' id='word_1_572' title='bbox 385 2435 449 2460; x_wconf 73' lang='lat' dir='ltr'><strong>data</strong></span> <span class='ocrx_word' id='word_1_573' title='bbox 467 2435 512 2459; x_wconf 79' lang='lat' dir='ltr'><strong>del</strong></span> <span class='ocrx_word' id='word_1_574' title='bbox 529 2435 543 2450; x_wconf 78' lang='lat'><strong>‘¹</strong></span> <span class='ocrx_word' id='word_1_575' title='bbox 553 2435 665 2459; x_wconf 68' lang='lat' dir='ltr'><strong>Pactum</strong></span> <span class='ocrx_word' id='word_1_576' title='bbox 676 2453 690 2466; x_wconf 86' lang='grc'><strong>,,</strong></span> <span class='ocrx_word' id='word_1_577' title='bbox 700 2434 811 2467; x_wconf 61' lang='grc' dir='ltr'><strong>μηναεο</strong></span> <span class='ocrx_word' id='word_1_578' title='bbox 830 2434 878 2458; x_wconf 79' lang='lat' dir='ltr'><strong>dal</strong></span> <span class='ocrx_word' id='word_1_579' title='bbox 889 2434 957 2459; x_wconf 66' lang='lat' dir='ltr'><strong>duca</strong></span> <span class='ocrx_word' id='word_1_580' title='bbox 970 2434 1034 2460; x_wconf 78' lang='lat' dir='ltr'><strong>Ser-</strong></span> 
     </span>
     <span class='ocr_line' id='line_1_46' title="bbox 34 2473 1033 2510; baseline 0.002 -12"><span class='ocrx_word' id='word_1_581' title='bbox 34 2499 40 2507; x_wconf 48' lang='lat'><strong>-.</strong></span> <span class='ocrx_word' id='word_1_582' title='bbox 126 2475 186 2508; x_wconf 66' lang='lat' dir='ltr'><strong>gio,</strong></span> <span class='ocrx_word' id='word_1_583' title='bbox 204 2473 325 2505; x_wconf 69' lang='lat' dir='ltr'><strong>&#39;l&#39;orIno¹</strong></span> <span class='ocrx_word' id='word_1_584' title='bbox 347 2475 423 2509; x_wconf 85' lang='lat'><strong>1890,</strong></span> <span class='ocrx_word' id='word_1_585' title='bbox 443 2483 497 2501; x_wconf 91' lang='lat' dir='ltr'><strong>con</strong></span> <span class='ocrx_word' id='word_1_586' title='bbox 516 2478 598 2510; x_wconf 79' lang='lat' dir='ltr'><strong>gravi</strong></span> <span class='ocrx_word' id='word_1_587' title='bbox 618 2476 783 2510; x_wconf 75' lang='lat' dir='ltr'><strong>argomenti</strong></span> <span class='ocrx_word' id='word_1_588' title='bbox 803 2475 922 2501; x_wconf 76' lang='lat' dir='ltr'><strong>attribui</strong></span> <span class='ocrx_word' id='word_1_589' title='bbox 944 2476 966 2500; x_wconf 90' lang='grc'><strong>11</strong></span> <span class='ocrx_word' id='word_1_590' title='bbox 992 2476 1033 2500; x_wconf 74' lang='lat' dir='ltr'><strong>fa-</strong></span> 
     </span>
     <span class='ocr_line' id='line_1_47' title="bbox 34 2515 1033 2550; baseline 0.002 -9"><span class='ocrx_word' id='word_1_591' title='bbox 34 2527 39 2533; x_wconf 66' lang='grc'><strong><em>»</em></strong></span> <span class='ocrx_word' id='word_1_592' title='bbox 71 2522 107 2542; x_wconf 85' lang='grc' dir='ltr'><strong>2ο</strong></span> <span class='ocrx_word' id='word_1_593' title='bbox 131 2523 213 2542; x_wconf 81' lang='lat' dir='ltr'><strong>moso</strong></span> <span class='ocrx_word' id='word_1_594' title='bbox 233 2515 376 2543; x_wconf 64' lang='lat' dir='ltr'><strong>“Pactum</strong></span> <span class='ocrx_word' id='word_1_595' title='bbox 395 2525 414 2543; x_wconf 92' lang='grc' dir='ltr'><strong>ο</strong></span> <span class='ocrx_word' id='word_1_596' title='bbox 433 2518 536 2550; x_wconf 73' lang='lat' dir='ltr'><strong>Magna</strong></span> <span class='ocrx_word' id='word_1_597' title='bbox 553 2518 648 2543; x_wconf 68' lang='lat' dir='ltr'><strong>charta</strong></span> <span class='ocrx_word' id='word_1_598' title='bbox 658 2537 672 2550; x_wconf 84' lang='lat'><em>„</em></span> <span class='ocrx_word' id='word_1_599' title='bbox 692 2525 774 2543; x_wconf 87' lang='lat' dir='ltr'><strong>come</strong></span> <span class='ocrx_word' id='word_1_600' title='bbox 793 2518 821 2542; x_wconf 85' lang='lat' dir='ltr'><strong>la</strong></span> <span class='ocrx_word' id='word_1_601' title='bbox 840 2518 917 2543; x_wconf 82' lang='lat' dir='ltr'><strong>disse</strong></span> <span class='ocrx_word' id='word_1_602' title='bbox 938 2519 959 2542; x_wconf 90' lang='grc'><strong>11</strong></span> <span class='ocrx_word' id='word_1_603' title='bbox 980 2517 1033 2543; x_wconf 86' lang='lat' dir='ltr'><strong>Ca-</strong></span> 
     </span>
     <span class='ocr_line' id='line_1_48' title="bbox 130 2559 1033 2594; baseline 0.001 -9"><span class='ocrx_word' id='word_1_604' title='bbox 130 2566 214 2593; x_wconf 79' lang='lat' dir='ltr'><strong>passo</strong></span> <span class='ocrx_word' id='word_1_605' title='bbox 232 2559 273 2593; x_wconf 77' lang='lat' dir='ltr'><strong>(a</strong></span> <span class='ocrx_word' id='word_1_606' title='bbox 292 2560 306 2574; x_wconf 79' lang='lat'><strong>¹⁴</strong></span> <span class='ocrx_word' id='word_1_607' title='bbox 315 2560 427 2586; x_wconf 68' lang='lat' dir='ltr'><strong>Pactum</strong></span> <span class='ocrx_word' id='word_1_608' title='bbox 437 2580 451 2594; x_wconf 85' lang='lat'><em>„</em></span> <span class='ocrx_word' id='word_1_609' title='bbox 468 2561 580 2594; x_wconf 66' lang='lat' dir='ltr'><strong>giumo</strong></span> <span class='ocrx_word' id='word_1_610' title='bbox 598 2560 646 2586; x_wconf 78' lang='lat' dir='ltr'><strong>dal</strong></span> <span class='ocrx_word' id='word_1_611' title='bbox 663 2561 732 2586; x_wconf 73' lang='lat' dir='ltr'><strong>duca</strong></span> <span class='ocrx_word' id='word_1_612' title='bbox 752 2560 854 2593; x_wconf 61' lang='lat' dir='ltr'><strong>Sergio,</strong></span> <span class='ocrx_word' id='word_1_613' title='bbox 878 2562 908 2586; x_wconf 86' lang='lat' dir='ltr'><strong>ln</strong></span> <span class='ocrx_word' id='word_1_614' title='bbox 927 2561 1033 2587; x_wconf 81' lang='lat' dir='ltr'><strong>Arch.</strong></span> 
     </span>
     <span class='ocr_line' id='line_1_49' title="bbox 132 2601 1032 2638; baseline 0.002 -11"><span class='ocrx_word' id='word_1_615' title='bbox 132 2601 186 2628; x_wconf 86' lang='lat' dir='ltr'><strong>St.</strong></span> <span class='ocrx_word' id='word_1_616' title='bbox 205 2610 267 2636; x_wconf 86' lang='lat' dir='ltr'><strong>per</strong></span> <span class='ocrx_word' id='word_1_617' title='bbox 286 2604 319 2628; x_wconf 87' lang='lat' dir='ltr'><strong>le</strong></span> <span class='ocrx_word' id='word_1_618' title='bbox 337 2610 442 2637; x_wconf 79' lang='lat' dir='ltr'><strong>prov.</strong></span> <span class='ocrx_word' id='word_1_619' title='bbox 461 2603 711 2637; x_wconf 85' lang='lat' dir='ltr'><strong>Napoietane,</strong></span> <span class='ocrx_word' id='word_1_620' title='bbox 730 2603 780 2633; x_wconf 80' lang='lat' dir='ltr'><strong>IX,</strong></span> <span class='ocrx_word' id='word_1_621' title='bbox 800 2611 826 2637; x_wconf 89' lang='lat' dir='ltr'><strong>p.</strong></span> <span class='ocrx_word' id='word_1_622' title='bbox 853 2609 904 2636; x_wconf 88' lang='lat'><strong>719</strong></span> <span class='ocrx_word' id='word_1_623' title='bbox 929 2612 944 2629; x_wconf 86' lang='lat' dir='ltr'><strong>e</strong></span> <span class='ocrx_word' id='word_1_624' title='bbox 963 2603 1032 2638; x_wconf 76' lang='lat' dir='ltr'><strong>sg.);</strong></span> 
     </span>
     <span class='ocr_line' id='line_1_50' title="bbox 132 2644 1033 2679; baseline 0.002 -9"><span class='ocrx_word' id='word_1_625' title='bbox 132 2644 183 2670; x_wconf 80' lang='lat' dir='ltr'><strong>che</strong></span> <span class='ocrx_word' id='word_1_626' title='bbox 192 2645 222 2670; x_wconf 77' lang='lat' dir='ltr'><strong>ln</strong></span> <span class='ocrx_word' id='word_1_627' title='bbox 233 2646 357 2677; x_wconf 81' lang='lat' dir='ltr'><strong>ritenne,</strong></span> <span class='ocrx_word' id='word_1_628' title='bbox 372 2647 479 2675; x_wconf 74' lang='lat' dir='ltr'><strong>invene,</strong></span> <span class='ocrx_word' id='word_1_629' title='bbox 493 2646 560 2671; x_wconf 81' lang='lat' dir='ltr'><strong>data</strong></span> <span class='ocrx_word' id='word_1_630' title='bbox 572 2645 609 2670; x_wconf 92' lang='lat' dir='ltr'><strong>da</strong></span> <span class='ocrx_word' id='word_1_631' title='bbox 621 2645 721 2679; x_wconf 82' lang='lat' dir='ltr'><strong>Sergio</strong></span> <span class='ocrx_word' id='word_1_632' title='bbox 734 2645 783 2671; x_wconf 85' lang='lat' dir='ltr'><strong>IV.</strong></span> <span class='ocrx_word' id='word_1_633' title='bbox 808 2645 854 2671; x_wconf 73' lang='lat' dir='ltr'><strong>Cr.</strong></span> <span class='ocrx_word' id='word_1_634' title='bbox 865 2646 904 2672; x_wconf 89' lang='lat' dir='ltr'><strong>M.</strong></span> <span class='ocrx_word' id='word_1_635' title='bbox 914 2646 1033 2676; x_wconf 70' lang='lat' dir='ltr'><strong>somn,</strong></span> 
     </span>
     <span class='ocr_line' id='line_1_51' title="bbox 32 2686 1032 2721; baseline 0.004 -11"><span class='ocrx_word' id='word_1_636' title='bbox 32 2716 33 2719; x_wconf 13' lang='grc' dir='ltr'><strong>Ἴ</strong></span> <span class='ocrx_word' id='word_1_637' title='bbox 131 2686 228 2711; x_wconf 72' lang='lat' dir='ltr'><strong>Nobili</strong></span> <span class='ocrx_word' id='word_1_638' title='bbox 242 2694 257 2712; x_wconf 74' lang='lat' dir='ltr'><strong>e</strong></span> <span class='ocrx_word' id='word_1_639' title='bbox 274 2687 404 2720; x_wconf 63' lang='lat' dir='ltr'><strong>Populea!</strong></span> <span class='ocrx_word' id='word_1_640' title='bbox 419 2689 450 2713; x_wconf 73' lang='lat' dir='ltr'><strong>{n</strong></span> <span class='ocrx_word' id='word_1_641' title='bbox 468 2687 571 2720; x_wconf 65' lang='lat' dir='ltr'><strong>Napoll</strong></span> <span class='ocrx_word' id='word_1_642' title='bbox 586 2687 633 2712; x_wconf 76' lang='lat' dir='ltr'><strong>nel</strong></span> <span class='ocrx_word' id='word_1_643' title='bbox 649 2688 792 2716; x_wconf 68' lang='lat' dir='ltr'><strong>MedIoeoo,</strong></span> <span class='ocrx_word' id='word_1_644' title='bbox 808 2688 838 2712; x_wconf 70' lang='lat' dir='ltr'><strong>ln</strong></span> <span class='ocrx_word' id='word_1_645' title='bbox 857 2691 982 2721; x_wconf 65' lang='lat' dir='ltr'><strong>repperio</strong></span> <span class='ocrx_word' id='word_1_646' title='bbox 993 2688 1032 2714; x_wconf 78' lang='lat' dir='ltr'><strong>al-</strong></span> 
     </span>
     <span class='ocr_line' id='line_1_52' title="bbox 34 2728 1033 2763; baseline 0.002 -9"><span class='ocrx_word' id='word_1_647' title='bbox 34 2728 36 2731; x_wconf 80' lang='grc'>’</span> <span class='ocrx_word' id='word_1_648' title='bbox 73 2734 105 2762; x_wconf 80' lang='grc'><strong>25</strong></span> <span class='ocrx_word' id='word_1_649' title='bbox 130 2728 398 2755; x_wconf 63' lang='lat' dir='ltr'><strong>rammam-anione</strong></span> <span class='ocrx_word' id='word_1_650' title='bbox 410 2729 589 2762; x_wconf 71' lang='lat' dir='ltr'><strong>Muntdpale,</strong></span> <span class='ocrx_word' id='word_1_651' title='bbox 602 2730 730 2759; x_wconf 80' lang='lat' dir='ltr'><strong>Firenze,</strong></span> <span class='ocrx_word' id='word_1_652' title='bbox 747 2735 814 2763; x_wconf 83' lang='lat'><strong>19²5</strong></span> <span class='ocrx_word' id='word_1_653' title='bbox 829 2729 915 2762; x_wconf 81' lang='lat' dir='ltr'><strong>(Estr.</strong></span> <span class='ocrx_word' id='word_1_654' title='bbox 928 2730 1033 2756; x_wconf 82' lang='lat' dir='ltr'><strong>Arch.</strong></span> 
     </span>
     <span class='ocr_line' id='line_1_53' title="bbox 133 2769 668 2805; baseline 0.006 -11"><span class='ocrx_word' id='word_1_655' title='bbox 133 2769 180 2796; x_wconf 84' lang='lat' dir='ltr'><strong>St.</strong></span> <span class='ocrx_word' id='word_1_656' title='bbox 199 2770 249 2803; x_wconf 88' lang='lat' dir='ltr'><strong>1t.,</strong></span> <span class='ocrx_word' id='word_1_657' title='bbox 267 2770 346 2797; x_wconf 88' lang='lat' dir='ltr'><strong>Sorie</strong></span> <span class='ocrx_word' id='word_1_658' title='bbox 366 2771 428 2801; x_wconf 85' lang='lat' dir='ltr'><strong>vn,</strong></span> <span class='ocrx_word' id='word_1_659' title='bbox 450 2771 508 2797; x_wconf 81' lang='lat' dir='ltr'><strong>vol.</strong></span> <span class='ocrx_word' id='word_1_660' title='bbox 528 2770 576 2805; x_wconf 85' lang='grc'><strong>111)</strong></span> <span class='ocrx_word' id='word_1_661' title='bbox 596 2779 623 2805; x_wconf 85' lang='lat' dir='ltr'><strong>p.</strong></span> <span class='ocrx_word' id='word_1_662' title='bbox 643 2777 668 2804; x_wconf 82' lang='lat' dir='ltr'><strong>s.</strong></span> 
     </span>
    </p>

    <p class='ocr_par' dir='ltr' id='par_1_17' title="bbox 133 2810 1035 2931">
     <span class='ocr_line' id='line_1_54' title="bbox 223 2810 1033 2849; baseline 0 -10"><span class='ocrx_word' id='word_1_663' title='bbox 223 2810 235 2828; x_wconf 82' lang='lat'>⁸</span> <span class='ocrx_word' id='word_1_664' title='bbox 252 2813 305 2849; x_wconf 52' lang='lat' dir='ltr'><strong>D&amp;</strong></span> <span class='ocrx_word' id='word_1_665' title='bbox 315 2813 444 2843; x_wconf 79' lang='lat' dir='ltr'><strong>Sa1erno,</strong></span> <span class='ocrx_word' id='word_1_666' title='bbox 463 2813 536 2838; x_wconf 88' lang='lat' dir='ltr'><strong>dove</strong></span> <span class='ocrx_word' id='word_1_667' title='bbox 556 2814 586 2838; x_wconf 84' lang='lat' dir='ltr'><strong>fu</strong></span> <span class='ocrx_word' id='word_1_668' title='bbox 606 2813 653 2838; x_wconf 88' lang='lat' dir='ltr'><strong>nei</strong></span> <span class='ocrx_word' id='word_1_669' title='bbox 672 2814 757 2847; x_wconf 80' lang='lat' dir='ltr'><strong>primi</strong></span> <span class='ocrx_word' id='word_1_670' title='bbox 778 2813 932 2844; x_wconf 83' lang='lat' dir='ltr'><strong>d’ottobre.</strong></span> <span class='ocrx_word' id='word_1_671' title='bbox 954 2814 1033 2849; x_wconf 85' lang='lat' dir='ltr'><strong>Rug-</strong></span> 
     </span>
     <span class='ocr_line' id='line_1_55' title="bbox 133 2854 1034 2889; baseline 0.003 -9"><span class='ocrx_word' id='word_1_672' title='bbox 133 2855 215 2888; x_wconf 78' lang='lat' dir='ltr'><strong>glero</strong></span> <span class='ocrx_word' id='word_1_673' title='bbox 228 2855 312 2888; x_wconf 77' lang='lat' dir='ltr'><strong>passo</strong></span> <span class='ocrx_word' id='word_1_674' title='bbox 326 2864 342 2881; x_wconf 82' lang='lat' dir='ltr'><strong>a</strong></span> <span class='ocrx_word' id='word_1_675' title='bbox 354 2854 462 2889; x_wconf 91' lang='lat' dir='ltr'><strong>Capua,</strong></span> <span class='ocrx_word' id='word_1_676' title='bbox 476 2856 510 2881; x_wconf 89' lang='lat' dir='ltr'><strong>ad</strong></span> <span class='ocrx_word' id='word_1_677' title='bbox 523 2855 674 2887; x_wconf 81' lang='lat' dir='ltr'><strong>Avellino,</strong></span> <span class='ocrx_word' id='word_1_678' title='bbox 687 2862 704 2881; x_wconf 80' lang='lat' dir='ltr'><strong>a</strong></span> <span class='ocrx_word' id='word_1_679' title='bbox 717 2855 893 2888; x_wconf 82' lang='lat' dir='ltr'><strong>Benevento,</strong></span> <span class='ocrx_word' id='word_1_680' title='bbox 905 2863 922 2882; x_wconf 87' lang='lat' dir='ltr'><strong>a</strong></span> <span class='ocrx_word' id='word_1_681' title='bbox 935 2857 1034 2883; x_wconf 87' lang='lat' dir='ltr'><strong>Monte</strong></span> 
     </span>
     <span class='ocr_line' id='line_1_56' title="bbox 133 2896 1035 2931; baseline 0.003 -9"><span class='ocrx_word' id='word_1_682' title='bbox 133 2896 265 2923; x_wconf 68' lang='lat' dir='ltr'><strong>CorvIno</strong></span> <span class='ocrx_word' id='word_1_683' title='bbox 285 2905 300 2923; x_wconf 90' lang='lat' dir='ltr'><strong>e</strong></span> <span class='ocrx_word' id='word_1_684' title='bbox 319 2898 418 2931; x_wconf 64' lang='lat' dir='ltr'><strong>qutndi</strong></span> <span class='ocrx_word' id='word_1_685' title='bbox 444 2899 636 2924; x_wconf 80' lang='lat' dir='ltr'><strong>nuovamente</strong></span> <span class='ocrx_word' id='word_1_686' title='bbox 661 2905 677 2923; x_wconf 85' lang='lat' dir='ltr'><strong>a</strong></span> <span class='ocrx_word' id='word_1_687' title='bbox 701 2897 854 2931; x_wconf 79' lang='lat' dir='ltr'><strong>Rignano;</strong></span> <span class='ocrx_word' id='word_1_688' title='bbox 881 2899 994 2924; x_wconf 78' lang='lat' dir='ltr'><strong>ritorno</strong></span> <span class='ocrx_word' id='word_1_689' title='bbox 1018 2907 1035 2925; x_wconf 84' lang='grc' dir='ltr'>ι</span> 
     </span>
    </p>
   </div>
   <div class='ocr_carea' id='block_1_15' title="bbox 18 2933 1036 2973">
    <p class='ocr_par' dir='ltr' id='par_1_18' title="bbox 18 2933 1036 2973">
     <span class='ocr_line' id='line_1_57' title="bbox 18 2933 1036 2973; baseline 0.003 -9"><span class='ocrx_word' id='word_1_690' title='bbox 18 2933 30 2956; x_wconf 65' lang='grc' dir='ltr'><strong>’”ῐ</strong></span> <span class='ocrx_word' id='word_1_691' title='bbox 73 2945 108 2971; x_wconf 82' lang='grc'><strong>30</strong></span> <span class='ocrx_word' id='word_1_692' title='bbox 132 2938 253 2965; x_wconf 72' lang='grc' dir='ltr'><strong>3ι1οῐηο</strong></span> <span class='ocrx_word' id='word_1_693' title='bbox 273 2940 295 2965; x_wconf 88' lang='lat' dir='ltr'><strong>il</strong></span> <span class='ocrx_word' id='word_1_694' title='bbox 315 2947 347 2973; x_wconf 87' lang='lat'><strong>31</strong></span> <span class='ocrx_word' id='word_1_695' title='bbox 368 2940 446 2966; x_wconf 82' lang='lat' dir='ltr'><strong>dello</strong></span> <span class='ocrx_word' id='word_1_696' title='bbox 466 2942 556 2966; x_wconf 78' lang='lat' dir='ltr'><strong>stesso</strong></span> <span class='ocrx_word' id='word_1_697' title='bbox 577 2947 650 2965; x_wconf 82' lang='lat' dir='ltr'><strong>mose</strong></span> <span class='ocrx_word' id='word_1_698' title='bbox 669 2947 683 2965; x_wconf 86' lang='lat' dir='ltr'><strong>e</strong></span> <span class='ocrx_word' id='word_1_699' title='bbox 698 2940 720 2964; x_wconf 84' lang='lat' dir='ltr'><strong>il</strong></span> <span class='ocrx_word' id='word_1_700' title='bbox 735 2946 768 2965; x_wconf 80' lang='lat'><strong>22</strong></span> <span class='ocrx_word' id='word_1_701' title='bbox 783 2947 850 2966; x_wconf 90' lang='lat' dir='ltr'><strong>nov.</strong></span> <span class='ocrx_word' id='word_1_702' title='bbox 870 2940 1036 2967; x_wconf 83' lang='lat' dir='ltr'><strong>concedette</strong></span> 
     </span>
    </p>
   </div>
   <div class='ocr_carea' id='block_1_16' title="bbox 133 2981 1036 3059">
    <p class='ocr_par' dir='ltr' id='par_1_19' title="bbox 133 2981 1036 3059">
     <span class='ocr_line' id='line_1_58' title="bbox 134 2981 1035 3016; baseline 0.002 -9"><span class='ocrx_word' id='word_1_703' title='bbox 134 2982 161 3007; x_wconf 75' lang='lat' dir='ltr'><strong>ul</strong></span> <span class='ocrx_word' id='word_1_704' title='bbox 180 2982 318 3016; x_wconf 80' lang='lat' dir='ltr'><strong>Borghesi</strong></span> <span class='ocrx_word' id='word_1_705' title='bbox 339 2982 415 3008; x_wconf 87' lang='lat' dir='ltr'><strong>delia</strong></span> <span class='ocrx_word' id='word_1_706' title='bbox 435 2981 506 3008; x_wconf 77' lang='lat' dir='ltr'><strong>eltta</strong></span> <span class='ocrx_word' id='word_1_707' title='bbox 526 2982 547 3007; x_wconf 91' lang='lat' dir='ltr'><strong>il</strong></span> <span class='ocrx_word' id='word_1_708' title='bbox 567 2983 679 3008; x_wconf 78' lang='lat' dir='ltr'><strong>famoso</strong></span> <span class='ocrx_word' id='word_1_709' title='bbox 698 2982 857 3016; x_wconf 81' lang='lat' dir='ltr'><strong>privilegio</strong></span> <span class='ocrx_word' id='word_1_710' title='bbox 882 2990 936 3008; x_wconf 82' lang='lat' dir='ltr'><strong>con</strong></span> <span class='ocrx_word' id='word_1_711' title='bbox 955 2984 1035 3010; x_wconf 79' lang='lat' dir='ltr'><strong>bolla</strong></span> 
     </span>
     <span class='ocr_line' id='line_1_59' title="bbox 133 3023 1036 3059; baseline 0.003 -10"><span class='ocrx_word' id='word_1_712' title='bbox 133 3023 224 3055; x_wconf 82' lang='lat' dir='ltr'><strong>d&#39;oro,</strong></span> <span class='ocrx_word' id='word_1_713' title='bbox 238 3025 377 3058; x_wconf 64' lang='lat' dir='ltr'><strong>Ser-speum</strong></span> <span class='ocrx_word' id='word_1_714' title='bbox 392 3029 442 3058; x_wconf 69' lang='lat' dir='ltr'><strong>per</strong></span> <span class='ocrx_word' id='word_1_715' title='bbox 456 3032 551 3050; x_wconf 68' lang='lat' dir='ltr'><strong>manue</strong></span> <span class='ocrx_word' id='word_1_716' title='bbox 565 3024 694 3058; x_wconf 64' lang='lat' dir='ltr'><strong>Gregorii</strong></span> <span class='ocrx_word' id='word_1_717' title='bbox 703 3025 807 3051; x_wconf 74' lang='lat' dir='ltr'><strong>notura</strong></span> <span class='ocrx_word' id='word_1_718' title='bbox 814 3042 822 3051; x_wconf 87' lang='lat'><strong>.</strong></span> <span class='ocrx_word' id='word_1_719' title='bbox 833 3042 840 3051; x_wconf 91' lang='lat'><strong>.</strong></span> <span class='ocrx_word' id='word_1_720' title='bbox 851 3042 859 3051; x_wconf 89' lang='lat'><strong>.</strong></span> <span class='ocrx_word' id='word_1_721' title='bbox 872 3026 976 3051; x_wconf 66' lang='lat' dir='ltr'><strong>Datum</strong></span> <span class='ocrx_word' id='word_1_722' title='bbox 985 3029 1036 3059; x_wconf 64' lang='lat' dir='ltr'><strong>per</strong></span> 
     </span>
    </p>
   </div>
   <div class='ocr_carea' id='block_1_17' title="bbox 271 3140 579 3174">
    <p class='ocr_par' dir='ltr' id='par_1_20' title="bbox 271 3140 579 3174">
     <span class='ocr_line' id='line_1_60' title="bbox 271 3140 579 3174; baseline 0.006 -9"><span class='ocrx_word' id='word_1_723' title='bbox 271 3140 303 3166; x_wconf 90' lang='lat' dir='ltr'><strong>T.</strong></span> <span class='ocrx_word' id='word_1_724' title='bbox 323 3140 384 3172; x_wconf 77' lang='lat' dir='ltr'><strong>VH,</strong></span> <span class='ocrx_word' id='word_1_725' title='bbox 405 3148 432 3174; x_wconf 89' lang='lat' dir='ltr'><strong>p.</strong></span> <span class='ocrx_word' id='word_1_726' title='bbox 453 3148 463 3166; x_wconf 85' lang='lat'>1</span> <span class='ocrx_word' id='word_1_727' title='bbox 484 3154 516 3159; x_wconf 92' lang='lat'>—</span> <span class='ocrx_word' id='word_1_728' title='bbox 537 3146 579 3174; x_wconf 85' lang='grc'><strong>15.</strong></span> 
     </span>
    </p>
   </div>
   <div class='ocr_carea' id='block_1_18' title="bbox 1083 1925 2054 3064">
    <p class='ocr_par' dir='ltr' id='par_1_21' title="bbox 1083 1925 2047 2118">
     <span class='ocr_line' id='line_1_61' title="bbox 1083 1925 1986 1959; baseline 0.004 -10"><span class='ocrx_word' id='word_1_729' title='bbox 1083 1933 1177 1950; x_wconf 78' lang='lat' dir='ltr'><strong>manus</strong></span> <span class='ocrx_word' id='word_1_730' title='bbox 1196 1925 1310 1950; x_wconf 64' lang='lat' dir='ltr'><strong>marici</strong></span> <span class='ocrx_word' id='word_1_731' title='bbox 1326 1925 1500 1950; x_wconf 62' lang='lat' dir='ltr'><strong>Messa-ansts</strong></span> <span class='ocrx_word' id='word_1_732' title='bbox 1518 1926 1605 1955; x_wconf 69' lang='lat' dir='ltr'><strong>electi,</strong></span> <span class='ocrx_word' id='word_1_733' title='bbox 1623 1934 1692 1951; x_wconf 76' lang='lat' dir='ltr'><strong>anno</strong></span> <span class='ocrx_word' id='word_1_734' title='bbox 1710 1927 1791 1959; x_wconf 68' lang='lat' dir='ltr'><strong>regni</strong></span> <span class='ocrx_word' id='word_1_735' title='bbox 1807 1927 1872 1957; x_wconf 84' lang='lat' dir='ltr'><strong>VII,</strong></span> <span class='ocrx_word' id='word_1_736' title='bbox 1889 1928 1947 1953; x_wconf 72' lang='lat' dir='ltr'><strong>ind.</strong></span> <span class='ocrx_word' id='word_1_737' title='bbox 1961 1927 1986 1956; x_wconf 86' lang='lat' dir='ltr'><strong>I,</strong></span> 
     </span>
     <span class='ocr_line' id='line_1_62' title="bbox 1087 1965 1985 2002; baseline 0.003 -10"><span class='ocrx_word' id='word_1_738' title='bbox 1087 1965 1214 1999; x_wconf 70' lang='lat' dir='ltr'><strong>CAsrAR,</strong></span> <span class='ocrx_word' id='word_1_739' title='bbox 1235 1967 1304 2000; x_wconf 82' lang='lat' dir='ltr'><strong>Reg.</strong></span> <span class='ocrx_word' id='word_1_740' title='bbox 1326 1966 1385 1992; x_wconf 87' lang='lat'><strong>118.</strong></span> <span class='ocrx_word' id='word_1_741' title='bbox 1421 1968 1434 1992; x_wconf 96' lang='lat'><strong>1</strong></span> <span class='ocrx_word' id='word_1_742' title='bbox 1453 1967 1506 1992; x_wconf 87' lang='lat' dir='ltr'><strong>due</strong></span> <span class='ocrx_word' id='word_1_743' title='bbox 1531 1968 1679 2002; x_wconf 82' lang='lat' dir='ltr'><strong>privilegi,</strong></span> <span class='ocrx_word' id='word_1_744' title='bbox 1704 1969 1773 1994; x_wconf 87' lang='lat' dir='ltr'><strong>dato</strong></span> <span class='ocrx_word' id='word_1_745' title='bbox 1798 1968 1876 1994; x_wconf 90' lang='lat' dir='ltr'><strong>l’uno</strong></span> <span class='ocrx_word' id='word_1_746' title='bbox 1901 1977 1952 2002; x_wconf 87' lang='lat' dir='ltr'><strong>per</strong></span> <span class='ocrx_word' id='word_1_747' title='bbox 1978 1971 1985 1994; x_wconf 93' lang='lat' dir='ltr'><strong>i</strong></span> 
     </span>
     <span class='ocr_line' id='line_1_63' title="bbox 1086 2009 2047 2044; baseline 0.003 -10"><span class='ocrx_word' id='word_1_748' title='bbox 1086 2009 1222 2043; x_wconf 83' lang='lat' dir='ltr'><strong>Borghesi</strong></span> <span class='ocrx_word' id='word_1_749' title='bbox 1243 2009 1274 2034; x_wconf 90' lang='lat' dir='ltr'><strong>di</strong></span> <span class='ocrx_word' id='word_1_750' title='bbox 1292 2009 1456 2035; x_wconf 86' lang='lat' dir='ltr'><strong>Benevento</strong></span> <span class='ocrx_word' id='word_1_751' title='bbox 1474 2017 1490 2035; x_wconf 89' lang='lat' dir='ltr'><strong>e</strong></span> <span class='ocrx_word' id='word_1_752' title='bbox 1509 2010 1608 2035; x_wconf 83' lang='lat' dir='ltr'><strong>l’altro</strong></span> <span class='ocrx_word' id='word_1_753' title='bbox 1627 2019 1677 2044; x_wconf 87' lang='lat' dir='ltr'><strong>per</strong></span> <span class='ocrx_word' id='word_1_754' title='bbox 1695 2011 1724 2036; x_wconf 78' lang='lat' dir='ltr'><strong>la</strong></span> <span class='ocrx_word' id='word_1_755' title='bbox 1743 2011 1832 2036; x_wconf 84' lang='lat' dir='ltr'><strong>Bsdia</strong></span> <span class='ocrx_word' id='word_1_756' title='bbox 1858 2012 1887 2036; x_wconf 85' lang='lat' dir='ltr'><strong>di</strong></span> <span class='ocrx_word' id='word_1_757' title='bbox 1909 2012 1987 2037; x_wconf 80' lang='lat' dir='ltr'><strong>Cava</strong></span> <span class='ocrx_word' id='word_1_758' title='bbox 2015 2016 2047 2044; x_wconf 77' lang='lat'><strong>35</strong></span> 
     </span>
     <span class='ocr_line' id='line_1_64' title="bbox 1087 2051 1987 2086; baseline 0.003 -10"><span class='ocrx_word' id='word_1_759' title='bbox 1087 2052 1133 2077; x_wconf 87' lang='lat' dir='ltr'><strong>dei</strong></span> <span class='ocrx_word' id='word_1_760' title='bbox 1151 2051 1274 2081; x_wconf 86' lang='lat' dir='ltr'><strong>Tirreni‚</strong></span> <span class='ocrx_word' id='word_1_761' title='bbox 1292 2052 1389 2077; x_wconf 81' lang='lat' dir='ltr'><strong>hanno</strong></span> <span class='ocrx_word' id='word_1_762' title='bbox 1409 2059 1478 2085; x_wconf 86' lang='lat' dir='ltr'><strong>pure</strong></span> <span class='ocrx_word' id='word_1_763' title='bbox 1498 2053 1519 2077; x_wconf 92' lang='lat' dir='ltr'><strong>ii</strong></span> <span class='ocrx_word' id='word_1_764' title='bbox 1537 2053 1631 2077; x_wconf 75' lang='lat' dir='ltr'><strong>datum</strong></span> <span class='ocrx_word' id='word_1_765' title='bbox 1649 2053 1765 2085; x_wconf 76' lang='lat' dir='ltr'><strong>Salerni,</strong></span> <span class='ocrx_word' id='word_1_766' title='bbox 1781 2052 1909 2084; x_wconf 60' lang='lat' dir='ltr'><strong>Cassan,</strong></span> <span class='ocrx_word' id='word_1_767' title='bbox 1922 2054 1987 2086; x_wconf 75' lang='lat' dir='ltr'><strong>Reg.</strong></span> 
     </span>
     <span class='ocr_line' id='line_1_65' title="bbox 1091 2099 1255 2118; baseline 0 0"><span class='ocrx_word' id='word_1_768' title='bbox 1091 2099 1142 2118; x_wconf 83' lang='lat'><strong>120</strong></span> <span class='ocrx_word' id='word_1_769' title='bbox 1161 2101 1176 2118; x_wconf 93' lang='lat' dir='ltr'><strong>e</strong></span> <span class='ocrx_word' id='word_1_770' title='bbox 1198 2099 1255 2118; x_wconf 90' lang='grc'><strong>121.</strong></span> 
     </span>
    </p>

    <p class='ocr_par' dir='ltr' id='par_1_22' title="bbox 1085 2134 2052 2595">
     <span class='ocr_line' id='line_1_66' title="bbox 1175 2134 1988 2171; baseline 0.004 -11"><span class='ocrx_word' id='word_1_771' title='bbox 1175 2134 1187 2151; x_wconf 85' lang='lat'><em>⁷</em></span> <span class='ocrx_word' id='word_1_772' title='bbox 1206 2135 1303 2162; x_wconf 81' lang='lat' dir='ltr'><strong>Morte</strong></span> <span class='ocrx_word' id='word_1_773' title='bbox 1322 2135 1484 2162; x_wconf 87' lang='lat' dir='ltr'><strong>Romualdo</strong></span> <span class='ocrx_word' id='word_1_774' title='bbox 1504 2137 1516 2161; x_wconf 93' lang='lat'><strong>1</strong></span> <span class='ocrx_word' id='word_1_775' title='bbox 1536 2137 1623 2162; x_wconf 76' lang='lat' dir='ltr'><strong>art-iv.</strong></span> <span class='ocrx_word' id='word_1_776' title='bbox 1643 2137 1672 2162; x_wconf 91' lang='lat' dir='ltr'><strong>di</strong></span> <span class='ocrx_word' id='word_1_777' title='bbox 1692 2136 1812 2163; x_wconf 89' lang='lat' dir='ltr'><strong>Salerno</strong></span> <span class='ocrx_word' id='word_1_778' title='bbox 1832 2139 1854 2163; x_wconf 82' lang='lat' dir='ltr'><strong>il</strong></span> <span class='ocrx_word' id='word_1_779' title='bbox 1874 2144 1904 2163; x_wconf 89' lang='grc'><strong>21</strong></span> <span class='ocrx_word' id='word_1_780' title='bbox 1921 2145 1988 2171; x_wconf 85' lang='lat' dir='ltr'><strong>gen-</strong></span> 
     </span>
     <span class='ocr_line' id='line_1_67' title="bbox 1088 2178 1988 2213; baseline 0.003 -10"><span class='ocrx_word' id='word_1_781' title='bbox 1088 2179 1156 2203; x_wconf 86' lang='lat' dir='ltr'><strong>naio</strong></span> <span class='ocrx_word' id='word_1_782' title='bbox 1178 2183 1253 2211; x_wconf 83' lang='lat'><strong>1137,</strong></span> <span class='ocrx_word' id='word_1_783' title='bbox 1275 2179 1352 2204; x_wconf 81' lang='lat' dir='ltr'><strong>nella</strong></span> <span class='ocrx_word' id='word_1_784' title='bbox 1371 2181 1533 2204; x_wconf 83' lang='lat' dir='ltr'><strong>rIcorrenza</strong></span> <span class='ocrx_word' id='word_1_785' title='bbox 1553 2179 1629 2205; x_wconf 81' lang='lat' dir='ltr'><strong>della</strong></span> <span class='ocrx_word' id='word_1_786' title='bbox 1643 2178 1775 2205; x_wconf 63' lang='lat' dir='ltr'><strong>festivita</strong></span> <span class='ocrx_word' id='word_1_787' title='bbox 1788 2181 1819 2206; x_wconf 93' lang='lat' dir='ltr'><strong>di</strong></span> <span class='ocrx_word' id='word_1_788' title='bbox 1832 2180 1859 2206; x_wconf 91' lang='lat' dir='ltr'><strong>S.</strong></span> <span class='ocrx_word' id='word_1_789' title='bbox 1873 2182 1988 2213; x_wconf 87' lang='lat' dir='ltr'><strong>Agnese</strong></span> 
     </span>
     <span class='ocr_line' id='line_1_68' title="bbox 1088 2221 2052 2258; baseline 0.003 -12"><span class='ocrx_word' id='word_1_790' title='bbox 1088 2221 1110 2246; x_wconf 93' lang='lat' dir='ltr'><strong>il</strong></span> <span class='ocrx_word' id='word_1_791' title='bbox 1129 2222 1240 2255; x_wconf 86' lang='lat' dir='ltr'><strong>popolo</strong></span> <span class='ocrx_word' id='word_1_792' title='bbox 1259 2229 1274 2246; x_wconf 89' lang='lat' dir='ltr'><strong>e</strong></span> <span class='ocrx_word' id='word_1_793' title='bbox 1293 2221 1315 2247; x_wconf 91' lang='lat' dir='ltr'><strong>il</strong></span> <span class='ocrx_word' id='word_1_794' title='bbox 1330 2222 1414 2254; x_wconf 83' lang='lat' dir='ltr'><strong>clero,</strong></span> <span class='ocrx_word' id='word_1_795' title='bbox 1429 2230 1478 2255; x_wconf 85' lang='lat' dir='ltr'><strong>per</strong></span> <span class='ocrx_word' id='word_1_796' title='bbox 1492 2223 1639 2256; x_wconf 83' lang='lat' dir='ltr'><strong>eonsiglio</strong></span> <span class='ocrx_word' id='word_1_797' title='bbox 1659 2224 1687 2248; x_wconf 89' lang='lat' dir='ltr'><strong>di</strong></span> <span class='ocrx_word' id='word_1_798' title='bbox 1701 2224 1863 2249; x_wconf 86' lang='lat' dir='ltr'><strong>Innocenzo</strong></span> <span class='ocrx_word' id='word_1_799' title='bbox 1876 2224 1911 2253; x_wconf 91' lang='lat'><strong>11,</strong></span> <span class='ocrx_word' id='word_1_800' title='bbox 1924 2231 1988 2249; x_wconf 76' lang='lat' dir='ltr'><strong>ave·</strong></span> <span class='ocrx_word' id='word_1_801' title='bbox 2017 2232 2052 2258; x_wconf 83' lang='lat'><strong>40</strong></span> 
     </span>
     <span class='ocr_line' id='line_1_69' title="bbox 1087 2263 1987 2299; baseline 0.002 -11"><span class='ocrx_word' id='word_1_802' title='bbox 1087 2270 1163 2288; x_wconf 84' lang='lat' dir='ltr'><strong>vano</strong></span> <span class='ocrx_word' id='word_1_803' title='bbox 1182 2263 1271 2289; x_wconf 85' lang='lat' dir='ltr'><strong>eletto</strong></span> <span class='ocrx_word' id='word_1_804' title='bbox 1291 2264 1364 2297; x_wconf 87' lang='lat' dir='ltr'><strong>Ugo.</strong></span> <span class='ocrx_word' id='word_1_805' title='bbox 1400 2264 1547 2297; x_wconf 83' lang='lat' dir='ltr'><strong>Ruggiero</strong></span> <span class='ocrx_word' id='word_1_806' title='bbox 1565 2265 1600 2296; x_wconf 86' lang='lat'><strong>11,</strong></span> <span class='ocrx_word' id='word_1_807' title='bbox 1620 2265 1698 2299; x_wconf 90' lang='lat' dir='ltr'><strong>dopo</strong></span> <span class='ocrx_word' id='word_1_808' title='bbox 1718 2267 1745 2291; x_wconf 87' lang='lat' dir='ltr'><strong>la</strong></span> <span class='ocrx_word' id='word_1_809' title='bbox 1759 2267 1945 2299; x_wconf 81' lang='lat' dir='ltr'><strong>deposizione</strong></span> <span class='ocrx_word' id='word_1_810' title='bbox 1959 2267 1987 2291; x_wconf 90' lang='lat' dir='ltr'><strong>di</strong></span> 
     </span>
     <span class='ocr_line' id='line_1_70' title="bbox 1087 2305 1988 2341; baseline 0.003 -10"><span class='ocrx_word' id='word_1_811' title='bbox 1087 2305 1159 2340; x_wconf 81' lang='lat' dir='ltr'><strong>Ugo,</strong></span> <span class='ocrx_word' id='word_1_812' title='bbox 1180 2314 1333 2339; x_wconf 67' lang='lat' dir='ltr'><strong>pruinosae,</strong></span> <span class='ocrx_word' id='word_1_813' title='bbox 1353 2306 1430 2332; x_wconf 79' lang='lat' dir='ltr'><strong>x&#39;orse</strong></span> <span class='ocrx_word' id='word_1_814' title='bbox 1450 2307 1496 2333; x_wconf 87' lang='lat' dir='ltr'><strong>nel</strong></span> <span class='ocrx_word' id='word_1_815' title='bbox 1516 2315 1584 2333; x_wconf 89' lang='lat' dir='ltr'><strong>nov.</strong></span> <span class='ocrx_word' id='word_1_816' title='bbox 1607 2307 1682 2341; x_wconf 84' lang='lat'><strong>1138,</strong></span> <span class='ocrx_word' id='word_1_817' title='bbox 1703 2316 1718 2334; x_wconf 85' lang='lat' dir='ltr'><strong>a</strong></span> <span class='ocrx_word' id='word_1_818' title='bbox 1738 2309 1833 2341; x_wconf 86' lang='lat' dir='ltr'><strong>quella</strong></span> <span class='ocrx_word' id='word_1_819' title='bbox 1852 2309 1916 2334; x_wconf 90' lang='lat' dir='ltr'><strong>sede</strong></span> <span class='ocrx_word' id='word_1_820' title='bbox 1929 2308 1988 2334; x_wconf 92' lang='lat' dir='ltr'><strong>Gu-</strong></span> 
     </span>
     <span class='ocr_line' id='line_1_71' title="bbox 1085 2348 1989 2384; baseline 0.003 -11"><span class='ocrx_word' id='word_1_821' title='bbox 1085 2348 1214 2381; x_wconf 82' lang='lat' dir='ltr'><strong>glielmo,</strong></span> <span class='ocrx_word' id='word_1_822' title='bbox 1228 2349 1371 2382; x_wconf 85' lang='lat' dir='ltr'><strong>d&#39;origine</strong></span> <span class='ocrx_word' id='word_1_823' title='bbox 1384 2348 1561 2380; x_wconf 81' lang='lat' dir='ltr'><strong>Ravennate,</strong></span> <span class='ocrx_word' id='word_1_824' title='bbox 1575 2351 1677 2384; x_wconf 87' lang='lat' dir='ltr'><strong>ch&#39;egii</strong></span> <span class='ocrx_word' id='word_1_825' title='bbox 1691 2350 1739 2384; x_wconf 64' lang='lat' dir='ltr'><strong>gia</strong></span> <span class='ocrx_word' id='word_1_826' title='bbox 1754 2352 1799 2376; x_wconf 91' lang='lat' dir='ltr'><strong>nel</strong></span> <span class='ocrx_word' id='word_1_827' title='bbox 1818 2357 1882 2384; x_wconf 83' lang='lat'><strong>1135</strong></span> <span class='ocrx_word' id='word_1_828' title='bbox 1897 2358 1989 2376; x_wconf 80' lang='lat' dir='ltr'><strong>aveva</strong></span> 
     </span>
     <span class='ocr_line' id='line_1_72' title="bbox 1087 2391 1989 2425; baseline 0.002 -9"><span class='ocrx_word' id='word_1_829' title='bbox 1087 2391 1176 2416; x_wconf 82' lang='lat' dir='ltr'><strong>eletto</strong></span> <span class='ocrx_word' id='word_1_830' title='bbox 1189 2398 1314 2417; x_wconf 77' lang='lat' dir='ltr'><strong>vescovo</strong></span> <span class='ocrx_word' id='word_1_831' title='bbox 1327 2391 1358 2417; x_wconf 84' lang='lat' dir='ltr'><strong>di</strong></span> <span class='ocrx_word' id='word_1_832' title='bbox 1372 2391 1479 2425; x_wconf 88' lang='lat' dir='ltr'><strong>Capua.</strong></span> <span class='ocrx_word' id='word_1_833' title='bbox 1503 2392 1706 2417; x_wconf 74' lang='lat' dir='ltr'><strong>Nell&#39;Ar-clu&#39;vio</strong></span> <span class='ocrx_word' id='word_1_834' title='bbox 1720 2394 1751 2418; x_wconf 80' lang='lat' dir='ltr'><strong>di</strong></span> <span class='ocrx_word' id='word_1_835' title='bbox 1761 2394 1851 2418; x_wconf 63' lang='lat' dir='ltr'><strong>Badra</strong></span> <span class='ocrx_word' id='word_1_836' title='bbox 1863 2394 1895 2418; x_wconf 72' lang='lat' dir='ltr'><strong>dn·</strong></span> <span class='ocrx_word' id='word_1_837' title='bbox 1909 2393 1989 2425; x_wconf 77' lang='lat' dir='ltr'><strong>Cava,</strong></span> 
     </span>
     <span class='ocr_line' id='line_1_73' title="bbox 1087 2432 2051 2467; baseline 0.002 -9"><span class='ocrx_word' id='word_1_838' title='bbox 1087 2432 1162 2463; x_wconf 87' lang='lat' dir='ltr'><strong>XVI,</strong></span> <span class='ocrx_word' id='word_1_839' title='bbox 1180 2441 1213 2467; x_wconf 82' lang='lat'><strong>45</strong></span> <span class='ocrx_word' id='word_1_840' title='bbox 1233 2441 1248 2459; x_wconf 90' lang='lat' dir='ltr'><strong>e</strong></span> <span class='ocrx_word' id='word_1_841' title='bbox 1266 2434 1300 2459; x_wconf 85' lang='lat' dir='ltr'><strong>H.</strong></span> <span class='ocrx_word' id='word_1_842' title='bbox 1318 2441 1352 2467; x_wconf 83' lang='grc'><strong>42</strong></span> <span class='ocrx_word' id='word_1_843' title='bbox 1373 2435 1403 2459; x_wconf 81' lang='lat' dir='ltr'><strong>vi</strong></span> <span class='ocrx_word' id='word_1_844' title='bbox 1422 2442 1496 2460; x_wconf 83' lang='lat' dir='ltr'><strong>sono</strong></span> <span class='ocrx_word' id='word_1_845' title='bbox 1516 2436 1569 2460; x_wconf 88' lang='lat' dir='ltr'><strong>due</strong></span> <span class='ocrx_word' id='word_1_846' title='bbox 1589 2436 1755 2461; x_wconf 86' lang='lat' dir='ltr'><strong>documenti</strong></span> <span class='ocrx_word' id='word_1_847' title='bbox 1769 2437 1799 2461; x_wconf 83' lang='lat' dir='ltr'><strong>di</strong></span> <span class='ocrx_word' id='word_1_848' title='bbox 1814 2437 1855 2460; x_wconf 85' lang='lat' dir='ltr'><strong>lui</strong></span> <span class='ocrx_word' id='word_1_849' title='bbox 1869 2436 1913 2460; x_wconf 88' lang='lat' dir='ltr'><strong>del</strong></span> <span class='ocrx_word' id='word_1_850' title='bbox 1927 2436 1990 2467; x_wconf 85' lang='lat' dir='ltr'><strong>XII,</strong></span> <span class='ocrx_word' id='word_1_851' title='bbox 2018 2440 2051 2467; x_wconf 85' lang='lat'><strong>45</strong></span> 
     </span>
     <span class='ocr_line' id='line_1_74' title="bbox 1090 2475 1990 2510; baseline 0.002 -9"><span class='ocrx_word' id='word_1_852' title='bbox 1090 2482 1157 2509; x_wconf 80' lang='lat'>¹¹43</span> <span class='ocrx_word' id='word_1_853' title='bbox 1175 2483 1190 2500; x_wconf 89' lang='lat' dir='ltr'><strong>e</strong></span> <span class='ocrx_word' id='word_1_854' title='bbox 1208 2475 1258 2507; x_wconf 85' lang='lat' dir='ltr'><strong>IV,</strong></span> <span class='ocrx_word' id='word_1_855' title='bbox 1280 2475 1356 2509; x_wconf 84' lang='lat'>1146,</span> <span class='ocrx_word' id='word_1_856' title='bbox 1377 2477 1427 2502; x_wconf 87' lang='lat' dir='ltr'><strong>che</strong></span> <span class='ocrx_word' id='word_1_857' title='bbox 1447 2477 1476 2502; x_wconf 90' lang='lat' dir='ltr'><strong>lo</strong></span> <span class='ocrx_word' id='word_1_858' title='bbox 1495 2477 1602 2502; x_wconf 86' lang='lat' dir='ltr'><strong>dicono</strong></span> <span class='ocrx_word' id='word_1_859' title='bbox 1622 2477 1766 2510; x_wconf 86' lang='lat' dir='ltr'><strong>d’origine</strong></span> <span class='ocrx_word' id='word_1_860' title='bbox 1789 2478 1956 2503; x_wconf 78' lang='lat' dir='ltr'><strong>Ravennate</strong></span> <span class='ocrx_word' id='word_1_861' title='bbox 1976 2485 1990 2502; x_wconf 91' lang='lat' dir='ltr'><strong>e</strong></span> 
     </span>
     <span class='ocr_line' id='line_1_75' title="bbox 1086 2516 1992 2553; baseline 0.002 -11"><span class='ocrx_word' id='word_1_862' title='bbox 1086 2516 1133 2550; x_wconf 74' lang='lat' dir='ltr'><strong>gia</strong></span> <span class='ocrx_word' id='word_1_863' title='bbox 1153 2525 1275 2543; x_wconf 78' lang='lat' dir='ltr'><strong>vescovo</strong></span> <span class='ocrx_word' id='word_1_864' title='bbox 1294 2518 1324 2543; x_wconf 85' lang='lat' dir='ltr'><strong>di</strong></span> <span class='ocrx_word' id='word_1_865' title='bbox 1341 2517 1451 2552; x_wconf 85' lang='lat' dir='ltr'><strong>Capua.</strong></span> <span class='ocrx_word' id='word_1_866' title='bbox 1488 2518 1534 2544; x_wconf 78' lang='lat' dir='ltr'><strong>Cf.</strong></span> <span class='ocrx_word' id='word_1_867' title='bbox 1549 2518 1674 2551; x_wconf 64' lang='lat' dir='ltr'><strong>Gutum,</strong></span> <span class='ocrx_word' id='word_1_868' title='bbox 1689 2520 1843 2553; x_wconf 75' lang='lat' dir='ltr'><strong>Necrologlo</strong></span> <span class='ocrx_word' id='word_1_869' title='bbox 1856 2520 1901 2544; x_wconf 78' lang='lat' dir='ltr'><strong>del</strong></span> <span class='ocrx_word' id='word_1_870' title='bbox 1911 2519 1992 2544; x_wconf 77' lang='lat' dir='ltr'><strong>Liber</strong></span> 
     </span>
     <span class='ocr_line' id='line_1_76' title="bbox 1089 2559 1936 2595; baseline 0.004 -11"><span class='ocrx_word' id='word_1_871' title='bbox 1089 2559 1264 2591; x_wconf 69' lang='lat' dir='ltr'><strong>confratrum</strong></span> <span class='ocrx_word' id='word_1_872' title='bbox 1282 2561 1314 2585; x_wconf 75' lang='lat' dir='ltr'><strong>at</strong></span> <span class='ocrx_word' id='word_1_873' title='bbox 1331 2561 1359 2586; x_wconf 89' lang='lat' dir='ltr'><strong>S.</strong></span> <span class='ocrx_word' id='word_1_874' title='bbox 1378 2561 1477 2586; x_wconf 71' lang='lat' dir='ltr'><strong>Moneo</strong></span> <span class='ocrx_word' id='word_1_875' title='bbox 1495 2562 1527 2586; x_wconf 75' lang='lat' dir='ltr'><strong>di</strong></span> <span class='ocrx_word' id='word_1_876' title='bbox 1543 2561 1661 2593; x_wconf 77' lang='lat' dir='ltr'><strong>Salerno,</strong></span> <span class='ocrx_word' id='word_1_877' title='bbox 1683 2568 1744 2594; x_wconf 78' lang='lat'><strong>223,</strong></span> <span class='ocrx_word' id='word_1_878' title='bbox 1763 2570 1784 2586; x_wconf 87' lang='lat' dir='ltr'><strong>r.</strong></span> <span class='ocrx_word' id='word_1_879' title='bbox 1804 2569 1819 2594; x_wconf 87' lang='lat'><strong>3</strong></span> <span class='ocrx_word' id='word_1_880' title='bbox 1839 2569 1854 2587; x_wconf 94' lang='lat' dir='ltr'><strong>e</strong></span> <span class='ocrx_word' id='word_1_881' title='bbox 1874 2562 1936 2595; x_wconf 88' lang='lat'><strong>369.</strong></span> 
     </span>
    </p>

    <p class='ocr_par' dir='ltr' id='par_1_23' title="bbox 1085 2600 2054 2808">
     <span class='ocr_line' id='line_1_77' title="bbox 1174 2600 1987 2639; baseline 0.004 -12"><span class='ocrx_word' id='word_1_882' title='bbox 1174 2600 1187 2618; x_wconf 78' lang='lat'>⁸</span> <span class='ocrx_word' id='word_1_883' title='bbox 1205 2602 1276 2628; x_wconf 85' lang='lat' dir='ltr'><strong>Pare</strong></span> <span class='ocrx_word' id='word_1_884' title='bbox 1294 2602 1345 2628; x_wconf 81' lang='lat' dir='ltr'><strong>che</strong></span> <span class='ocrx_word' id='word_1_885' title='bbox 1364 2603 1395 2628; x_wconf 90' lang='grc'><strong>111</strong></span> <span class='ocrx_word' id='word_1_886' title='bbox 1409 2605 1509 2636; x_wconf 89' lang='lat' dir='ltr'><strong>questo</strong></span> <span class='ocrx_word' id='word_1_887' title='bbox 1523 2605 1620 2637; x_wconf 83' lang='lat' dir='ltr'><strong>tempo</strong></span> <span class='ocrx_word' id='word_1_888' title='bbox 1634 2603 1706 2636; x_wconf 86' lang='lat' dir='ltr'><strong>(dec.</strong></span> <span class='ocrx_word' id='word_1_889' title='bbox 1727 2603 1803 2638; x_wconf 82' lang='lat'><strong>1138,</strong></span> <span class='ocrx_word' id='word_1_890' title='bbox 1818 2606 1904 2639; x_wconf 81' lang='lat' dir='ltr'><strong>primi</strong></span> <span class='ocrx_word' id='word_1_891' title='bbox 1918 2606 1987 2630; x_wconf 83' lang='lat' dir='ltr'><strong>mesi</strong></span> 
     </span>
     <span class='ocr_line' id='line_1_78' title="bbox 1086 2643 2054 2680; baseline 0.004 -11"><span class='ocrx_word' id='word_1_892' title='bbox 1086 2643 1233 2670; x_wconf 79' lang='lat' dir='ltr'><strong>deu’anno</strong></span> <span class='ocrx_word' id='word_1_893' title='bbox 1252 2645 1398 2678; x_wconf 82' lang='lat' dir='ltr'><strong>seguente)</strong></span> <span class='ocrx_word' id='word_1_894' title='bbox 1417 2652 1502 2678; x_wconf 81' lang='lat' dir='ltr'><strong>possa</strong></span> <span class='ocrx_word' id='word_1_895' title='bbox 1521 2646 1672 2671; x_wconf 71' lang='lat' dir='ltr'><strong>collocat-si</strong></span> <span class='ocrx_word' id='word_1_896' title='bbox 1693 2646 1721 2670; x_wconf 88' lang='lat' dir='ltr'><strong>la</strong></span> <span class='ocrx_word' id='word_1_897' title='bbox 1738 2649 1815 2672; x_wconf 71' lang='lat' dir='ltr'><strong>carta</strong></span> <span class='ocrx_word' id='word_1_898' title='bbox 1826 2646 1945 2680; x_wconf 70' lang='lat' dir='ltr'><strong>judicati</strong></span> <span class='ocrx_word' id='word_1_899' title='bbox 1956 2647 1987 2672; x_wconf 84' lang='grc'><strong>111</strong></span> <span class='ocrx_word' id='word_1_900' title='bbox 2020 2654 2054 2680; x_wconf 81' lang='lat'><strong>50</strong></span> 
     </span>
     <span class='ocr_line' id='line_1_79' title="bbox 1085 2686 1988 2721; baseline 0.002 -9"><span class='ocrx_word' id='word_1_901' title='bbox 1085 2694 1181 2720; x_wconf 84' lang='lat' dir='ltr'><strong>greco,</strong></span> <span class='ocrx_word' id='word_1_902' title='bbox 1202 2687 1279 2712; x_wconf 83' lang='lat' dir='ltr'><strong>coila</strong></span> <span class='ocrx_word' id='word_1_903' title='bbox 1298 2688 1381 2720; x_wconf 78' lang='lat' dir='ltr'><strong>quale</strong></span> <span class='ocrx_word' id='word_1_904' title='bbox 1393 2687 1539 2721; x_wconf 86' lang='lat' dir='ltr'><strong>Ruggiero</strong></span> <span class='ocrx_word' id='word_1_905' title='bbox 1552 2688 1578 2712; x_wconf 92' lang='lat'><strong>11</strong></span> <span class='ocrx_word' id='word_1_906' title='bbox 1592 2686 1677 2713; x_wconf 76' lang='lat' dir='ltr'><strong>defini</strong></span> <span class='ocrx_word' id='word_1_907' title='bbox 1692 2688 1719 2713; x_wconf 86' lang='lat' dir='ltr'><strong>la</strong></span> <span class='ocrx_word' id='word_1_908' title='bbox 1734 2689 1787 2714; x_wconf 84' lang='lat' dir='ltr'><strong>lite</strong></span> <span class='ocrx_word' id='word_1_909' title='bbox 1801 2689 1844 2714; x_wconf 81' lang='lat' dir='ltr'><strong>fra</strong></span> <span class='ocrx_word' id='word_1_910' title='bbox 1858 2689 1988 2714; x_wconf 84' lang='lat' dir='ltr'><strong>Barnaba</strong></span> 
     </span>
     <span class='ocr_line' id='line_1_80' title="bbox 1087 2729 1988 2764; baseline 0.003 -10"><span class='ocrx_word' id='word_1_911' title='bbox 1087 2730 1310 2755; x_wconf 69' lang='lat' dir='ltr'><strong>archimandrita</strong></span> <span class='ocrx_word' id='word_1_912' title='bbox 1322 2730 1353 2755; x_wconf 90' lang='lat' dir='ltr'><strong>di</strong></span> <span class='ocrx_word' id='word_1_913' title='bbox 1366 2730 1393 2755; x_wconf 91' lang='lat' dir='ltr'><strong>S.</strong></span> <span class='ocrx_word' id='word_1_914' title='bbox 1408 2729 1533 2764; x_wconf 83' lang='lat' dir='ltr'><strong>Giorglo</strong></span> <span class='ocrx_word' id='word_1_915' title='bbox 1546 2731 1575 2756; x_wconf 83' lang='lat' dir='ltr'><strong>di</strong></span> <span class='ocrx_word' id='word_1_916' title='bbox 1591 2730 1735 2761; x_wconf 65' lang='lat' dir='ltr'><strong>Trfflcaia,</strong></span> <span class='ocrx_word' id='word_1_917' title='bbox 1750 2739 1847 2764; x_wconf 84' lang='lat' dir='ltr'><strong>presso</strong></span> <span class='ocrx_word' id='word_1_918' title='bbox 1860 2731 1988 2763; x_wconf 80' lang='lat' dir='ltr'><strong>Sciaccs,</strong></span> 
     </span>
     <span class='ocr_line' id='line_1_81' title="bbox 1086 2772 1930 2808; baseline 0.004 -11"><span class='ocrx_word' id='word_1_919' title='bbox 1086 2779 1102 2797; x_wconf 88' lang='lat' dir='ltr'><strong>e</strong></span> <span class='ocrx_word' id='word_1_920' title='bbox 1120 2772 1256 2798; x_wconf 86' lang='lat' dir='ltr'><strong>Bertoido</strong></span> <span class='ocrx_word' id='word_1_921' title='bbox 1275 2780 1400 2798; x_wconf 81' lang='lat' dir='ltr'><strong>vescovo</strong></span> <span class='ocrx_word' id='word_1_922' title='bbox 1419 2773 1450 2798; x_wconf 81' lang='lat' dir='ltr'><strong>di</strong></span> <span class='ocrx_word' id='word_1_923' title='bbox 1470 2772 1614 2806; x_wconf 74' lang='lat' dir='ltr'><strong>GIrgent1‚</strong></span> <span class='ocrx_word' id='word_1_924' title='bbox 1634 2773 1763 2803; x_wconf 62' lang='lat' dir='ltr'><strong>casua,</strong></span> <span class='ocrx_word' id='word_1_925' title='bbox 1786 2774 1849 2808; x_wconf 71' lang='lat' dir='ltr'><strong>Reg.</strong></span> <span class='ocrx_word' id='word_1_926' title='bbox 1872 2781 1930 2800; x_wconf 80' lang='lat'><strong>121.</strong></span> 
     </span>
    </p>

    <p class='ocr_par' dir='ltr' id='par_1_24' title="bbox 1088 2813 2052 2890">
     <span class='ocr_line' id='line_1_82' title="bbox 1173 2813 1988 2851; baseline 0.001 -11"><span class='ocrx_word' id='word_1_927' title='bbox 1173 2813 1184 2831; x_wconf 82' lang='lat'><strong>⁹</strong></span> <span class='ocrx_word' id='word_1_928' title='bbox 1204 2814 1357 2841; x_wconf 84' lang='lat' dir='ltr'><strong>Gaiiucclo</strong></span> <span class='ocrx_word' id='word_1_929' title='bbox 1376 2817 1486 2841; x_wconf 79' lang='lat' dir='ltr'><strong>situata</strong></span> <span class='ocrx_word' id='word_1_930' title='bbox 1506 2816 1552 2840; x_wconf 88' lang='lat' dir='ltr'><strong>nel</strong></span> <span class='ocrx_word' id='word_1_931' title='bbox 1573 2815 1767 2842; x_wconf 82' lang='lat' dir='ltr'><strong>Circondario</strong></span> <span class='ocrx_word' id='word_1_932' title='bbox 1786 2825 1801 2842; x_wconf 89' lang='lat' dir='ltr'><strong>e</strong></span> <span class='ocrx_word' id='word_1_933' title='bbox 1828 2818 1904 2843; x_wconf 87' lang='lat' dir='ltr'><strong>nella</strong></span> <span class='ocrx_word' id='word_1_934' title='bbox 1923 2826 1988 2851; x_wconf 87' lang='lat' dir='ltr'><strong>pro-</strong></span> 
     </span>
     <span class='ocr_line' id='line_1_83' title="bbox 1088 2857 2052 2890; baseline 0.003 -8"><span class='ocrx_word' id='word_1_935' title='bbox 1088 2858 1187 2883; x_wconf 68' lang='lat' dir='ltr'><strong>vIncia</strong></span> <span class='ocrx_word' id='word_1_936' title='bbox 1207 2858 1236 2883; x_wconf 83' lang='lat' dir='ltr'><strong>di</strong></span> <span class='ocrx_word' id='word_1_937' title='bbox 1257 2857 1385 2883; x_wconf 69' lang='lat' dir='ltr'><strong>Canen-ta.</strong></span> <span class='ocrx_word' id='word_1_938' title='bbox 2019 2864 2052 2890; x_wconf 83' lang='lat'><strong>55</strong></span> 
     </span>
    </p>

    <p class='ocr_par' dir='ltr' id='par_1_25' title="bbox 1089 2898 1988 2976">
     <span class='ocr_line' id='line_1_84' title="bbox 1177 2898 1988 2935; baseline 0.001 -9"><span class='ocrx_word' id='word_1_939' title='bbox 1177 2898 1199 2916; x_wconf 87' lang='lat'><strong>¹⁰</strong></span> <span class='ocrx_word' id='word_1_940' title='bbox 1218 2900 1264 2926; x_wconf 89' lang='lat' dir='ltr'><strong>Cs.</strong></span> <span class='ocrx_word' id='word_1_941' title='bbox 1279 2899 1599 2933; x_wconf 57' lang='lat' dir='ltr'><strong>hasa-Loswsmvsw,</strong></span> <span class='ocrx_word' id='word_1_942' title='bbox 1613 2909 1661 2927; x_wconf 89' lang='lat' dir='ltr'><strong>nn.</strong></span> <span class='ocrx_word' id='word_1_943' title='bbox 1680 2902 1751 2935; x_wconf 87' lang='lat'>8040</span> <span class='ocrx_word' id='word_1_944' title='bbox 1763 2910 1778 2927; x_wconf 92' lang='lat' dir='ltr'><strong>e</strong></span> <span class='ocrx_word' id='word_1_945' title='bbox 1791 2902 1876 2935; x_wconf 75' lang='lat'><strong>8041:</strong></span> <span class='ocrx_word' id='word_1_946' title='bbox 1892 2903 1988 2928; x_wconf 63' lang='lat' dir='ltr'><strong>Fatco</strong></span> 
     </span>
     <span class='ocr_line' id='line_1_85' title="bbox 1089 2942 1555 2976; baseline 0.002 -9"><span class='ocrx_word' id='word_1_947' title='bbox 1089 2942 1342 2972; x_wconf 71' lang='lat' dir='ltr'><strong>Banvammus.</strong></span> <span class='ocrx_word' id='word_1_948' title='bbox 1363 2951 1389 2975; x_wconf 91' lang='lat' dir='ltr'><strong>p.</strong></span> <span class='ocrx_word' id='word_1_949' title='bbox 1410 2948 1459 2975; x_wconf 81' lang='grc'><strong>245</strong></span> <span class='ocrx_word' id='word_1_950' title='bbox 1481 2951 1495 2967; x_wconf 87' lang='lat' dir='ltr'><strong>e</strong></span> <span class='ocrx_word' id='word_1_951' title='bbox 1514 2951 1555 2976; x_wconf 80' lang='lat' dir='ltr'><strong>sg.</strong></span> 
     </span>
    </p>

    <p class='ocr_par' dir='ltr' id='par_1_26' title="bbox 1089 2983 1988 3064">
     <span class='ocr_line' id='line_1_86' title="bbox 1177 2983 1986 3019; baseline 0.002 -9"><span class='ocrx_word' id='word_1_952' title='bbox 1177 2983 1198 3001; x_wconf 86' lang='lat'><strong>¹¹</strong></span> <span class='ocrx_word' id='word_1_953' title='bbox 1210 2984 1243 3010; x_wconf 90' lang='lat' dir='ltr'><strong>In</strong></span> <span class='ocrx_word' id='word_1_954' title='bbox 1258 2987 1371 3019; x_wconf 77' lang='lat' dir='ltr'><strong>seguIto</strong></span> <span class='ocrx_word' id='word_1_955' title='bbox 1384 2985 1444 3010; x_wconf 83' lang='lat' dir='ltr'><strong>alia</strong></span> <span class='ocrx_word' id='word_1_956' title='bbox 1458 2987 1570 3011; x_wconf 75' lang='lat' dir='ltr'><strong>cattum</strong></span> <span class='ocrx_word' id='word_1_957' title='bbox 1583 2985 1612 3011; x_wconf 89' lang='lat' dir='ltr'><strong>di</strong></span> <span class='ocrx_word' id='word_1_958' title='bbox 1627 2986 1790 3012; x_wconf 89' lang='lat' dir='ltr'><strong>Innocenzo</strong></span> <span class='ocrx_word' id='word_1_959' title='bbox 1803 2987 1829 3011; x_wconf 84' lang='lat'><strong>11</strong></span> <span class='ocrx_word' id='word_1_960' title='bbox 1843 2995 1896 3012; x_wconf 92' lang='lat' dir='ltr'><strong>con</strong></span> <span class='ocrx_word' id='word_1_961' title='bbox 1912 2989 1986 3013; x_wconf 86' lang='lat' dir='ltr'><strong>tutta</strong></span> 
     </span>
     <span class='ocr_line' id='line_1_87' title="bbox 1089 3027 1988 3064; baseline 0.003 -12"><span class='ocrx_word' id='word_1_962' title='bbox 1089 3027 1116 3052; x_wconf 83' lang='lat' dir='ltr'><strong>la</strong></span> <span class='ocrx_word' id='word_1_963' title='bbox 1136 3034 1185 3053; x_wconf 81' lang='lat' dir='ltr'><strong>sua</strong></span> <span class='ocrx_word' id='word_1_964' title='bbox 1205 3029 1283 3053; x_wconf 82' lang='lat' dir='ltr'><strong>corte</strong></span> <span class='ocrx_word' id='word_1_965' title='bbox 1300 3036 1315 3054; x_wconf 87' lang='lat' dir='ltr'><strong>e</strong></span> <span class='ocrx_word' id='word_1_966' title='bbox 1335 3028 1357 3053; x_wconf 85' lang='lat'><strong>11</strong></span> <span class='ocrx_word' id='word_1_967' title='bbox 1370 3029 1466 3053; x_wconf 84' lang='lat' dir='ltr'><strong>tesoro</strong></span> <span class='ocrx_word' id='word_1_968' title='bbox 1481 3030 1625 3055; x_wconf 80' lang='lat' dir='ltr'><strong>avvenuta</strong></span> <span class='ocrx_word' id='word_1_969' title='bbox 1638 3029 1661 3055; x_wconf 81' lang='lat'><strong>11</strong></span> <span class='ocrx_word' id='word_1_970' title='bbox 1675 3035 1708 3055; x_wconf 89' lang='grc'><strong>22</strong></span> <span class='ocrx_word' id='word_1_971' title='bbox 1722 3029 1823 3063; x_wconf 77' lang='lat' dir='ltr'><strong>iuglio,</strong></span> <span class='ocrx_word' id='word_1_972' title='bbox 1839 3031 1881 3056; x_wconf 86' lang='lat' dir='ltr'><strong>tre</strong></span> <span class='ocrx_word' id='word_1_973' title='bbox 1894 3032 1988 3064; x_wconf 82' lang='lat' dir='ltr'><strong>glornl</strong></span> 
     </span>
    </p>
   </div>
  </div>
 </body>
</html>
