2398 3470
9 2485 30 2515 ,v
83 2494 113 2522 ις

30 2708 115 2727 2ο

147 220 199 256 [ιι
218 221 252 249 c.
273 221 367 256 11⁷7]

732 215 1018 252 ROMUALD1
1046 215 1392 254 SALERNITAN
1395 216 1411 252 1

148 337 271 372 Altera
293 345 409 373 autem
433 340 490 372 die
513 339 584 373 dux
606 340 757 373 Uenetie
781 350 862 373 cum
883 349 1009 384 magna
1032 340 1171 373 nauium
1195 346 1231 374 et
1252 339 1374 383 populi
1396 339 1628 377 multitudine,
1651 345 1686 372 et
1708 339 1907 382 patriarcha
1924 340 1994 373 Ue-

149 392 242 425 netie
265 392 366 425 simul
390 403 468 426 cum
491 393 690 436 patriarcha
711 392 878 437 Aquileie
902 399 936 426 et
959 393 1116 427 omnibus
1139 394 1209 427 suis
1232 393 1462 437 suffraganeis
1483 393 1530 426 ad
1552 393 1661 436 pedes
1682 392 1875 426 Alexandri
1898 403 1990 436 pape

149 444 324 478 humiliter
345 445 565 484 accedentes,
587 446 701 489 ipsum
730 445 1033 489 processionaliter
1064 457 1141 479 cum
1165 456 1296 479 summo
1327 446 1460 479 honore
1483 450 1519 479 et
1541 445 1651 489 gloria
1681 455 1790 489 usque
1814 445 1859 480 ad
1881 446 1992 479 sancti

151 495 266 531 Marci
290 498 477 531 ecclesiam
500 498 731 538 deduxerunt,
746 499 782 531 in
797 509 866 542 qua
881 499 976 532 facta
998 499 1158 532 oratione
1174 499 1340 542 populum
1364 498 1553 532 benedixit.
1598 499 1735 532 Dehinc
1752 510 1875 532 nauem
1891 499 1991 532 ducis

105 549 124 582 5
148 560 228 584 cum
249 550 326 593 ipso
349 551 449 584 simul
473 551 658 596 ingressus,
675 562 784 595 usque
799 552 846 584 ad
861 551 1028 595 palatium
1051 552 1250 595 patriarche
1272 552 1431 592 ueniens,
1446 552 1574 595 inipso
1589 552 1742 595 hospitio
1766 564 1801 586 se
1825 553 1960 596 recepit
1971 553 1991 585 ¹.

149 603 317 646 Episcopi
340 611 455 638 autem
479 611 515 638 et
530 604 673 638 abbates
688 605 882 638 uicinarum
898 605 1059 648 partium,
1082 604 1234 638 aduentu
1248 615 1340 648 pape
1365 605 1517 649 cognito,
1533 615 1650 639 omnes
1674 616 1753 638 cum
1768 606 1839 639 suis
1855 606 1991 639 clericis

146 656 192 689 ad
215 656 292 689 eius
313 658 462 702 uestigia
484 658 611 691 deuote
634 657 694 701 [et]
717 658 892 691 humiliter
923 663 1150 691 accesserunt.
1196 658 1237 691 In
1260 659 1351 691 festo
1374 664 1487 691 autem
1510 659 1781 693 annuntiationis
1811 659 1990 703 Uirginis²

146 719 239 753 papa
262 721 282 743 a
305 711 395 743 duce
418 710 571 744 Uenetie
595 716 630 744 et
652 711 870 755 magnatibus
894 711 968 743 eius
990 711 1184 743 affectuose
1208 717 1349 754 rogatus
1371 712 1418 744 ad
1441 711 1625 744 ecclesiam
1648 712 1759 745 sancti
1776 711 1890 746 Marci
1915 723 1991 746 cum

28 817 126 848 10

145 762 379 797 cardinalibus
402 764 471 797 suis
495 765 656 805 accessit,
680 770 715 798 et
736 764 772 797 in
796 775 838 797 ea
860 764 997 797 missam
1019 763 1160 807 publice
1184 764 1395 797 decantauit.

236 816 437 850 Fridericus
459 823 573 850 autem
589 817 786 860 imperator,
802 817 861 861 qui
876 816 986 860 apud'
1009 817 1162 850 Cesenas
1185 817 1393 856 morabatur,
1411 829 1488 851 cum
1504 819 1690 852 aduentum
1714 830 1804 862 pape
1821 820 1857 851 in
1873 819 1991 852 Uene—

145 869 202 903 tiis
217 872 450 914 cognouisset,
474 870 791 915 Madeburgensem
813 871 1112 914 archiepiscopum
1129 876 1163 904 et
1180 870 1328 904 electum
1345 871 1650 905 Guarmaciensem
1668 878 1703 906 et
1718 873 1990 915 protonotarium

145 933 244 956 suum
274 924 319 956 ad
343 934 422 957 eum
452 924 649 964 transmisit,
679 925 873 958 affectuose
903 924 1092 967 postulans,
1116 930 1165 964 ut,
1196 924 1223 958 si
1247 924 1281 957 ei
1313 925 1476 968 placeret,
1506 925 1621 958 locum
1645 925 1754 959 futuri
1784 926 1949 970 colloquii
1972 939 1992 959 a

146 975 307 1010 Bononia
322 983 567 1011 transmutaret
579 977 608 1016 ³3
626 988 697 1010 non
712 978 803 1011 enim
819 977 884 1011 sibi
901 983 1011 1011 tutum
1026 977 1104 1010 fore
1119 977 1364 1017 arbitrabatur,
1380 978 1614 1012 Christianum
1631 979 1879 1012 cancellarium
1895 991 1991 1013 suum

146 1040 225 1063 cum
241 1031 317 1064 aliis
334 1031 460 1064 nuntiis
475 1031 558 1064 illuc
582 1031 746 1075 dirigere,
762 1041 804 1064 eo
820 1030 915 1075 quod
930 1031 1088 1064 eiusdem
1113 1030 1181 1064 loci
1197 1031 1332 1065 ciuibus
1354 1031 1493 1065 odiosus
1517 1039 1607 1065 esset
1630 1032 1761 1075 pariter
1775 1039 1811 1065 et
1827 1034 1992 1073 offensus,

86 1083 124 1116 15
147 1084 228 1127 quia
251 1094 311 1117 eos
334 1085 370 1117 in
384 1084 478 1118 bello
503 1085 686 1118 deuicerat
699 1091 735 1118 et
749 1084 892 1117 iniurias
908 1084 1072 1127 plurimas
1088 1090 1123 1117 et
1139 1085 1289 1128 dampna
1305 1085 1478 1118 intulerat.

1525 1084 1662 1124 Quibus
1676 1096 1768 1129 papa
1792 1087 1989 1129 respondit:

152 1139 167 1155 “
180 1137 375 1180 Irnperator
397 1138 588 1182 legatorum
604 1143 797 1171 nostrorum
814 1143 848 1170 et
862 1136 1138 1171 Lombardorum
1161 1138 1320 1176 consilio,
1342 1139 1518 1171 communi
1539 1139 1669 1182 pariter
1683 1145 1719 1172 et
1734 1150 1885 1178 assensu,
1901 1146 1991 1173 trac-

152 1192 289 1224 “tatum
311 1191 408 1234 pacis
431 1191 525 1234 apud
548 1189 739 1224 Bononiam
762 1190 892 1224 habere
915 1191 1094 1234 disposuit,
1118 1192 1212 1234 quod
1235 1201 1320 1236 ergo
1336 1192 1381 1225 de
1405 1202 1523 1225 eorum
1547 1193 1722 1226 communi
1744 1193 1923 1226 uoluntate
1941 1200 1991 1226 est

153 1244 395 1287 “dispositum,
417 1255 488 1278 non
511 1244 619 1278 debet
642 1244 716 1277 sine
740 1243 915 1277 communi
938 1244 1084 1277 consilio
1106 1244 1307 1287 immutari„
1322 1244 1345 1278 ⁴.

1392 1244 1474 1284 Qua
1489 1245 1534 1278 de
1551 1255 1656 1279 causa
1679 1245 1881 1279 Alexander
1897 1258 1990 1290 papa

148 1297 395 1338 cardinalibus,
417 1298 477 1341 qui
499 1304 598 1331 erant
619 1298 802 1337 Rauenne,
826 1297 1112 1341 archiepiscopis,
1134 1297 1308 1342 episcopis
1329 1304 1365 1331 et
1386 1298 1579 1339 abbatibus,
1603 1299 1842 1342 potestatibus,
1868 1310 1992 1334 consu-

79 1350 123 1384 20
145 1349 235 1383 libus
257 1355 292 1383 et
315 1350 508 1384 rectoribus
530 1350 740 1384 Lombardie
763 1351 953 1391 mandauit,
968 1356 1006 1384 ut
1022 1351 1055 1383 ei
1073 1351 1270 1384 Ferrariam
1286 1358 1521 1391 occurrerent,
1537 1352 1711 1396 quatinus,
1735 1354 1989 1388 communicato

145 1413 265 1437 eorum
288 1403 444 1443 consilio,
468 1402 671 1446 imperatori
694 1403 740 1436 de
763 1403 854 1444 loco,
877 1403 912 1435 in
935 1413 1005 1447 quo
1026 1402 1226 1437 habendum
1249 1409 1339 1437 esset
1360 1405 1457 1447 pacis
1480 1404 1700 1449 colloquium,
1717 1411 1752 1439 et
1767 1405 1812 1439 de
1827 1405 1904 1440 aliis
1919 1407 1989 1440 suis

144 1456 373 1500 petitionibus
401 1457 642 1500 responderet.
688 1457 766 1500 Ipse
789 1467 874 1490 uero
897 1467 976 1490 cum
1005 1457 1166 1490 Uenetiis
1189 1457 1312 1491 diebus
1341 1464 1433 1491 esset
1455 1458 1655 1502 quindecim
1686 1459 1895 1499 demoratus,
1926 1471 1991 1504 per

146 1520 241 1543 mare
264 1510 452 1544 Lauretum
475 1510 580 1548 uenit,
605 1509 733 1543 dehinc
756 1521 820 1553 per
842 1510 975 1544 Padum
999 1511 1194 1543 Ferrariam
1217 1521 1295 1543 cum
1327 1511 1437 1555 galeis
1459 1510 1622 1545 undecim
1645 1513 1682 1545 in
1706 1513 1881 1547 dominica
1910 1524 1990 1556 pas-

32 1595 33 1598 ,
146 1562 250 1597 sionis
272 1563 432 1597 ascendit
443 1562 466 1596 ⁸.
512 1563 584 1596 Ubi
606 1563 651 1596 ab
667 1563 841 1607 episcopis
863 1563 977 1597 multis
993 1569 1028 1596 et
1051 1563 1205 1597 eiusdem
1227 1563 1322 1598 urbis
1346 1564 1481 1598 ciuibus
1503 1570 1539 1598 et
1554 1575 1680 1609 magna
1703 1566 1823 1609 populi
1837 1567 1990 1600 multitu-

81 1616 122 1649 25
147 1616 242 1656 dine,
258 1627 325 1660 que
341 1616 425 1650 illuc
441 1622 584 1660 propter
599 1616 722 1649 feriam
735 1615 757 1655 ⁸,
781 1626 848 1660 que
870 1617 953 1650 illuc
977 1616 1227 1656 celebrabatur,
1250 1624 1473 1656 conuenerat,
1497 1619 1579 1652 satis
1595 1624 1647 1651 est
1669 1619 1851 1664 magnifice
1875 1626 1910 1653 et
1924 1621 1990 1653 ho-

19 1667 22 1675 *
146 1677 242 1703 ueste
264 1676 454 1713 susceptus.
501 1669 664 1703 Proxima
686 1669 787 1703 uero'
817 1670 1008 1713 septimana
1032 1670 1219 1704 Rauennae
1242 1671 1519 1714 archieriscopus
1543 1683 1621 1704 cum
1645 1673 1714 1705 suis
1745 1673 1989 1718 suffraganeis,

238 1835 260 1854 1.
281 1828 402 1853 Venecie
421 1828 445 1852 A
465 1841 497 1846 —
520 1834 568 1852 1-2.
589 1828 711 1854 Venecie
730 1829 754 1853 Α
774 1841 808 1846 -
827 1833 852 1860 5.
871 1836 967 1861 msque
987 1830 1011 1853 C
1026 1829 1057 1853 da·
1067 1829 1160 1862 priua
1178 1837 1267 1858 mano,
1285 1836 1348 1855 raso
1367 1838 1380 1854 s
1398 1833 1514 1855 corretto
1532 1843 1544 1849 -
1563 1831 1706 1863 palacium
1727 1832 1773 1855 Ce
1786 1832 1900 1858 Arndt-
1914 1833 1989 1866 ospi-

146 1872 194 1896 cio
215 1870 240 1895 C
254 1878 269 1894 a
289 1870 380 1897 Arndt
397 1883 430 1888 —
449 1869 474 1895 6.
494 1871 620 1903 parcium
641 1871 665 1895 C
682 1879 696 1894 e
714 1871 806 1895 Arndt
823 1885 855 1890 -
875 1877 899 1904 7.
917 1873 946 1896 et
964 1879 1055 1896 muca
1075 1872 1099 1897 C
1115 1884 1127 1890 -
1147 1873 1385 1897 annunciationis
1407 1873 1431 1897 C
1447 1885 1457 1891 -
1477 1873 1616 1906 virginee
1636 1873 1660 1898 C
1678 1887 1710 1892 —
1730 1873 1755 1899 8.
1774 1874 1896 1900 Venecie
1913 1874 1937 1899 A
1957 1889 1989 1893 —

148 1918 235 1938 ιο-ιι.
254 1913 388 1938 Veneciis
407 1912 433 1937 A
453 1926 485 1931 —-
509 1919 547 1937 11.
568 1912 802 1938 Guarmacensem
824 1913 863 1942 A;
884 1913 1135 1938 Warmarciensem
1152 1913 1290 1939 Cd'alerae
1301 1922 1378 1939 mano
1395 1921 1443 1940 con
1461 1915 1606 1940 tuckfostro
1623 1915 1738 1942 sbiadito
1760 1931 1790 1935 —
1814 1924 1854 1949 ¹4·
1874 1919 1990 1942 nunciis

149 1955 173 1980 C
188 1963 204 1979 ε
222 1955 314 1981 Arndt
333 1969 365 1974 —
386 1961 427 1980 22.
447 1955 578 1980 Veneciis
599 1956 623 1980 C
638 1964 653 1979 e
671 1955 762 1980 Arndt

101 2072 114 2098 ς
143 2064 157 2079 “
169 2065 325 2091 nasterium
345 2066 437 2092 sancti
457 2066 589 2099 Nycolai,
602 2068 691 2092 situm
705 2067 734 2091 in
751 2067 877 2091 saucibus
892 2067 962 2092 Rivi
976 2067 1037 2098 alti,

141 2108 155 2122 ⁴¹
166 2115 230 2133 cum
252 2108 332 2133 omni
358 2108 516 2139 alacritate,
534 2109 661 2134 Domino
680 2109 847 2141 auxillante,
874 2111 1006 2143 pervenit
1016 2127 1038 2142 ‚.

231 2149 240 2167 ¹
263 2150 349 2182 Insa,
370 2151 424 2176 loc.
445 2153 511 2176 cit.:
535 2151 648 2177 “Anno
672 2153 761 2184 igitur
786 2153 828 2177 sui
857 2152 1039 2184 pontificatus

144 2192 270 2223 “xvm,
290 2201 368 2219 nono
389 2194 445 2219 kal.
471 2194 589 2227 caprilis
614 2193 660 2227 (24
679 2194 794 2226 marzo),
820 2194 980 2219 indictione
1005 2194 1037 2226 Χ,

144 2234 267 2263 “beatus
280 2236 444 2261 Alexander
462 2243 536 2270 papa
550 2244 612 2261 cum
627 2237 739 2270 ingenti
753 2236 973 2262 honorificentia
988 2237 1038 2261 Ve-

83 2287 116 2306 10
143 2275 262 2303 “notras
274 2279 397 2311 primum
416 2278 546 2310 intravit,
567 2281 731 2304 occurrente
750 2279 805 2303 sibi
826 2278 896 2304 duce
915 2287 977 2304 cum
990 2286 1039 2312 pa-

143 2318 272 2346 “triarca
296 2322 326 2346 et
343 2321 485 2355 episcopis
505 2328 535 2346 sc
556 2321 703 2346 nobilibus
723 2329 785 2346 cum
809 2321 886 2346 clero
906 2322 935 2346 ln
959 2323 1038 2347 varis

142 2362 251 2387 “navis
275 2363 304 2387 et
323 2363 442 2395 copiosa
461 2362 655 2387 multitudine.
692 2362 733 2387 Eo
752 2364 844 2388 autem
872 2364 902 2387 in
927 2363 1038 2396 palatio

142 2403 328 2438 “patriarche
347 2412 430 2437 super
448 2403 524 2430 Rivo
544 2405 604 2430 alto
630 2405 887 2431 descendente....
898 2423 923 2438 ,,.
959 2406 1037 2432 cus·

140 2452 272 2476 Lamon.
291 2451 332 2479 op.
351 2447 405 2476 cit„
423 2447 459 2477 11,
478 2455 505 2481 p.
525 2447 584 2480 380,
604 2455 653 2480 per
671 2455 763 2473 errore
783 2447 861 2473 dice:
882 2455 916 2481 ²9
934 2455 1036 2474 marzo.

140 2487 187 2514 Cf.
204 2489 329 2514 Historia
342 2490 435 2515 ducum
461 2490 530 2521 γεω,
553 2490 582 2514 ἰη
603 2490 644 2515 ΔΙ.
668 2490 700 2515 G.
722 2491 758 2515 H.
780 2490 840 2519 SS..
859 2490 933 2522 xlv,
947 2499 974 2524 p.
987 2490 1036 2521 823

141 2532 261 2557 Annales
279 2532 398 2564 pegam,
417 2532 447 2557 in
467 2533 508 2557 M.
531 2532 563 2557 G.
587 2533 622 2557 H.
643 2533 703 2564 SS.,
725 2532 798 2563 xv1.
817 2539 877 2559 201.

230 2571 242 2590 ⁸
261 2573 348 2604 Boso,
367 2574 452 2599 Liber
471 2575 585 2608 Pontffl,
607 2583 632 2608 p.
652 2575 718 2607 4382
741 2575 880 2601 “Interim
896 2583 961 2601 vero
974 2584 1036 2601 cum

143 2617 157 2630 “
169 2617 250 2641 turbe
276 2616 364 2642 multe
382 2617 525 2642 irruerent
543 2618 579 2642 ad
597 2624 661 2642 eum
681 2618 714 2642 de
733 2619 946 2651 circumpositis
965 2619 1038 2644 civi·

141 2656 274 2692 “itatibus
293 2659 449 2684 multitudo
469 2659 610 2684 nobilium
624 2662 788 2693 properaret
801 2661 836 2685 ad
851 2662 912 2686 eius
924 2669 1035 2694 presen-

143 2700 247 2730 “tiam.
266 2703 298 2726 ut
311 2702 442 2727 viderent
457 2702 539 2727 illum
553 2704 581 2728 et
600 2702 733 2728 audirent
751 2704 886 2735 tanquam
903 2705 1035 2738 angelum

143 2743 156 2757 ⁶
166 2743 220 2768 Dei
235 2744 361 2775 missum,
374 2743 493 2777 dignum
506 2745 590 2770 duxit
603 2746 635 2770 ut
648 2746 676 2770 in
684 2745 808 2776 proxima
821 2746 961 2776 dominica.
981 2755 1035 2780 qua

142 2784 156 2798 ‘¹
167 2786 299 2812 cantatur
317 2787 418 2811 Latara
441 2787 620 2818 Hierusalem,
641 2787 676 2812 ad
695 2787 843 2813 ecclesiam
858 2788 933 2814 besti
946 2789 1035 2814 Marci

142 2827 340 2861 “sollempnia
366 2829 515 2854 missarum
541 2829 730 2854 celebraturus
756 2830 932 2862 accederet„.
982 2831 1033 2856 Nel

142 2874 218 2902 1177.
233 2869 255 2894 ll
276 2874 308 2901 25
328 2877 426 2895 marzo
445 2869 532 2895 cadde
551 2870 582 2895 dl
596 2869 711 2895 venerdl
725 2878 740 2896 e
753 2871 781 2896 la
794 2871 943 2897 domenica
957 2880 1035 2905 pros-

139 2912 220 2940 slma,
240 2919 319 2937 come
338 2912 399 2937 dice
419 2912 502 2944 Boso,
522 2913 553 2938 fu
572 2913 594 2938 il
614 2919 656 2944 27.
693 2913 762 2939 Errs
782 2914 882 2946 quindl
903 2915 924 2939 ll
948 2914 1034 2940 War-

138 2958 257 2983 Tmen,
285 2954 344 2979 Vita
369 2954 526 2986 Alexandri,
554 2954 587 2986 11,
614 2962 673 2988 433.
694 2956 865 2989 riportando
893 2957 920 2982 la
947 2964 1034 2983 messa

141 2994 258 3021 solenne
278 2996 303 3021 sl
326 3003 340 3030 3
361 2996 460 3030 aprile.

32 2899 40 2954 ,4
79 2916 111 2944 ,ς

1181 2066 1192 2084 ³
1210 2067 1296 2099 Insa,
1322 2076 1350 2101 p.
1375 2073 1440 2101 437:
1468 2068 1705 2102 “....predictus
1737 2071 1988 2103 Magdeburgensis

1096 2109 1347 2144 “archiepiscopus
1366 2117 1428 2136 cum
1448 2111 1540 2136 electo
1560 2111 1764 2137 Warmaclensi
1792 2114 1820 2137 et
1845 2115 1987 2147 protono-

1096 2150 1193 2176 “tarlo
1213 2154 1389 2177 accesserunt
1407 2153 1443 2178 ad
1469 2161 1539 2185 eum,
1566 2154 1708 2179 dicentes:
1734 2154 1877 2180 Dominus
1891 2157 1988 2180 noster

1095 2193 1273 2226 “imperator
1291 2196 1392 2220 cuncta
1411 2203 1464 2227 que
1483 2197 1559 2221 inter
1577 2203 1630 2222 vos
1649 2198 1678 2221 et
1697 2204 1760 2221 eum
1774 2197 1808 2222 de
1821 2204 1889 2230 pace
1903 2198 1988 2222 nobis

1095 2235 1309 2262 “mediantibus
1330 2239 1452 2263 tractata
1472 2240 1539 2263 sunt
1563 2241 1591 2263 et
1617 2240 1780 2272 conscripta
1806 2241 1921 2272 paratus
1946 2243 1987 2264 est

1094 2278 1180 2304 “eum
1205 2280 1311 2312 gaudio
1337 2280 1506 2314 adimplere;
1532 2283 1575 2306 set
1604 2282 1632 2305 in
1662 2283 1781 2307 civitate
1809 2282 1987 2308 Bononiensi

1094 2320 1107 2334 “
1117 2328 1199 2354 quam
1219 2322 1279 2348 elus
1292 2323 1437 2356 principes
1452 2324 1538 2348 nimis
1548 2324 1654 2349 habent
1666 2326 1823 2357 suspectam
1840 2325 1987 2350 vobiscum

1094 2363 1107 2377 ‘⁴
1118 2365 1271 2391 convenite
1291 2366 1454 2392 nullatenus
1475 2368 1571 2400 potest
1581 2384 1605 2398 η.

1179 2405 1189 2421 ⁴
1207 2406 1292 2438 lom,
1304 2408 1359 2434 loc.
1370 2409 1434 2434 cit.:
1450 2408 1464 2423 “
1475 2408 1585 2438 Quibus
1599 2409 1731 2443 pontifex
1745 2411 1913 2435 constanter
1925 2412 1988 2436 sine

1092 2447 1195 2474 “mora
1214 2451 1376 2483 rospondit:
1397 2451 1454 2476 Diu
1474 2453 1517 2476 est
1535 2452 1612 2484 quod
1633 2451 1823 2477 medlantibus
1851 2453 1988 2477 fratribus

1092 2490 1106 2504 ¹⁴
1118 2492 1232 2517 nostrls.
1245 2511 1250 2518 .
1262 2512 1268 2518 .
1281 2512 1286 2518 .
1300 2501 1361 2518 cum
1376 2494 1546 2519 LombardIs
1561 2495 1716 2528 imperator
1730 2496 1867 2520 convenit
1881 2497 1912 2520 ut
1927 2496 1987 2528 ipse

1092 2532 1106 2547 ‘¹
1118 2535 1147 2558 in
1160 2533 1252 2560 Imola
1269 2537 1298 2560 et
1318 2542 1371 2560 nos
1391 2537 1421 2560 in
1442 2535 1574 2561 Bononia
1595 2536 1742 2561 debeamus
1762 2537 1868 2569 pariter
1885 2544 1987 2562 conve-

1093 2575 1193 2606 “nlre;
1213 2577 1334 2610 ideoque
1354 2585 1406 2603 nos
1425 2578 1529 2611 absque
1548 2577 1719 2603 Lombardis
1737 2580 1766 2603 et
1786 2579 1912 2604 consilio
1932 2580 1987 2604 sra-

1092 2617 1191 2644 “trum
1217 2621 1378 2645 nostrorum
1405 2622 1453 2652 qui
1480 2621 1555 2645 circa
1580 2622 1675 2654 partes
1700 2621 1831 2646 Bononio
1857 2623 1985 2647 nostrum

1092 2659 1312 2694 “prestolantur
1330 2663 1484 2688 adventum
1505 2663 1598 2688 locum
1619 2664 1711 2695 ipsum
1724 2665 1834 2689 mutare
1847 2671 1906 2689 non
1922 2672 1985 2697 pos-

1092 2703 1105 2716 “
1116 2711 1211 2730 sumus
1231 2713 1281 2730 nec
1300 2705 1434 2730 debemus
1444 2723 1468 2737 „-

1177 2745 1188 2761 ⁵
1206 2747 1292 2778 Iussa,
1311 2755 1339 2780 p.
1358 2747 1423 2780 438:
1443 2746 1551 2777 “Quod
1571 2749 1685 2773 verbum
1705 2750 1772 2781 qula
1793 2749 1895 2782 legatis
1917 2750 1986 2774 bene

1091 2788 1105 2802 “
1116 2789 1299 2823 complacuit,
1313 2797 1362 2825 ner
1375 2790 1550 2823 apostolicas
1565 2791 1675 2815 litteras
1689 2791 1831 2816 universis
1845 2793 1986 2824 episcopis

1091 2830 1105 2845 ⁸
1114 2833 1143 2857 et
1161 2833 1316 2858 rectoribus
1339 2833 1492 2858 civitatum
1507 2833 1678 2859 Lombsrdie
1692 2834 1842 2859 mandavit
1856 2837 1887 2859 ut
1900 2836 1926 2860 in
1941 2836 1985 2860 do-

1091 2872 1104 2886 “
1116 2875 1212 2900 mimica
1232 2875 1370 2900 Passionis
1383 2875 1430 2907 (ro
1442 2874 1545 2908 aprile)
1558 2875 1594 2900 ad
1607 2877 1668 2901 eius
1688 2877 1859 2909 presentiam
1876 2878 1904 2901 in
1918 2877 1987 2902 civi-

1088 2916 1101 2930 .
1114 2917 1173 2942 tate
1192 2915 1344 2950 (Fer-rarle)
1365 2919 1424 2950 ipsa
1444 2917 1505 2942 Deo
1526 2917 1639 2942 favente
1659 2918 1835 2944 conveniant
1846 2935 1871 2950 „.
1900 2928 1903 2930 ·

1177 2957 1188 2975 ⁶
1206 2959 1296 2989 Fer-la,
1307 2958 1370 2984 eloe
1382 2959 1403 2984 il
1417 2960 1512 2993 primo
1525 2961 1630 2992 giorno
1643 2960 1720 2985 della
1733 2962 1895 2986 settimana.
1928 2960 1985 2990 Qui

1089 3001 1153 3026 vale
1174 3001 1200 3026 ls
1221 3009 1308 3026 messa
1330 3001 1404 3026 della
1424 3002 1583 3027 Domenlca
1602 3003 1633 3028 di
1651 3002 1796 3029 Passione.

2015 2165 2050 2189 30

2016 2379 2048 2405 35

2015 2590 2050 2614 4⁰

2015 2801 2046 2827 45

2014 3010 2049 3035 50

2070 342 2134 360 mart.
2152 346 2176 364 ²3

2070 369 2135 386 mart.
2153 374 2176 391 ²⁴

2069 675 2134 693 niart.
2152 678 2176 695 ²5

2075 836 2094 850 C.
2106 836 2146 854 155
2154 836 2167 850 a

2080 1530 2128 1550 apr.
2144 1531 2157 1550 9

2072 1585 2120 1603 apr.
2138 1584 2162 1599 ro

2072 1671 2120 1690 apr.
2139 1671 2159 1686 ιι

2073 1698 2092 1712 c.
2104 1698 2143 1717 755
2153 1693 2166 1712 b
