2398 3470
200 254 276 280 Mun..
290 260 324 276 cc.
340 259 427 281 τος-κιο
439 241 512 279 258

251 967 270 982 c.
285 967 324 985 215
331 961 344 980 b

259 1067 312 1087 febr.
330 1072 342 1091 4

372 1884 404 1901 10

371 2095 402 2122 15

370 2305 403 2323 20

369 2518 400 2544 ²5

369 2726 404 2750 30

370 2938 402 2962 35

1189 235 1504 274 CHRONICON
1921 241 2005 278 [ΑΛ.
2023 242 2056 271 c.
2077 243 2273 277 uss-1169]

434 366 599 403 exierunt,
625 369 717 396 terra
739 362 775 393 in
798 370 886 404 pace
910 367 945 394 et
966 359 1214 404 tranquillitate
1236 358 1409 391 remansit.
1455 358 1677 391 Recedentes
1699 362 1813 391 autem
1838 359 2059 400 cancellario,
2075 360 2190 393 clerus
2205 359 2275 392 Pa-

435 417 624 451 normitane
648 413 796 448 ecclesie
820 413 1034 446 Gualterium
1062 412 1214 445 eiusdem
1249 411 1397 444 ecclesie
1431 410 1638 444 canonicum
1668 417 1703 444 et
1736 409 2001 456 Agrigentinum
2035 412 2207 446 decanum
2239 417 2276 445 et

436 470 527 513 regis
550 468 748 511 magistrum
772 465 838 498 sibi
861 465 899 498 in
923 471 1094 508 pastorem
1116 463 1325 497 unanimiter
1348 463 1539 508 elegerunt.
1586 462 1659 501 Qui
1683 473 1760 496 cum
1784 463 1884 507 regni
1914 471 2004 498 esset
2033 466 2184 509 negotiis
2213 475 2274 508 ap-

432 523 579 565 plicatus
603 526 636 553 et
660 519 704 552 ob
727 519 796 552 hoc
819 530 840 551 a
862 519 956 562 regis
978 518 1087 551 latere
1111 516 1216 550 facile
1240 526 1309 549 non
1332 522 1449 559 posset
1473 516 1667 555 discedere,
1690 515 1890 550 Alexander
1912 527 2004 560 papa
2025 529 2046 551 a
2075 529 2158 563 rege
2189 518 2274 551 satis

433 575 624 608 affectuose
647 578 797 616 rogatus,
819 571 911 604 illius
934 581 1050 604 amore
1075 576 1112 603 et
1134 569 1244 613 gratia
1259 569 1455 612 predictum
1472 569 1620 602 electum
1637 569 1811 602 concessit
1825 580 1847 602 a
1861 569 1930 602 suis
1944 571 2173 615 suffraganeis
2189 581 2274 604 con—

430 626 566 666 secrari,
590 631 626 659 et
647 635 710 668 per
732 625 920 657 Iohannem
943 623 1212 666 Neapolitanum
1237 622 1449 655 cardinalem
1464 633 1561 655 suum
1577 622 1720 665 pallium
1736 621 1787 655 illi
1803 622 1998 657 transmisit.
2044 622 2116 663 Qui
2132 630 2275 667 recepto

432 679 476 712 ab
499 691 542 713 eo
565 683 780 712 sacramento
804 676 1011 714 obedientie,
1033 675 1176 719 pallium
1197 675 1250 708 illi
1281 675 1325 707 de
1356 685 1452 708 more
1484 675 1657 708 concessit
1670 673 1690 708 ¹.
1735 675 1937 709 Robbertus
1969 686 2053 710 uero
2083 687 2199 711 comes
2228 677 2273 710 de

435 733 602 767 Loritello
625 732 683 776 qui
706 732 911 775 frequenter
933 730 1025 774 regis
1048 728 1253 771 W[ilhelmi]
1276 728 1421 772 gratiam
1444 728 1680 771 postulauerat
1701 738 1768 761 nec
1798 734 1959 771 potuerat
1988 729 2183 773 impetrare,
2213 740 2275 763 no-

431 787 568 820 uissime
592 786 795 829 frequentes
816 784 949 816 litteras
972 788 1008 815 et
1029 782 1168 815 nuntios
1190 781 1268 826 regi
1289 781 1503 824 W[ilhelmo]
1527 781 1651 814 iuniori
1675 781 1870 820 transmisit,
1895 781 2070 816 humiliter
2096 783 2274 827 postulans

432 847 470 874 ut
492 841 525 873 ei
547 848 699 872 amorem
721 849 818 871 suum
843 843 878 870 et
900 835 1047 880 gratiam
1070 835 1275 868 restitueret.
1320 835 1401 868 Rex
1423 840 1538 867 autem
1562 840 1596 867 et
1617 835 1740 878 regina
1762 834 1864 868 solita
1886 835 2014 878 pietate
2038 836 2111 869 eius
2141 836 2272 870 miserti

431 894 527 927 illum
550 893 586 925 in
609 903 704 925 suam
725 891 870 935 gratiam
893 894 1113 932 receperunt,
1137 889 1194 921 cui
1218 888 1332 920 etiam·
1348 898 1410 920 rex
1431 887 1639 920 liberalitate
1663 888 1764 921 solita
1787 888 1986 921 comitatum
2001 888 2170 929 Loritelli,
2186 889 2276 923 sicut

431 953 530 991 pater
553 956 633 978 suus
656 945 705 977 illi
728 949 956 982 concesserat,
980 942 1144 981 reddidit,
1168 940 1213 974 'et
1234 942 1278 974 de
1302 941 1547 974 habundancia
1570 941 1679 985 gratie
1703 941 1870 984 plenioris
1893 942 2091 975 comitatum
2114 942 2272 976 Cunuer-

432 999 507 1034 sani
528 999 579 1032 ilii
602 998 732 1031 adiecit
744 996 767 1030 ².

521 1053 574 1086 Eo
597 1058 753 1094 tempore
775 1051 812 1083 in
836 1050 955 1083 Sicilia
976 1053 1183 1082 terremotus
1214 1048 1328 1081 tactus
1359 1054 1411 1081 est
1440 1048 1618 1086 maximus,
1649 1048 1697 1080 ita
1725 1049 1820 1092 quod
1850 1053 1999 1081 castrum
2031 1043 2273 1083 siracusanum

432 1116 495 1150 pro
516 1105 664 1138 maxima
686 1110 784 1148 parte
808 1103 948 1136 cecidit.
995 1102 1129 1135 Ciuitas
1145 1102 1249 1134 etiam
1266 1100 1548 1134 Catheniensium
1564 1112 1585 1133 a
1600 1101 1838 1134 fundamentis
1853 1112 1975 1134 euersa
1986 1102 2066 1135 ruit.
2112 1102 2274 1136 Ecclesia

430 1160 535 1193 etiam
557 1164 676 1193 sancte
699 1157 837 1201 Agathe
860 1166 1036 1193 corruens,
1053 1156 1255 1197 episcopum
1272 1165 1350 1187 cum
1366 1154 1469 1188 XLV
1483 1154 1664 1187 monachis
1680 1155 1824 1188 occidit.
1869 1154 2057 1188 Lentinum
2074 1155 2180 1189 etiam
2194 1155 2273 1189 Mo-

433 1213 512 1251 hec,
535 1218 570 1245 et
592 1210 695 1244 multa
720 1210 790 1243 alia
814 1215 928 1243 castra
951 1208 1070 1242 Sicilie
1094 1218 1159 1252 pro
1182 1214 1275 1241 terre
1297 1213 1394 1241 motu
1417 1213 1631 1242 corruerunt.
1677 1207 1785 1251 Apud
1807 1208 2003 1241 Messanam
2034 1208 2137 1242 etiam
2168 1208 2277 1242 maxi-

433 1276 507 1298 mus
530 1271 564 1298 et
588 1264 789 1297 manifestus
811 1269 904 1296 terre
928 1267 1039 1295 motus
1054 1261 1131 1294 fuit.
1177 1261 1254 1294 Hoc
1271 1267 1386 1294 autem
1401 1262 1534 1295 factum
1551 1267 1604 1294 est
1619 1272 1709 1295 anno
1725 1261 1907 1295 Dominice
1924 1260 2148 1295 MCLXVIII
2163 1261 2277 1296 incar-

432 1319 582 1352 nationis
604 1318 676 1351 ind.
700 1318 733 1350 11
756 1327 872 1350 mense
896 1316 1086 1354 Februarii,
1109 1315 1146 1347 in
1168 1315 1288 1359 uigilia
1311 1315 1413 1348 beate
1436 1314 1576 1359 Agathe
1589 1314 1611 1349 ⁸.

524 1458 546 1476 ι.
566 1449 722 1474 Recedente
740 1449 833 1472 autem
854 1447 1026 1472 cancellario
1039 1447 1097 1478 fino
1117 1454 1134 1470 a
1152 1445 1211 1474 Qui
1230 1448 1344 1478 recepto
1363 1447 1399 1471 ab
1417 1453 1452 1471 eo
1471 1448 1649 1471 sacramento
1669 1446 1827 1475 obediente,
1853 1446 1974 1479 pallium
1993 1447 2039 1471 illi
2059 1447 2093 1471 de
2113 1454 2190 1472 more
2208 1454 2275 1472 con-

434 1494 517 1517 cessit
535 1499 628 1516 manca
646 1491 674 1515 B
693 1499 706 1514 e
725 1490 806 1515 Sasso
827 1503 857 1506 ——
879 1496 903 1513 2.
921 1489 1090 1514 canonicum
1110 1490 1138 1513 et
1156 1489 1307 1521 gentinum
1329 1489 1352 1514 C
1370 1502 1402 1506 --
1421 1496 1446 1521 3.
1465 1490 1550 1521 atque
1571 1490 1595 1515 C
1610 1496 1625 1513 e
1645 1489 1735 1513 Arndt
1752 1501 1763 1507 -
1783 1496 1855 1521 mag.
1874 1490 1903 1513 et
1920 1489 1975 1514 sibi
1996 1489 2020 1514 C
2036 1502 2047 1507 -
2067 1489 2202 1521 negociu-
2223 1489 2248 1514 C
2261 1497 2276 1514 e

432 1535 523 1559 Arndt
540 1548 570 1551 —
591 1541 643 1566 3-4.
664 1533 817 1566 occupatus
839 1532 863 1556 C
879 1540 892 1555 e
909 1531 999 1557 Arndt
1017 1545 1049 1549 --
1069 1539 1094 1563 4.
1114 1538 1173 1555 non
1193 1530 1278 1555 facile
1297 1532 1392 1564 posset
1411 1531 1555 1556 discedere
1576 1532 1600 1556 C
1616 1539 1629 1555 e
1648 1530 1740 1556 Arndt
1758 1545 1790 1549 —
1810 1535 1835 1562 5.
1859 1530 1928 1556 elec.
1954 1532 2066 1555 tantum
2093 1531 2234 1556 concessit
2254 1532 2279 1558 C

433 1591 463 1596 -
490 1582 513 1608 7.
534 1576 692 1600 iuramento
713 1575 737 1600 C
754 1583 768 1599 e
787 1574 876 1599 Arndt
901 1588 934 1591 —
960 1572 984 1598 8.
1004 1572 1156 1598 Guillelmi
1176 1575 1203 1598 Β
1221 1581 1236 1597 ο
1253 1573 1334 1599 Sasso
1354 1587 1386 1591 —
1406 1580 1431 1605 9.
1451 1575 1573 1598 nuncios
1592 1573 1619 1598 B
1634 1582 1649 1597 e
1673 1573 1765 1604 Sauo,
1791 1574 1814 1598 C
1838 1582 1852 1597 e
1875 1573 1968 1599 Arndt
1992 1587 2001 1591 -
2027 1573 2186 1598 Guilielmo
2211 1573 2239 1598 B
2261 1582 2276 1598 e

432 1619 513 1645 Sauo
532 1631 565 1636 —
586 1625 626 1642 ιι.
647 1624 696 1642 sua
714 1616 740 1641 A
760 1630 792 1634 —
815 1624 854 1649 13.
875 1616 1033 1641 Recedente
1051 1618 1146 1641 autem
1165 1615 1348 1641 Cancellario
1360 1616 1421 1649 fino
1439 1625 1456 1641 a
1476 1614 1533 1644 Qui
1553 1617 1666 1649 recepto
1681 1617 1715 1641 ad
1728 1623 1762 1640 eo
1775 1618 1953 1641 sacramento
1973 1616 2135 1641 obedientie
2153 1616 2275 1649 pallium

431 1661 478 1685 illi
497 1661 530 1686 de
549 1667 626 1685 more
645 1659 787 1684 concessit
805 1659 939 1692 aggiunto
959 1658 986 1683 B
1002 1667 1016 1682 e
1035 1659 1115 1684 Sasso
1135 1671 1167 1677 -—
1191 1665 1230 1690 14.
1249 1658 1449 1683 siracusanum
1468 1658 1493 1682 A
1514 1672 1546 1676 —-
1569 1657 1609 1683 16.
1627 1658 1753 1690 Agathes
1774 1659 1798 1684 C
1814 1666 1828 1682 e
1845 1658 1937 1683 Arndt
1955 1672 1986 1676 —
2015 1657 2102 1691 16-17.
2127 1658 2275 1684 Mahecum

431 1703 459 1727 B
475 1712 487 1727 e
506 1703 587 1728 Sauo
606 1715 639 1720 —-
661 1708 701 1733 17.
719 1709 769 1734 per
789 1702 812 1726 C
830 1715 862 1718 —
885 1699 925 1726 18.
945 1701 1079 1726 manifest
1097 1701 1128 1724 di
1138 1703 1233 1733 prtma
1252 1708 1338 1730 mano,
1357 1701 1428 1726 altri
1450 1701 1493 1725 col
1512 1701 1592 1725 solito
1610 1700 1750 1725 inchiostro
1767 1700 1882 1725 sbiadito
1899 1701 2031 1734 aggiume
2048 1700 2074 1725 il
2091 1707 2173 1733 regno
2191 1701 2222 1726 du·
2242 1707 2275 1725 us

422 1745 510 1779 finale
531 1745 554 1770 C
572 1758 603 1762 —
626 1750 666 1776 19.
686 1751 763 1768 anno
781 1743 904 1768 Domini
924 1743 948 1768 C
965 1751 979 1766 e
998 1742 1089 1767 Arndt
1105 1756 1116 1761 -
1136 1743 1262 1775 Agathes
1280 1742 1373 1768 Arndt

433 1834 576 1867 scagiIoso
601 1841 615 1858 e
637 1832 778 1858 Riccardo
803 1834 887 1857 conte
912 1831 943 1856 di
961 1831 1064 1857 Molise
1089 1832 1241 1857 avrebbero
1262 1832 1328 1856 anzi

432 1877 506 1902 fatto
531 1877 611 1909 parte
630 1875 677 1900 dei
703 1875 774 1900 dieci
802 1875 960 1907 samigliari
985 1875 1036 1899 che
1062 1875 1215 1899 avrebbero
1241 1876 1328 1899 avuto

435 1919 548 1944 affidato
568 1918 590 1943 il
609 1925 737 1951 governo
757 1917 834 1942 dello
853 1917 945 1942 Statu.

523 1959 530 1972 ¹
551 1959 564 1972 “
577 1960 685 1985 Walter
710 1959 825 1985 Offamil
837 1978 861 1991 „,
889 1959 1006 1984 fratello
1025 1959 1054 1984 di
1080 1959 1264 1985 Bartolomeo
1284 1966 1328 1983 ve-

434 2010 520 2028 scovo
539 2003 569 2028 di
588 2001 732 2035 Girgenti,
747 2001 892 2027 Riccaddo
906 2002 1019 2027 Palmer
1039 2002 1097 2033 (vir
1116 2002 1330 2027 litteratissimus

430 2051 458 2071 et
476 2046 615 2079 eloquens).
640 2047 733 2078 prima
758 2053 882 2070 vescovo
901 2045 930 2070 di
956 2044 1088 2070 Siracusa
1112 2053 1126 2070 e
1146 2047 1193 2078 poi
1221 2045 1329 2070 arcive-

431 2096 517 2114 scovo
537 2089 568 2114 di
586 2088 721 2117 Messina,
741 2095 755 2112 e
774 2088 892 2113 Erberto
912 2087 942 2112 di
962 2087 1130 2116 Mffldlexes,
1157 2095 1278 2113 vescovo
1298 2088 1328 2112 di

430 2131 528 2156 Conza
554 2131 658 2155 turono
683 2131 693 2154 i
720 2131 834 2163 quattro
867 2130 971 2163 inglesi
997 2130 1144 2155 ch’ebbero
1171 2131 1201 2154 in
1226 2132 1328 2163 questo

429 2175 525 2207 tempo
544 2173 692 2205 posizlone
710 2172 852 2197 eminente
870 2172 901 2197 in
914 2171 1024 2196 Sicilia.
1061 2171 1221 2201 Gualtiero,
1235 2172 1328 2205 prima

430 2216 568 2240 canonico
588 2216 616 2240 di
632 2214 733 2240 Cefalii
746 2222 761 2240 e
774 2214 875 2247 quindi
895 2214 1065 2246 insegnante
1085 2215 1113 2239 di
1128 2213 1292 2247 Guglielmo
1306 2214 1328 2245 1,

431 2259 461 2283 fu
480 2258 640 2284 oltremodo
659 2258 820 2283 ambizioso
839 2265 853 2282 e
873 2258 954 2282 nulla
976 2256 1111 2282 tralascio
1132 2264 1181 2290 per
1200 2257 1328 2283 mettersi

431 2301 461 2324 in
480 2301 572 2334 prIma
591 2300 677 2325 linea.
715 2299 760 2324 Cf.
788 2299 851 2324 doc.
871 2298 1004 2332 del„1167
1029 2299 1104 2324 della
1123 2299 1262 2334 Cappella
1276 2300 1326 2324 Pa-

430 2343 521 2367 latina
540 2343 571 2367 di
589 2342 720 2367 Palermo
734 2343 764 2366 in
779 2342 949 2371 GARoFALo,
969 2342 1141 2366 Tabularium
1155 2343 1212 2372 clt.,
1231 2351 1258 2376 p.
1278 2349 1291 2367 2
1297 2349 1327 2375 5;

430 2385 546 2410 Pam-aus
556 2385 714 2410 Bmssmtsrs
727 2385 826 2415 Epist„
839 2384 870 2409 in
881 2384 995 2413 Mmrm,
1007 2385 1112 2409 Patrol.
1128 2385 1200 2415 Lat.‚
1214 2384 1327 2414 CCVII,

432 2435 459 2452 n.
477 2426 521 2456 66,
540 2428 593 2452 col.
616 2433 673 2459 195.
715 2428 717 2430 “

516 2469 582 2494 Ηοο
600 2470 769 2500 FALcAuno,
788 2476 815 2501 p.
838 2468 896 2501 163,
921 2469 950 2493 di
975 2469 1083 2501 partito
1102 2476 1221 2494 avverso
1247 2469 1326 2493 dice:

433 2511 446 2524 ²
459 2529 464 2535 .
477 2531 482 2536 .
493 2528 500 2536 .
511 2529 518 2536 .
529 2511 692 2536 Gualterius
713 2512 835 2536 decanus
853 2511 1063 2544 Agrigentinus
1076 2511 1217 2536 conducta
1235 2511 1327 2544 plebis

432 2553 649 2583 “multItudine,
678 2555 807 2585 metuque
835 2554 991 2587 compulsis
1022 2554 1179 2583 canonicis,
1206 2561 1327 2578 consen-

432 2595 445 2608 “
456 2597 546 2621 tiente
565 2598 652 2626 curia,
673 2605 729 2622 non
743 2599 802 2622 tam
815 2597 922 2621 electus
941 2603 1025 2629 quam
1044 2597 1187 2621 violenter
1199 2597 1327 2622 intrusus

431 2638 444 2651 “
455 2638 657 2664 Panormitane
671 2639 794 2672 regimen
808 2639 933 2672 suscepit
947 2639 1088 2663 ecclesie..
1102 2658 1107 2663 .
1120 2658 1124 2663 .
1157 2640 1217 2664 Hoc
1230 2639 1327 2671 itaque

434 2679 448 2692 “
459 2682 575 2713 negotlo
588 2683 687 2714 paucis
706 2681 803 2706 diebus
817 2682 973 2714 protracto,
988 2689 1022 2705 ne
1042 2681 1186 2706 videretur
1204 2683 1326 2714 precipi-

433 2722 511 2747 “tari
530 2725 679 2753 sententia,
699 2724 809 2749 demum
829 2724 974 2748 Romanus
998 2723 1131 2756 pontifex
1158 2723 1326 2749 electionem

434 2763 448 2776 “
460 2766 549 2789 ratam
567 2766 676 2796 habuit,
694 2767 788 2798 ipsum
809 2767 893 2792 iussit
912 2766 1032 2790 electum
1046 2773 1061 2790 a
1075 2765 1257 2799 suffraganeis
1271 2768 1327 2799 epi-

435 2806 448 2818 “
460 2807 538 2839 scopi
558 2808 721 2832 consecrari
731 2825 757 2840 „.

520 2848 567 2873 Ma
586 2856 660 2881 papa
672 2849 847 2875 Alessandro
862 2850 925 2875 solo
939 2850 961 2874 ll
981 2856 1014 2874 22
1027 2851 1137 2882 giugno
1153 2848 1220 2882 1169
1234 2850 1263 2874 lo
1279 2857 1327 2874 au-

432 2889 544 2915 torizzo
564 2899 578 2915 a
600 2891 668 2916 sarsi
692 2899 857 2917 consacrare
871 2893 1056 2917 arcivescovo
1070 2892 1100 2916 dl
1113 2891 1255 2922 palemo,
1268 2892 1326 2916 alla

432 2939 566 2965 presenza
585 2933 615 2957 di
635 2932 783 2958 G10vanni
804 2935 832 2958 di
847 2934 964 2966 Napoll,
983 2933 1129 2958 cardinale
1148 2933 1175 2958 al
1195 2933 1282 2958 titolo
1297 2934 1325 2958 di

431 2974 457 2999 S.
470 2973 931 3007 sternamJimrt-Lonwmnm,
945 2983 973 3001 n.
989 2974 1081 3008 11629.
1118 2974 1160 2999 La
1180 2982 1325 3000 consacra-

433 3016 516 3041 zlone
541 3017 609 3042 ebbe
634 3017 721 3049 luogo
744 3017 763 3041 il
791 3017 824 3042 28
847 3018 1003 3046 settembre,
1027 3017 1103 3042 nella
1123 3016 1277 3042 cattedrale
1296 3017 1325 3042 di

1382 1831 1512 1856 Palermo
1531 1838 1547 1856 e
1560 1832 1617 1857 alla
1636 1839 1771 1865 presenza
1785 1832 1830 1857 del
1849 1839 1887 1863 re,
1906 1832 1928 1856 il
1941 1832 2024 1864 quale
2043 1833 2073 1856 in
2087 1832 2153 1865 quel
2165 1832 2278 1865 giorno,

1383 1884 1437 1902 con
1457 1877 1587 1910 diploma
1606 1884 1660 1902 con
1673 1877 1802 1910 suggello
1817 1877 1899 1902 d'oro
1912 1877 2126 1901 solennemente
2137 1875 2206 1901 dato
2219 1876 2279 1901 nel·

1383 1919 1493 1945 l’altare
1513 1921 1668 1953 maggiore,
1686 1920 1726 1952 gli
1743 1919 1908 1945 concedette
1922 1919 1944 1944 il
1958 1919 2069 1944 mulino
2083 1918 2112 1944 di
2125 1919 2278 1948 Broccst03

1383 1963 1420 1987 cf.
1438 1961 1629 1991 Moneri-ons,
1643 1965 1685 1993 op.
1706 1963 1760 1992 cit„
1778 1970 1805 1995 p.
1825 1970 1874 1994 44:
1893 1962 1989 1994 Pnuu,
2012 1962 2051 1987 St.
2067 1962 2162 1991 Sacra.
2176 1961 2198 1992 Ι,
2213 1967 2277 1994 ιο5;

1383 2005 1530 2034 anuuo,
1552 2005 1628 2029 Sicil.
1649 2005 1735 2034 Stud„
1754 2004 1789 2033 11,
1809 2012 1835 2029 n.
1859 2010 1915 2037 173.

1469 2045 1480 2060 ²
1498 2046 1565 2072 Uno
1585 2046 1755 2075 FALcANno,
1776 2055 1802 2080 p.
1824 2046 1888 2078 165;
1908 2048 2027 2071 Annales
2048 2047 2168 2076 Crocum,
2188 2047 2219 2071 in
2233 2047 2275 2071 M.

1383 2089 1416 2114 G.
1430 2090 1466 2114 H.
1479 2089 1539 2118 SS.‚
1553 2088 1626 2120 XIX,
1644 2088 1704 2114 286.
1740 2088 1764 2113 Il
1781 2096 1812 2122 15
1827 2090 1890 2114 sett.
1905 2094 1971 2120 1175
1986 2089 2129 2114 trovlamo
2142 2088 2277 2118 Roberto.

1381 2131 1515 2156 Palatino
1529 2132 1612 2155 conte
1625 2131 1653 2155 di
1668 2130 1820 2159 Loretesso,
1834 2132 1956 2156 maestro
1969 2131 2135 2163 giustlziere
2153 2132 2183 2156 ln
2198 2130 2279 2155 Ater-

1383 2180 1433 2201 no;
1455 2172 1607 2201 Gar-roza,
1629 2173 1703 2196 Hist.
1725 2173 1810 2203 Cass„
1823 2172 1844 2201 Ι,
1858 2179 1885 2205 p.
1903 2178 1965 2204 142;
1986 2172 2162 2203 Accessiones,
2182 2171 2204 2202 1,
2218 2170 2278 2203 ²⁶5·

1470 2212 1481 2230 ³
1499 2215 1564 2240 Uoo
1582 2214 1749 2245 Fszcmno,
1770 2221 1796 2247 p.
1820 2213 1876 2247 164,
1898 2215 2061 2239 vivamente
2079 2214 2215 2239 descrisse
2233 2221 2277 2238 co-

1382 2257 1461 2282 desto
1488 2257 1652 2286 ten-emoto,
1677 2256 1823 2281 ricordato
1848 2263 1917 2288 pure
1940 2256 2018 2289 negli
2042 2255 2159 2281 Annales
2179 2255 2279 2286 Casia„

1381 2300 1412 2324 in
1433 2300 1475 2324 M.
1499 2299 1530 2323 G.
1553 2300 1590 2323 H.
1612 2299 1672 2329 SS.‚
1695 2298 1770 2328 XIX,
1790 2305 1853 2330 3¹9·

1470 2339 1600 2366 “Eodem
1619 2347 1697 2366 anno
1708 2359 1732 2373 m
1753 2340 1815 2364 dice
1835 2340 1873 2368 F.‚
1896 2339 1909 2352 “
1921 2341 2021 2372 quarta
2040 2339 2087 2365 die
2113 2339 2276 2370 febbruarii,

1383 2383 1522 2408 “circiter
1540 2385 1661 2416 priimam
1680 2383 1780 2408 horam
1799 2383 1923 2407 eiusdem
1943 2382 2011 2413 diei,
2031 2382 2179 2407 vehemens
2203 2383 2277 2407 terre

1383 2425 1503 2450 “motus
1522 2427 1603 2450 tanta
1621 2424 1752 2450 Siciliam
1770 2425 1917 2450 concussit
1943 2423 2085 2449 violentia
2109 2425 2142 2450 ut
2166 2424 2196 2449 ln
2223 2420 2276 2448 Ca-

1382 2468 1395 2482 “
1406 2468 1499 2492 labris
1518 2475 1629 2500 quoque
1648 2468 1723 2492 circa
1736 2468 1857 2500 Regtum
1871 2467 2032 2501 oppidaque
2044 2467 2176 2499 proxima
2194 2465 2278 2491 senti-

1383 2511 1397 2523 “
1408 2512 1492 2536 retur.
1538 2509 1776 2535 Cathanienslum
1808 2510 2026 2543 opulentissima
2057 2509 2160 2534 civitas
2190 2515 2278 2541 usque

1383 2552 1479 2578 “adeo
1504 2553 1638 2578 subversa
1656 2553 1707 2584 est,
1733 2553 1766 2576 ut
1786 2559 1820 2577 ne
1840 2552 1955 2584 quidem
1980 2551 2081 2576 domus
2099 2551 2130 2576 in
2149 2551 2218 2576 urbe
2237 2558 2278 2575 su-

1382 2596 1395 2610 “
1403 2597 1509 2629 pei-stes
1523 2596 1699 2620 remanserit.
1737 2595 1799 2619 Viri
1815 2602 1846 2619 ac
1860 2595 1992 2620 mulieres
2003 2595 2117 2619 circiter
2129 2593 2182 2619 XV
2195 2593 2278 2618 milit.

1381 2638 1395 2652 ⁸
1406 2646 1468 2662 cum
1487 2638 1623 2671 episcopo
1642 2638 1768 2663 eiusdem
1781 2637 1911 2662 civitatis
1930 2638 2109 2668 maximaque
2128 2637 2208 2670 parte
2222 2644 2278 2661 mo-

1383 2680 1562 2705 “nachorum
1583 2680 1632 2704 sub
1652 2680 1736 2704 ruina
1756 2681 1821 2704 sunt
1834 2679 2012 2705 edificiorum
2032 2679 2150 2712 opressi.
2187 2678 2276 2703 Leon—

1381 2722 1396 2736 “
1406 2723 1471 2752 tini,
1492 2722 1590 2747 nobile
1603 2722 1838 2747 Siracusanorum
1853 2722 2000 2756 oppidum,
2013 2721 2110 2746 eadem
2123 2723 2197 2747 terre
2210 2727 2277 2745 con·

1381 2762 1538 2789 “cussione
1557 2765 1723 2788 subversum
1742 2763 1952 2797 oppldanorum
1971 2763 2121 2795 plerosque
2134 2762 2277 2788 ruentlum

1381 2806 1583 2832 “edificIorum
1603 2807 1677 2831 mole
1696 2807 1881 2838 consumpsit.
1919 2805 2011 2831 Multa
2030 2807 2156 2841 preterea
2170 2807 2201 2830 in
2213 2803 2276 2829 fini-

1380 2849 1455 2874 “bus
1476 2847 1701 2874 cathanensium
1721 2856 1752 2873 ac
1776 2847 2011 2873 Siracusanorum
2037 2847 2155 2872 castella
2181 2847 2275 2872 diruta

1380 2890 1394 2904 ‘¹
1407 2893 1489 2923 suntg
1514 2892 1611 2916 multis
1631 2892 1662 2916 in
1689 2892 1762 2916 locis
1782 2893 1856 2916 terra
1882 2891 2029 2916 dehiscens
2048 2893 2076 2916 et
2101 2898 2192 2916 novos
2210 2897 2275 2923 pro-

1382 2933 1396 2946 “
1406 2935 1477 2958 tulit
1498 2935 1601 2964 fontes,
1619 2936 1646 2960 et
1659 2936 1785 2959 veterum
1806 2934 1966 2959 nonnullos
1985 2933 2140 2958 obstruxit.
2150 2950 2158 2958 .
2170 2952 2176 2957 .
2187 2949 2195 2957 .
2230 2932 2275 2958 Sl-

1382 2976 1513 3001 “racusis
1531 2976 1653 3001 Aretusa
1674 2977 1739 3001 sons
1759 2977 2016 3005 nominatissimus,
2035 2982 2116 3007 quem
2135 2975 2170 2999 ab
2191 2974 2274 2999 Elide

1379 3018 1392 3032 α
1404 3017 1506 3043 Grecie
1525 3020 1644 3043 civitate
1664 3018 1739 3043 sama
1752 3020 1795 3043 est
1809 3020 1838 3043 in
1852 3017 1982 3043 Siciliam
2001 3017 2123 3043 occultis
2136 3016 2274 3042 meatibus

2302 837 2339 869 10

2302 1101 2338 1135 15

2306 1924 2341 1950 40

2304 2135 2337 2164 45

2305 2345 2340 2371 5⁰

2305 2558 2337 2585 SS
