2398 3470
31 1795 34 1796 ⁷
50 1803 51 1806 ’
90 1803 226 1837 duobus
237 1802 259 1836 ².

94 262 180 298 [ss.
192 262 228 291 c.
239 262 390 296 asa-2³⁷1
867 250 1184 292 CHRONICON

93 401 145 429 est
167 396 330 428 Romano
360 394 529 436 pontifici,
554 393 750 437 ceterisque
783 393 980 426 christianis
1003 393 1113 426 libere
1145 393 1190 425 ad
1213 391 1407 434 sepulturas
1428 392 1675 435 Apostolorum
1700 393 1883 426 faciendas
1905 394 1958 426 in-

93 448 230 486 sudare,
254 454 287 480 et
311 447 356 481 ad
379 446 417 480 id
440 447 642 481 faciendum
665 446 746 479 data
765 452 845 478 sunt
861 446 911 478 eis
927 446 970 479 de
993 447 1076 479 fisco
1092 444 1285 489 reipublice
1309 445 1494 490 adjutoria.
1541 446 1694 478 Primum
1710 447 1850 489 quidem
1868 446 1959 480 beati

93 500 192 533 Pauli
215 509 342 542 corpus
375 499 525 532 leuatum
550 499 594 532 de
622 497 827 531 catacumba
856 498 1009 540 suscepit
1038 508 1131 540 papa
1161 496 1353 535 Cornelius,
1378 502 1412 529 et
1435 497 1596 539 sepeliuit
1618 509 1686 530 una
1719 509 1796 531 cum
1820 498 1956 533 Lucina

93 554 131 586 in
153 553 278 597 predio
302 552 467 597 ejusdem,
491 553 548 585 uia
570 551 734 591 Ostiensi,
758 551 804 583 ad
828 551 925 590 latus,
942 551 1001 584 ubi
1018 551 1209 584 decollatus
1223 556 1284 583 est.
1332 550 1432 583 Beati
1455 561 1541 583 uero
1564 551 1660 583 Petri
1678 562 1804 595 corpus
1821 553 1960 596 accepit

92 611 250 654 prefatus
281 610 487 652 Episcopus,
511 615 546 642 et
575 608 689 652 posuit
718 608 816 653 juxta
838 608 964 647 locum,
995 608 1056 641 ubi
1082 607 1266 641 crucifixus
1290 613 1351 646 est,
1374 607 1468 640 inter
1491 618 1639 650 corpora
1662 613 1859 642 sanctorum
1884 611 1960 653 epi-

92 674 277 706 scoporum
300 664 337 695 in
364 663 496 706 templo
519 661 693 706 Apollinis
714 662 752 695 in
774 667 892 694 monte
917 672 1023 694 aureo
1048 661 1208 694 Vaticani
1231 660 1357 694 Palatii
1381 661 1577 693 Neroniani
1592 660 1613 694 ¹.
1661 662 1729 694 Hic
1751 663 1846 696 idem
1870 663 1958 697 Cor-

93 717 205 750 nelius
228 723 308 758 post
327 717 421 759 jussu
444 715 545 749 Decii
567 715 787 757 imperatoris
815 715 936 747 effecti
959 714 1064 747 exilio
1087 713 1336 747 Centumcellis
1354 714 1536 747 damnatus
1552 721 1604 747 est
1620 721 1655 747 et
1671 716 1834 759 martyrio
1850 717 1956 749 uitam

91 769 237 803 finiust'.
278 770 360 809 Quo
383 775 542 812 tempore
565 768 738 802 Antonius
760 768 962 804 monachus
977 767 1109 801 claruit.

180 823 285 856 Anno
309 822 447 855 Domini
469 821 597 856 CCLII
621 828 656 854 et
679 831 772 854 anno
788 820 833 854 ab
849 820 933 853 urbe
958 821 1100 854 condita
1123 821 1304 854 millesimo
1329 827 1451 863 quarto
1476 821 1606 854 Decius
1629 832 1649 853 a
1673 822 1853 856 Pannonia
1868 823 1958 857 infe-

0 876 7 903 l
15 878 70 913 10
91 877 186 916 riori,
210 877 356 909 Budalie
380 882 491 915 natus,
516 875 628 908 ciuilis
652 875 744 914 belli,
768 875 864 918 quod
887 874 923 906 in
947 874 1062 907 Gallia
1084 880 1214 907 motum
1238 874 1362 913 fuerat,
1386 874 1547 907 incentor
1571 881 1605 907 et
1627 886 1815 918 repressor,
1835 877 1958 910 occisis

91 930 272 973 Philippis,
295 929 479 963 uicesimus
502 929 642 973 quintus
674 928 718 961 ab
741 928 911 973 Augusto,
935 928 1037 960 simul
1069 938 1146 960 cum
1179 927 1249 960 filio
1274 938 1346 966 suo,
1371 937 1474 971 quem
1506 928 1673 961 Cesarem
1700 929 1799 969 fecit,
1830 931 1956 963 inuasit

90 983 273 1027 imperium
297 982 475 1026 tenuitque
499 981 597 1015 annis
620 981 728 1015 tribus
740 980 763 1015 ³.

645 1116 840 1150 “Sum-xm
862 1125 1086 1150 musaeum-10
1109 1126 1149 1150 m
1173 1116 1362 1149 Eccmsm
1376 1140 1407 1156 „.

179 1202 348 1245 Idemque
373 1201 536 1234 continuo
568 1202 614 1235 ad
643 1201 934 1245 persequendum,
965 1200 1294 1244 interficiendosque
1326 1201 1552 1241 Christianos,
1585 1202 1751 1245 septimus
1775 1209 1855 1246 post
1886 1204 1957 1236 Ne-

11 1256 68 1291 15
92 1266 211 1289 ronem
235 1255 375 1288 'feralia
398 1255 560 1299 dispersit
576 1254 702 1295 edicta,
718 1254 954 1299 plurimosque
969 1261 1168 1288 sanctorum
1191 1255 1238 1288 ad
1262 1265 1408 1288 coronas
1433 1255 1562 1289 Christi
1587 1257 1631 1289 de
1649 1256 1718 1289 suis
1743 1257 1956 1291 cruciatibus
2005 1275 2026 1290 c.
2055 1276 2066 1289 2

90 1308 189 1342 misit.
236 1309 304 1341 Hic
327 1309 365 1341 in
388 1309 503 1341 medio
527 1307 754 1341 barbarorum
777 1308 854 1341 sinu
876 1308 1082 1353 interfectus
1107 1314 1168 1348 est,
1193 1308 1284 1341 filius
1307 1314 1423 1341 autem
1447 1310 1522 1353 ejus
1545 1309 1681 1353 gurgite
1704 1310 1844 1352 paludis
1874 1311 1956 1344 sub-

91 1372 224 1395 mersus
247 1368 310 1401 est,
333 1362 382 1394 ita
399 1368 436 1394 ut
458 1371 525 1394 nec
550 1360 703 1394 cadauer
725 1361 800 1406 ejus
822 1361 973 1404 potuerit
994 1361 1178 1394 inueniri⁴.
1216 1362 1340 1406 Digno
1364 1362 1546 1395 damnatus
1566 1362 1701 1406 judicio
1717 1363 1775 1406 qui
1792 1373 1957 1406 persecu-

90 1416 221 1448 tionem
243 1415 279 1447 in
303 1415 519 1448 Christianos
542 1425 696 1455 mouens,
720 1414 859 1448 beatum
884 1414 1110 1448 Laurentium
1135 1414 1274 1450 lenitam
1298 1421 1334 1448 et
1356 1421 1542 1460 martyrem
1567 1416 1723 1449 extinxit.

963 1511 1064 1545 Beda
1071 1524 1083 1546 .·

185 1590 342 1624 “Decius
364 1590 526 1635 regnauit
548 1589 647 1623 annis
671 1590 806 1623 duobus
828 1589 1004 1623 mensibus
1026 1600 1088 1623 sex
1102 1591 1124 1623 ⁵.
1171 1590 1241 1623 Hic
1257 1600 1336 1623 cum
1360 1591 1540 1634 Philippos
1563 1597 1698 1634 patrem
1723 1598 1758 1625 et
1779 1593 1885 1625 filium
1903 1594 1957 1626 in-

35 1645 39 1648 “
95 1645 329 1684 Ἴθι-ἐθάκει,
354 1644 399 1677 ob
423 1654 545 1678 eorum
569 1644 687 1677 odium
710 1643 833 1677 rabido
856 1644 977 1677 furore
999 1645 1278 1686 persecutionem
1301 1644 1336 1677 in
1359 1645 1579 1678 Christianos
1602 1645 1721 1685 mouit,
1745 1646 1782 1678 in
1806 1657 1873 1689 qua
1890 1649 1956 1681 Fa-

34 1732 35 1735 ,
94 1699 109 1715 ‘⁴
123 1697 246 1731 uianus
269 1698 304 1729 in
327 1697 412 1730 urbe
437 1698 553 1730 Roma
568 1697 736 1741 martyrio
753 1702 950 1735 coronatur,
965 1703 1045 1739 post
1061 1708 1164 1741 quem
1180 1697 1302 1731 beatus
1318 1697 1502 1731 Cornelius
1526 1698 1691 1742 martyrio
1711 1705 1900 1732 coronatur
1913 1701 1957 1741 „‘.

34 1759 35 1762 ’
91 1751 157 1784 Cui
179 1751 347 1785 successit
369 1751 498 1784 Lucius
521 1750 664 1784 natione
688 1751 868 1784 Romanus
899 1761 943 1784 ex
964 1756 1065 1793 patre
1095 1751 1306 1796 Porphyrio,
1330 1751 1489 1794 seditque
1521 1752 1619 1784 annis
1641 1751 1752 1785 tribus
1784 1754 1959 1787 mensibus

307 1803 375 1837 Hic
397 1804 567 1846 precepit,
592 1810 628 1836 ut
653 1804 723 1836 duo
747 1803 957 1848 presbyteri,
981 1809 1018 1836 et
1040 1809 1110 1836 tres
1134 1803 1275 1838 diaconi
1298 1803 1333 1835 in
1359 1805 1453 1836 omni
1477 1804 1555 1837 loco
1581 1804 1784 1848 episcopum
1809 1816 1879 1839 non
1895 1807 1956 1840 de-

36 1892 39 1903 ‹
89 1857 255 1896 tererent,
279 1863 424 1900 propter
446 1855 677 1889 testimonium
702 1856 976 1889 ecclesiasticum
990 1855 1011 1889 ⁸.
1059 1855 1132 1895 Qui
1156 1863 1340 1900 postquam
1368 1857 1413 1889 de
1438 1857 1542 1890 exilio
1565 1868 1726 1890 reuersus
1749 1864 1811 1898 est,
1843 1860 1957 1902 capite

36 1930 40 1932 —
90 1915 280 1948 truncatus,
304 1910 437 1953 positus
460 1914 513 1942 est
541 1919 619 1942 cum
652 1908 797 1953 collegis
827 1909 896 1942 suis
927 1910 1102 1953 episcopis
1113 1908 1136 1942 ⁹.
1184 1909 1381 1953 Stephanus
1411 1909 1551 1943 natione
1580 1910 1759 1943 Romanus
1783 1922 1826 1943 ex
1857 1918 1956 1955 patre

43 1973 46 1975 ’
89 1963 181 2007 Julio
195 1961 218 1980 ¹⁰
241 1970 319 2006 post
343 1964 436 1996 hunc
461 1974 578 1996 curam
602 1963 755 2006 suscepit
779 1962 1025 2006 episcopalem.
1064 1963 1131 1996 Hic
1155 1962 1340 2002 constituit,
1365 1969 1402 1996 ut
1432 1964 1643 2003 sacerdotes,
1668 1970 1703 1997 et
1732 1964 1839 1998 leuite
1864 1966 1956 1999 uasis

35 2019 36 2022 ’
89 2023 125 2049 et
146 2016 299 2050 uestibus
321 2017 429 2050 sacris
452 2017 490 2048 in
512 2027 576 2049 usu
598 2016 775 2050 cotidiano
799 2027 870 2049 non
893 2022 1044 2056 utantur,
1068 2017 1136 2049 nisi
1163 2016 1197 2049 in
1221 2016 1372 2050 ecclesia
1395 2023 1526 2050 tantum
1541 2016 1575 2050 ¹¹.
1610 2018 1656 2050 Et
1682 2017 1740 2050 hic
1766 2019 1959 2052 decollatus

90 2076 143 2104 est
165 2080 208 2102 ex
229 2076 399 2114 precepto
415 2070 516 2103 Decii
538 2070 630 2103 intra
653 2070 832 2102 missarum
855 2069 1059 2112 solempnia,
1084 2070 1224 2113 quando
1248 2069 1538 2109 communicabat,
1563 2081 1640 2103 cum
1668 2071 1854 2104 duodecim
1874 2083 1954 2115 pre-

178 2221 204 2244 4.
229 2214 376 2239 Hostiensi
392 2214 417 2240 C
433 2227 467 2232 —
487 2219 512 2245 5.
525 2213 678 2247 prephatus
698 2213 722 2238 C
739 2226 772 2231 —-
792 2217 818 2244 7.
833 2213 1019 2246 imperatores
1040 2215 1063 2239 C
1081 2227 1092 2232 -
1113 2213 1331 2240 Centumeceliis
1347 2215 1371 2240 C
1386 2228 1419 2233 —-
1435 2215 1461 2241 8.
1479 2215 1648 2240 Antoninus
1663 2216 1688 2241 C
1705 2229 1739 2233 —
1758 2222 1783 2245 9.
1797 2217 1913 2247 quartus
1935 2218 1958 2242 C

92 2269 125 2274 —-
142 2261 184 2282 η.
196 2256 255 2280 tres
269 2256 294 2281 C
310 2269 338 2273 —
354 2263 396 2288 14.
408 2254 551 2288 Idemque]
568 2255 597 2279 in
613 2255 636 2280 C
646 2254 756 2280 {navale
774 2258 870 2280 ornata
888 2269 921 2274 —
944 2255 1033 2286 17·18·
1046 2257 1258 2289 penecuciones
1270 2256 1297 2280 B
1308 2257 1332 2282 C
1343 2269 1376 2274 -
1393 2256 1435 2281 18.
1449 2257 1638 2282 Laurencium
1651 2257 1678 2281 B
1689 2258 1712 2283 C
1723 2270 1756 2276 --
1771 2263 1815 2282 πο.
1828 2264 1920 2283 annos
1937 2258 1960 2282 C

50 2311 53 2315 -
91 2310 102 2317 -
120 2303 232 2323 menses
247 2298 271 2323 C
286 2311 320 2316 —
341 2304 382 2323 ²1.
395 2297 514 2323 hodium
529 2298 553 2324 C
570 2310 582 2315 -
600 2304 656 2330 quo
668 2297 693 2321 A
712 2311 745 2316 —
765 2303 855 2322 21-22.
871 2297 1012 2323 Fabianus
1023 2298 1050 2322 B
1064 2312 1095 2317 —
1110 2304 1154 2334 ²²5
1172 2298 1322 2332 martyrio]
1342 2299 1415 2323 mrio
1435 2300 1464 2323 in
1483 2299 1616 2323 eutr-ambi
1631 2299 1644 2322 i
1659 2299 1755 2332 laag-hi
1775 2299 1798 2324 C
1808 2313 1841 2317 —
1856 2300 1899 2326 28.
1912 2308 1956 2325 sa-

49 2371 52 2374 *
86 2340 174 2365 cratis
194 2340 228 2369 C,
244 2339 268 2364 ιἸ
283 2339 313 2365 L.
331 2339 362 2364 P.
381 2339 432 2364 ha:
454 2341 547 2365 uestes
566 2341 691 2365 sacratas
710 2352 721 2358 -
739 2339 912 2371 quotidiano
931 2339 958 2363 B
977 2353 1008 2358 —
1029 2346 1073 2372 29.
1092 2340 1228 2366 solemnis.
1246 2340 1272 2364 B

178 2438 186 2456 ¹
205 2440 235 2466 L.
254 2440 298 2469 Ρ..
317 2440 411 2466 xxu:
432 2439 648 2472 ⁶4....pr1mum
661 2440 775 2472 quidem
795 2447 901 2472 corpus
915 2441 991 2465 besti

87 2484 100 2498 ¹
112 2483 193 2509 Psuli
210 2485 330 2515 accepto
349 2483 432 2508 besta
452 2483 559 2509 Lucina
578 2483 674 2516 posuit
692 2481 721 2508 in
741 2483 857 2515 praedio
870 2491 933 2515 suo,
945 2485 992 2508 vis
1046 2481 1060 2496 '¹
1071 2484 1181 2515 perium
1201 2484 1347 2515 tenuitque
1365 2485 1448 2509 annis
1466 2483 1562 2509 tribus
1571 2501 1595 2516 ,,.

1907 253 1954 293 67
1986 266 2065 290 Mus..
2080 272 2113 287 cc.
2125 268 2188 291 69-70

2041 498 2081 511 rm·
2092 492 2125 511 m.»

2006 524 2028 539 a.
2044 518 2070 539 C.
2087 524 2175 542 ²51>253

2009 821 2032 836 a.
2047 816 2074 837 C.
2092 822 2127 840 252

2010 848 2033 863 u.
2048 849 2069 864 e.
2086 849 2134 867 ¹004

2045 1752 2094 1766 Cius

2009 1779 2030 1794 a.
2046 1774 2073 1794 C.
2089 1780 2175 1800 253-154

2007 1906 2134 1930 >lephanai

2007 1938 2029 1954 ²·
2046 1934 2072 1954 C·
2089 1939 2175 1958 ²04-257

1046 2448 1092 2466 ma
1110 2441 1225 2472 0rosio,
1243 2442 1296 2466 che
1315 2448 1333 2466 n
1352 2442 1390 2467 hs
1409 2442 1527 2475 copiatq
1538 2449 1575 2466 un
1594 2441 1642 2475 po’
1661 2443 1766 2472 avanti,
1784 2442 1859 2467 dice:
1876 2443 1952 2468 “im-
1981 2451 2016 2469 πο

57 2523 65 2532 ’
88 2524 252 2556 “o-tienne,
270 2525 349 2550 iuxta
374 2525 468 2550 locum
489 2525 538 2550 ubi
563 2525 721 2550 decollatus
741 2527 799 2555 est}
818 2525 894 2551 besti
916 2526 992 2550 Petri

55 2566 58 2583 ἶ
89 2567 226 2599 ‘aceepit
244 2574 350 2599 corpus
375 2567 474 2593 beatus
498 2567 649 2593 Cornelius
674 2567 826 2600 episcopus
844 2570 872 2593 et
895 2568 994 2600 posuit

63 2615 71 2645 J
89 2607 194 2634 “iuxta
211 2609 306 2634 locum
325 2609 372 2634 ubi
391 2609 544 2634 crucifixus
564 2612 616 2640 est.
636 2610 712 2634 inter
731 2617 855 2642 corpora
878 2611 992 2635 sancto-

65 2655 73 2675 “.
90 2650 102 2664 ¹¹
116 2658 176 2676 rum
188 2643 399 2684 episcoporum.
411 2652 440 2676 in
454 2652 592 2683 templum
612 2652 763 2683 Apollinis,
778 2653 807 2676 in
821 2654 918 2678 monte
931 2653 990 2677 Au-

89 2690 103 2706 “
114 2699 203 2723 reum,
224 2693 253 2717 in
272 2693 446 2719 Vaticanum
474 2693 574 2727 palatii
594 2693 754 2718 Neroniani
766 2702 797 2725 „3
815 2693 854 2720 cf.
872 2694 991 2719 Ducan-

68 2740 153 2763 -siss,
171 2733 193 2764 1.
211 2741 239 2766 p.
261 2740 311 2766 ¹⁵⁰
329 2742 345 2760 e
364 2736 431 2760 note
449 2734 475 2766 8,
496 2743 522 2768 9,
543 2741 584 2760 10.

178 2773 189 2791 ⁸
208 2774 367 2809 L’epitsffio
387 2777 415 2802 di
435 2777 582 2808 Cornelio,
601 2778 744 2809 riportato
763 2777 810 2802 dai
827 2777 874 2802 Du
893 2777 991 2808 Rom,

12 2843 15 2847 ,
63 2843 64 2846 ,
88 2816 172 2842 Roma
189 2819 364 2847 saumana,
377 2818 399 2845 1.
412 2821 469 2845 ίαν.
487 2819 537 2850 1v,
550 2816 565 2843 ὲ
579 2819 654 2844 tutto
667 2820 695 2843 in
708 2819 811 2844 latino:
824 2819 838 2833 ⁸
849 2817 991 2846 CORNE-

63 2886 65 2889 ,
88 2858 102 2874 ⁴
112 2858 210 2884 Ltvs.
221 2860 412 2891 MAR'rYR.1
428 2861 485 2887 ΕΡ.
494 2858 505 2896 ΙΙ
517 2870 540 2893 ,,;
552 2861 586 2887 cs.
597 2869 667 2894 pure
678 2862 767 2892 ΒιοΑ,
777 2864 816 2894 op.
827 2862 885 2891 ets„
894 2869 922 2894 p.
933 2868 990 2887 112.

177 2899 189 2917 ³
208 2901 346 2934 onosma,
366 2903 428 2934 vn,
448 2909 491 2934 αι,
514 2911 543 2935 ¹3
563 2904 743 2934 Eur-sonus,
756 2904 804 2935 lx,
824 2911 849 2936 4.

60 2975 61 2978 Ἴ
178 2941 191 2959 ⁴
209 2950 229 2968 ιι
246 2944 335 2970 scrive
349 2943 556 2977 parafrssando
571 2945 647 2970 Beds
666 2952 681 2970 e
695 2945 837 2979 coplsndo
855 2945 992 2977 Onosms,

68 2981 70 2983 ’
89 2983 147 3012 loe.
163 2985 213 3011 eit.

177 3027 190 3047 ⁸
201 3028 294 3060 Bao».
303 3028 359 3055 loc.
368 3028 418 3057 cit.
427 3028 502 3054 dice:
515 3029 642 3056 “Decius
653 3036 731 3054 snno
739 3035 761 3069 ιἲ
773 3030 919 3057 mensibus
927 3035 991 3061 ιιι»,

1136 2523 1148 2541 ⁶
1168 2526 1258 2556 Bane,
1277 2525 1351 2551 dice:
1367 2525 1593 2559 “....martyrio
1607 2527 1775 2557 coronatus.
1795 2527 1891 2552 sedem
1906 2529 1952 2553 sui

1045 2569 1251 2601 “episcopatus
1270 2567 1405 2596 Cornelio
1424 2569 1583 2601 dereliquit,
1602 2570 1650 2600 qui
1675 2570 1705 2593 et
1723 2569 1786 2601 ipse
1813 2571 1951 2604 martyrio

1046 2610 1060 2623 ¹‘
1072 2613 1228 2636 coronatus
1240 2628 1263 2644 ,,.

1135 2653 1147 2671 ⁷
1166 2652 1195 2678 L.
1215 2653 1260 2682 P..
1279 2653 1301 2684 1,
1321 2660 1353 2685 ²3
1374 2654 1502 2686 copisto.
1983 2660 2014 2685 ²5

1134 2693 1146 2711 ⁸
1167 2695 1269 2720 Anche
1288 2698 1387 2727 questo
1406 2696 1528 2728 periodo
1542 2694 1556 2720 ὲ
1571 2696 1685 2728 copisto
1705 2696 1751 2720 dal
1768 2695 1799 2721 L.
1812 2697 1855 2724 P„
1873 2696 1894 2727 Ι,
1910 2703 1941 2729 ²3

1046 2737 1098 2768 111;
1117 2736 1154 2763 cf.
1174 2739 1345 2769 Ducnssns,
1363 2741 1403 2770 op.
1423 2739 1481 2767 cit..
1500 2739 1521 2767 1,
1544 2744 1602 2771 153.

1134 2778 1146 2795 ⁹
1165 2780 1338 2813 L’epitsffio,
1359 2788 1428 2814 pure
1450 2781 1592 2806 ritrovato
1614 2781 1659 2805 nel
1678 2782 1812 2805 cimitero
1833 2781 1859 2805 di
1888 2780 1952 2805 Cal·

1043 2823 1109 2848 listo
1123 2823 1168 2847 dal
1182 2824 1228 2848 Da
1241 2823 1338 2854 Rossr,
1350 2825 1389 2855 op.
1403 2823 1462 2851 cit..
1476 2825 1536 2848 tav.
1548 2822 1597 2852 111,
1613 2831 1660 2854 pp.
1674 2822 1768 2853 62-7o‚
1781 2821 1796 2848 ὲ
1809 2824 1835 2846 in
1851 2831 1949 2855 greco:

1046 2863 1174 2891 Aorissc
1193 2872 1208 2889 e
1228 2866 1250 2889 si
1271 2867 1405 2896 presenta
1424 2866 1453 2889 in
1473 2865 1560 2890 istato
1579 2865 1810 2890 frammentario.
1982 2869 2016 2894 30

1125 2906 1147 2923 ¹⁰
1167 2907 1308 2939 Correggi
1328 2906 1397 2931 lobio
1415 2914 1496 2932 come
1515 2907 1546 2932 in
1565 2906 1594 2931 L.
1614 2907 1658 2935 P..
1678 2907 1782 2933 XXIV.

1126 2948 1144 2965 ¹¹
1165 2949 1195 2974 L.
1215 2949 1259 2978 1³..
1284 2949 1305 2979 1,
1333 2956 1428 2982 24...:
1455 2949 1530 2974 ‘Hic
1558 2950 1712 2974 constituit
1737 2949 1899 2974 sacerdotes
1925 2950 1954 2974 et

1045 2991 1175 3017 “levitas
1201 2994 1231 3017 ut
1258 2994 1352 3017 vestes
1376 2993 1506 3016 sacratas
1526 2992 1554 3015 in
1581 2999 1633 3016 usu
1658 2991 1805 3016 cotidiano
1825 2999 1880 3016 non
1902 2992 1952 3022 uti,

1045 3034 1058 3048 ‘¹
1070 3034 1128 3059 nisi
1146 3034 1179 3059 lu
1198 3033 1358 3066 ecelesis‚;
1378 3034 1415 3060 cf.
1435 3034 1610 3065 nocuimus,
1629 3033 1650 3065 Ι,
1675 3040 1686 3058 1
1692 3039 1735 3070 ⁵4·
