2398 3470
222 147 242 176 ἱ

160 257 234 281 Μυι.,
249 262 283 278 ce.
298 258 386 282 205-206
396 244 471 281 252

244 486 294 509 1164

217 597 312 615 t.211a

201 701 326 719 c.aug.22

237 1129 289 1143 nov.

220 1289 273 1304 nov.
289 1289 312 1302 22

337 2065 368 2083 10

337 2274 366 2299 15

333 2487 367 2504 20

334 2695 365 2721 ²5

330 2907 366 2932 30

1157 239 1473 277 CHRONICON
1887 246 1971 283 [ΑΛ.
1991 246 2025 275 c.
2045 246 2242 283 risa-110³]

397 320 645 327 ...........................
646 311 2239 325 λ....,...-...............................................................,............,..............,........,.......-.................-..-.....-.-..οο..-..-.......-.-.

395 367 590 404 timescens,
615 375 692 398 curn
716 375 752 397 se
775 369 985 396 moraturum
1013 363 1108 395 circa
1131 362 1314 395 Salernum
1346 361 1596 405 aliquantulum
1626 360 1865 405 disposuisset,
1889 368 2020 396 mutato
2049 362 2241 407 proposito,

394 421 503 453 altera
527 419 584 452 die
606 418 723 462 galeas
746 416 887 449 intrauit
911 422 945 448 et
968 416 1174 448 festinanter
1197 415 1233 447 in
1256 414 1413 448 Siciliam
1437 414 1541 447 rediit
1554 413 1576 447 ¹.

485 473 621 505 Interea
650 469 813 507 Romani,
842 474 954 502 morte
986 468 1170 501 Octauiani
1201 468 1355 511 cognita,
1386 467 1526 500 nuntios
1548 478 1627 501 suos
1657 468 1704 501 ad
1726 467 1965 502 Alexandrum
1994 469 2032 502 in
2054 470 2241 503 Franciam

395 525 666 562 transmiserunt,
690 523 883 556 affectuose
910 527 1075 565 rogantes
1097 527 1136 554 ut
1158 521 1204 554 ad
1226 521 1358 554 Urbem
1381 521 1512 554 rediret
1535 526 1571 554 et
1595 521 1813 554 commissum
1834 521 1899 554 sibi
1930 523 2096 565 populum
2119 523 2241 556 uisita-

395 586 457 617 ret‚
481 579 563 622 quia
577 577 644 620 ipsi
662 575 747 610 eum'
764 586 842 609 cum
866 576 998 608 honore
1015 580 1051 608 et
1074 574 1263 608 deuotione
1286 574 1484 618 reciperent
1494 573 1517 607 ³.
1563 574 1766 608 Alexander
1788 581 1902 608 autem
1927 576 2076 610 credens
2090 577 2157 610 hoc
2173 576 2240 610 sibi

396 639 430 665 et
446 631 594 664 ecclesie
618 630 849 673 profuturum,
872 628 1096 673 Magalonem
1119 628 1226 670 uenit,
1243 633 1279 660 et
1294 633 1482 671 preparata
1504 628 1654 672 quadam
1670 638 1797 672 magna
1819 628 1912 668 naui,
1928 639 1996 671 que
2012 634 2088 663 erat
2109 629 2239 673 Hospi-

396 685 483 725 talis,
507 695 585 717 cum
607 694 683 716 eam
700 692 790 725 pene
808 692 927 715 omnes
951 680 1145 714 cardinales
1168 681 1366 720 intrassent,
1383 686 1418 714 et
1433 691 1526 724 papa
1549 691 1627 713 cum
1643 681 1765 724 paucis
1787 680 2022 715 cardinalibus
2044 693 2123 715 cum
2138 682 2241 728 galea

395 736 674 771 Nerbonensium
704 735 861 769 eamdem
891 735 1008 768 nanim
1047 744 1269 766 ascensurum
1301 734 1447 773 ueniret,
1476 734 1577 778 galee
1608 734 1823 773 Pisanorum,
1855 744 1923 778 que
1951 735 2003 768 illi
2032 741 2242 779 parauerant

394 791 548 829 insidias,
571 796 716 834 repente
740 793 977 833 apparuerunt
988 787 1010 821 ³.
1058 786 1196 826 Quibus
1212 787 1297 820 uisis
1313 798 1405 831 papa
1422 797 1500 820 cum
1515 788 1618 832 galea
1633 799 1695 821 sua
1710 788 1857 822 festinus
1879 789 2102 832 Magalonem
2122 789 2240 829 rediit,

393 845 493 890 galee
515 849 629 877 autem
653 843 854 876 Pisanorum
878 842 1003 880 nauim,
1026 841 1064 875 in
1088 852 1156 884 qua
1179 846 1280 874 erant
1303 841 1508 881 cardinales,
1533 841 1852 882 circumdederunt,
1875 847 1912 875 et
1934 852 2005 875 non
2026 843 2168 877 inuento
2190 842 2241 876 ibi

395 898 598 941 apostolico,
622 907 698 930 eam
721 897 758 929 in
780 906 868 939 pace
898 895 1044 928 liberam
1067 894 1163 927 abire
1186 894 1428 936 permiserunt,
1459 905 1527 938 que
1542 900 1650 928 uento
1673 895 1777 928 flante
1801 895 1968 936 secundo,
1984 896 2095 939 primo
2110 896 2241 930 Panor-

393 962 485 985 mum
509 951 637 984 dehinc
660 950 858 983 Messanam
884 948 1068 992 applicuit.
1114 947 1196 980 Non
1226 947 1334 981 multo
1357 953 1437 991 post
1467 948 1670 982 Alexander
1700 959 1793 991 papa
1815 959 1894 981 cum
1925 949 2159 983 cardinalibus
2180 950 2241 994 qui

394 1010 631 1038 remanserant
654 1010 689 1036 et
711 1003 918 1047 Maguntino
942 1001 1211 1045 archiepiscopo
1225 1001 1236 1018 ⁴
1262 1002 1436 1044 quandam
1451 1002 1618 1035 minorem
1642 1002 1758 1035 nanim
1781 1003 1934 1042 intrauit,
1951 1009 1987 1036 et
2008 1003 2078 1036 alto
2093 1012 2131 1036 se
2147 1013 2242 1036 eumq

394 1059 533 1093 mittens
555 1058 692 1101 pelago,
716 1056 797 1089 licet
818 1055 934 1088 multis
956 1055 1151 1099 exagitatus
1173 1054 1348 1098 procellis,
1372 1055 1487 1087 saluus
1517 1060 1633 1088 tamen
1657 1066 1735 1088 cum
1758 1055 1917 1089 omnibus
1939 1057 2009 1090 suis
2033 1055 2240 1096 Messanam,

394 1111 543 1145 Domino
567 1111 730 1148 ducente,
754 1109 916 1153 peruenit
928 1108 948 1141 ⁵.
997 1107 1079 1146 Quo
1103 1108 1244 1151 cognito
1267 1118 1329 1141 rex
1351 1108 1598 1150 W[ilhelmus],
1623 1109 1683 1151 qui
1697 1114 1781 1142 tunc
1804 1115 1880 1142 erat
1903 1109 2078 1149 Panormi,
2101 1110 2242 1144 nuntio·

393 1175 473 1198 suos
496 1175 574 1197 cum
596 1163 797 1196 muneribus
819 1163 865 1195 ad
888 1172 1016 1205 papam
1039 1161 1238 1200 transmisit,
1261 1167 1298 1194 et
1321 1171 1400 1193 eum
1424 1172 1504 1194 cum
1527 1162 1680 1206 quinque
1710 1162 1822 1206 galeis
1843 1173 1954 1206 usque
1985 1163 2134 1197 Romam
2158 1173 2244 1197 con-

395 1218 477 1252 duci
508 1218 668 1261 precepit
681 1216 703 1249 ‘.
750 1215 823 1255 Qui
853 1215 1033 1249 Salernum
1065 1215 1220 1253 ueniens,
1250 1226 1271 1247 a
1293 1214 1517 1257 R[omoaldo]
1548 1215 1769 1249 Salernitano
1800 1216 2071 1260 archiepiscopo
2102 1222 2138 1250 et
2167 1221 2242 1251 toto

397 1271 527 1314 populo
552 1270 703 1303 ciuitatis
727 1281 805 1303 cum
829 1268 947 1301 debita
971 1274 1023 1301 est
1054 1268 1253 1301 reuerentia
1276 1274 1311 1301 et
1333 1268 1467 1301 honore
1498 1274 1690 1311 susceptus.
1738 1268 1810 1307 Qui
1832 1269 2051 1312 postmodum
2074 1280 2154 1303 cum
2175 1269 2245 1303 eis-

396 1325 476 1357 dem
499 1324 607 1367 galeis
629 1333 736 1367 usque
759 1322 939 1366 Tyberim,
963 1327 999 1354 et
1020 1331 1084 1364 per
1107 1320 1276 1365 Tyberim
1300 1331 1409 1364 usque
1425 1322 1472 1354 ad
1489 1321 1654 1355 Sanctum
1680 1322 1824 1355 Paulum
1848 1332 1927 1355 cum
1948 1322 2107 1356 omnibus
2129 1323 2246 1357 cardi·

395 1377 529 1411 nalibus
543 1377 642 1410 uenit
653 1375 675 1409 ⁷.
722 1376 788 1410 Cui
804 1375 918 1409 clerus
929 1381 964 1408 et
979 1375 1158 1408 Romanus
1174 1374 1322 1417 populus
1345 1374 1539 1414 obuiantes,
1555 1375 1665 1417 ipsum
1684 1385 1763 1408 cum
1780 1376 1916 1420 magno'
1933 1376 2066 1409 honore
2081 1382 2117 1409 et
2131 1376 2246 1420 gloria

393 1441 499 1474 usque
515 1431 725 1464 Lateranum
748 1429 959 1462 unanimiter
982 1429 1236 1461 conduxerunt.
1283 1429 1336 1462 Eo
1358 1434 1516 1472 tempore
1533 1439 1596 1461 rex
1618 1428 1850 1472 W[ilhelmus]
1873 1429 2042 1472 palatium
2064 1429 2245 1475 quoddam

394 1485 499 1518 altum
522 1484 604 1517 satis
627 1489 662 1517 et
684 1483 772 1516 miro
796 1482 946 1515 artificio
962 1481 1154 1515 laboratum
1170 1492 1281 1525 prope
1304 1480 1515 1515 Panormum
1539 1481 1729 1515 beneficari
1745 1483 1843 1522 fecit,
1859 1483 1954 1526 quod
1970 1483 2105 1517 Sisam⁸
2127 1485 2246 1528 appel-

480 1622 506 1647 3.
526 1615 646 1639 nuncios
667 1615 691 1640 C
707 1622 722 1637 e
740 1614 834 1638 Arndt
852 1627 884 1632 —
906 1619 929 1645 5.
948 1613 1107 1638 devocione
1127 1613 1150 1638 C
1168 1622 1181 1638 e
1200 1613 1292 1638 Arndt
1309 1626 1342 1630 —
1363 1619 1387 1645 7.
1407 1620 1467 1637 eam
1486 1619 1558 1646 pene
1577 1619 1674 1637 omnes
1693 1614 1769 1638 card.
1788 1621 1818 1638 su
1836 1621 1935 1640 rasura
1955 1615 1980 1640 C
1996 1628 2028 1632 —
2042 1613 2068 1639 8.
2079 1614 2198 1652 galggA
2211 1627 2245 1634 —

394 1665 418 1690 9.
438 1658 609 1691 aparuerunt
630 1657 653 1681 C
670 1664 684 1680 e
703 1655 796 1680 Arndt
813 1668 845 1673 —
867 1662 908 1680 11.
928 1655 1006 1680 ablre
1025 1655 1145 1680 liberam
1166 1656 1190 1681 C
1206 1664 1219 1679 e
1238 1655 1330 1680 Arndt
1348 1669 1381 1674 —
1403 1662 1444 1688 13·
1462 1655 1690 1688 Magulnontino
1711 1657 1734 1681 C
1751 1669 1784 1674 ——-
1806 1663 1848 1688 14.
1869 1656 2044 1689 exagittatus
2070 1657 2094 1682 C
2116 1665 2131 1682 e
2152 1656 2246 1683 Anae

394 1714 426 1718 —
450 1699 490 1725 18.
509 1699 671 1724 reverencia
692 1699 715 1724 C
731 1706 746 1722 e
763 1697 855 1723 Arndt
874 1711 905 1716 —
929 1705 969 1730 19.
988 1705 1037 1730 per
1054 1705 1148 1723 manca
1167 1698 1191 1722 A
1212 1705 1226 1721 e
1247 1698 1349 1723 Carasa
1369 1712 1400 1716 —
1422 1703 1464 1722 22.
1483 1696 1580 1723 Lisam
1599 1698 1632 1729 B,
1652 1697 1734 1723 Sam
1754 1706 1768 1722 σ
1789 1699 1892 1724 Curuo

485 1801 492 1817 ¹
513 1802 579 1827 er
600 1801 768 1832 FALcan
789 1807 816 1833 p.
834 1799 877 1830 81,
896 1801 994 1832 spiega
1010 1801 1019 1824 i
1033 1799 1101 1825 fatti
1114 1797 1165 1834 piii
1179 1807 1293 1825 umana-

397 1847 488 1870 mente
507 1852 521 1868 e
541 1841 592 1876 piis
611 1843 812 1875 logicamente‚
831 1849 914 1867 senza
932 1842 1119 1866 l’lntervento
1144 1842 1189 1867 del
1210 1842 1294 1867 mira-

396 1888 469 1912 colo.
507 1887 626 1912 Salerno
646 1886 788 1911 dovrebbe
807 1885 980 1910 l'esenzIone
999 1884 1224 1918 dall’esemplare
1249 1892 1294 1910 ca—

395 1932 471 1963 stIgo
491 1930 547 1955 alle
567 1931 634 1954 vive
652 1937 667 1954 e
686 1929 766 1954 calde
780 1928 928 1962 preghiere
941 1928 972 1952 di
986 1927 1096 1953 Matteo
1110 1927 1248 1960 d’Aiello,
1263 1929 1294 1953 di

395 1973 536 1998 Silvestre
549 1974 633 1997 conte
651 1971 682 1996 di
702 1972 827 1996 Marsico
845 1978 860 1996 e
874 1971 903 1995 di
917 1969 1059 1995 Riccardo
1071 1970 1192 2000 Palmer,
1205 1971 1294 1995 eletto

396 2016 425 2041 di
444 2015 584 2040 Siracusa.
622 2014 791 2046 Neil’aprile
813 2012 879 2038 1162
900 2013 927 2038 la
948 2015 1026 2038 corte
1045 2021 1091 2037 era
1111 2014 1140 2037 in
1154 2013 1294 2038 Messina:

395 2058 521 2087 GARUFI,
544 2058 603 2082 Cat.
623 2058 664 2081 ill.
684 2058 731 2082 del
753 2057 818 2081 Tah.
837 2056 868 2081 di
886 2056 915 2081 S.
935 2056 1031 2080 Maria
1051 2057 1151 2080 Nuova
1170 2056 1201 2080 di
1218 2057 1294 2080 Mon-

395 2101 481 2130 reale,
499 2101 556 2129 cit.,
576 2107 602 2131 p.
626 2098 672 2124 161
694 2106 709 2123 e
729 2106 769 2131 sg.

482 2141 493 2158 ²
512 2143 599 2173 Boso,
614 2142 675 2167 Lib.
688 2142 802 2174 Pontis„
814 2141 850 2171 11,
865 2148 891 2174 p.
906 2147 971 2173 412:
986 2140 999 2154 “
1012 2160 1017 2165 .
1030 2160 1035 2165 .
1047 2159 1052 2165 .
1064 2157 1071 2165 .
1082 2141 1188 2166 Habito
1200 2143 1294 2173 itaque

396 2184 546 2210 “consilio
575 2192 637 2209 cum
665 2184 792 2209 Ecciesie
816 2183 956 2212 fidelibus,
985 2185 1043 2208 tam
1071 2183 1183 2208 clericis
1211 2190 1294 2215 quam

397 2228 519 2260 “1aycis,
538 2229 572 2252 de
590 2227 755 2252 revocando
775 2226 909 2259 pontifice
928 2226 963 2251 ad
979 2226 1071 2251 sedem
1084 2226 1160 2250 beati
1175 2227 1251 2251 Petri
1267 2228 1295 2251 et

397 2270 609 2295 “Lateranense
629 2270 778 2303 palatium,
799 2269 919 2294 nuntios
938 2268 974 2293 ad
993 2276 1055 2293 eum
1081 2270 1108 2293 et
1131 2269 1243 2293 litteras
1264 2270 1292 2293 in

397 2311 550 2345 “partibus
568 2311 729 2337 Galliarum
754 2311 830 2344 apud
856 2310 984 2335 Senonas
1009 2311 1177 2335 existentem
1202 2313 1293 2335 trans-

396 2354 409 2367 “
421 2355 508 2384 misit,
527 2362 611 2379 orans
630 2357 658 2379 et
678 2355 776 2388 petens
794 2354 829 2378 ab
849 2361 883 2378 eo
903 2361 938 2378 ex
956 2355 1037 2386 parte
1056 2354 1148 2377 totius
1174 2353 1244 2378 cleri
1266 2356 1293 2378 et

395 2397 408 2410 “
419 2397 518 2430 populi
529 2396 651 2422 Romani
668 2398 750 2428 atque
763 2395 890 2420 fidelium
903 2403 1018 2420 suorum
1031 2395 1166 2427 quatinus
1180 2396 1214 2420 ad
1229 2403 1293 2429 pro-

396 2439 409 2452 “
420 2441 511 2471 priam
525 2440 616 2464 sedem
636 2447 715 2464 suam
735 2440 763 2463 et
777 2438 915 2471 populum
928 2437 1079 2470 specialem
1093 2438 1149 2462 sibi
1163 2438 1292 2463 commis-

397 2481 410 2494 “
421 2489 481 2506 sum
495 2482 663 2514 dignaretur
683 2482 788 2506 reverti
799 2499 823 2513 η.

481 2523 492 2539 ³
511 2524 663 2549 Alexandri
675 2525 730 2548 III
737 2525 813 2555 epist.
828 2525 866 2548 ad
879 2523 1027 2547 Henricum
1047 2523 1165 2553 archiep.
1180 2524 1292 2548 Remen-

393 2567 487 2591 semin
500 2566 651 2592 Mam-mm
665 2574 702 2591 ET
714 2566 853 2596 Dummn,
868 2567 979 2592 Collect.
994 2565 1121 2596 ampliss,
1136 2564 1169 2596 11,
1185 2573 1213 2597 p.
1232 2566 1293 2598 718,

395 2607 471 2631 nella
484 2607 566 2639 quale
580 2608 602 2631 si
618 2607 769 2640 riportano
783 2606 951 2640 particolari
967 2613 1026 2630 non
1041 2605 1146 2630 riferiti
1162 2607 1191 2630 in
1206 2606 1292 2635 Boso,

395 2649 454 2673 Lib.
474 2649 577 2682 Pontis.
597 2657 612 2673 e
632 2651 662 2673 in
681 2656 751 2681 gran
766 2651 847 2681 parte
866 2648 1009 2673 conformi
1024 2647 1051 2673 al
1065 2650 1202 2673 racconto
1216 2648 1246 2673 di
1259 2648 1291 2673 R.

481 2688 491 2704 ⁴
511 2690 643 2716 Corrado
663 2692 847 2716 arcivescovo
867 2691 896 2716 di
918 2690 1066 2723 Magonza.

481 2730 492 2745 ⁵
511 2733 595 2764 Boso,
615 2734 674 2758 Lib.
700 2733 816 2765 Pontis„
835 2733 870 2762 ΙΙ,
893 2740 920 2765 p.
939 2738 991 2764 412
1011 2739 1025 2756 e
1044 2739 1098 2764 sg.:
1120 2732 1151 2756 “.
1164 2750 1169 2755 .
1182 2751 1186 2755 .
1199 2732 1293 2756 .infra

394 2774 406 2786 ¹‘
419 2777 535 2799 octavas
553 2775 772 2808 Assumptionls
790 2775 870 2800 beate
890 2776 1015 2807 virginis
1034 2774 1126 2799 Marie
1151 2782 1213 2798 cum
1237 2774 1291 2798 {ra-

395 2816 408 2829 “
418 2817 510 2841 tribus
524 2817 582 2841 suis
593 2824 668 2842 mare
681 2818 813 2847 intravit,
823 2819 851 2842 et
859 2834 866 2842 .
876 2837 882 2842 .
891 2837 896 2842 .
906 2835 913 2842 .
923 2817 958 2842 ad
972 2817 1121 2841 civitatem
1133 2815 1291 2841 Messanam

395 2858 409 2871 Δ
420 2860 563 2891 prosperis
584 2859 656 2883 velis
678 2860 822 2892 applicuit
834 2879 856 2889 ,,.

482 2899 493 2916 ⁶
511 2900 598 2930 Ioum,
617 2900 651 2932 Π,
672 2909 699 2933 p.
718 2909 783 2933 413:
800 2902 813 2915 “
825 2900 911 2930 Quod
923 2904 1073 2934 postquam
1088 2901 1204 2925 auribus
1218 2908 1292 2925 reco-

395 2943 409 2956 ¹‘
420 2943 502 2967 lende
516 2943 651 2967 memorie
665 2942 816 2968 Guillelml
831 2945 907 2977 regis
921 2943 1020 2969 Sicilie
1034 2944 1107 2976 apud
1122 2942 1292 2967 Panormum

396 2985 558 3013 “insonuit,
578 2985 697 3010 eundem
727 2986 928 3019 pontificem..
944 3005 948 3010 .
965 3005 970 3010 .
997 2985 1086 3018 digno
1113 2986 1205 3017 ipsum
1231 2992 1292 3009 cum

394 3027 407 3039 ¹‘
421 3027 526 3054 honore
547 3028 664 3052 tractari
685 3029 712 3051 et
733 3034 834 3060 magna
855 3028 911 3053 sibi
933 3035 1049 3053 munera
1073 3028 1238 3060 presentari,
1257 3028 1290 3051 ad

1349 1800 1532 1833 “vehendam
1545 1798 1681 1832 fquoque'
1696 1801 1787 1833 ipsius
1806 1802 1996 1826 venerandam
2023 1808 2173 1835 personam
2197 1809 2246 1836 ga,-

1351 1843 1365 1856 ⁴‘
1379 1842 1451 1867 leam
1470 1850 1554 1868 unam
1570 1843 1693 1874 rubeam,
1712 1845 1740 1868 et
1753 1843 1788 1868 ad
1802 1851 1874 1877 opus
1893 1845 2094 1878 episcoporum
2112 1846 2141 1869 et
2153 1845 2246 1871 cardi-

1350 1886 1483 1910 “nslium
1502 1887 1638 1918 quattuor
1657 1887 1742 1911 iussit
1767 1886 1979 1911 studiosissime
2003 1886 2158 1919 preparari.
2193 1887 2246 1912 Re-

1350 1927 1364 1941 “
1373 1930 1473 1961 ginum
1493 1935 1611 1960 qnoque,
1627 1928 1871 1962 archIepiscopum
1884 1930 1913 1954 et
1927 1929 2001 1955 alios
2021 1930 2168 1962 magnates
2181 1937 2245 1955 cum

1351 1970 1365 1983 ‘⁴
1377 1972 1440 2004 ipso
1460 1970 1596 2004 pontifice
1615 1971 1782 1996 destinavit.
1795 1990 1800 1996 .
1813 1990 1818 1995 .
1830 1990 1835 1995 .
1847 1989 1871 2003 „.

1435 2011 1446 2029 ⁷
1465 2013 1553 2043 IDEM,
1571 2012 1606 2042 II,
1621 2021 1647 2046 p.
1661 2020 1712 2046 413
1725 2023 1729 2038 z
1753 2012 1767 2026 “
1778 2014 1873 2038 Movit
1886 2021 1954 2046 ergo
1968 2022 1983 2038 a
2003 2014 2134 2039 Messana
2146 2014 2245 2040 beatus

1349 2056 1362 2069 “
1375 2056 1539 2080 Alexander
1558 2063 1632 2089 papa
1650 2056 1681 2080 in
1695 2063 1790 2080 mense
1811 2056 1983 2085 novembris,
1993 2058 2022 2081 et
2041 2056 2184 2082 transleus
2196 2064 2246 2090 per

1350 2096 1364 2111 “
1374 2096 1523 2122 Salernum
1538 2099 1622 2129 atque
1635 2095 1777 2126 Gaietam,
1788 2097 1883 2122 fauces
1895 2096 2009 2122 Tiberis
2022 2097 2054 2122 ln
2065 2098 2139 2122 festo
2149 2099 2247 2123 sancte

1349 2141 1362 2154 ³
1373 2138 1484 2165 Cecilie
1503 2139 1724 2172 suffragantibus
1744 2140 1891 2165 beatorum
1910 2140 2107 2173 apostolorum
2126 2140 2203 2166 Petri
2216 2142 2246 2166 et

1350 2182 1458 2207 “Pauli
1478 2182 1590 2207 meritis
1610 2183 1754 2214 ingressus
1779 2183 1829 2213 est,
1856 2184 1884 2207 et
1909 2181 2022 2207 Ostiam
2036 2202 2040 2207 .
2053 2201 2059 2207 .
2071 2200 2097 2207 ..
2117 2182 2245 2208 Domino

1350 2224 1363 2237 “
1374 2225 1491 2249 ductore
1510 2224 1642 2257 pervenit
1652 2243 1673 2256 „,

1435 2265 1447 2282 ⁸
1466 2267 1521 2292 Azi
1539 2267 1695 2292 sottinteso
1721 2269 1804 2296 Kars,
1834 2267 1967 2298 Castrum,
1995 2268 2103 2300 grande
2126 2266 2245 2292 entello

1347 2309 1375 2333 di
1397 2310 1490 2334 forma
1510 2309 1704 2342 rettangolare
1729 2309 1940 2342 fianeheggiato
1959 2309 1995 2334 da
2013 2309 2160 2334 tori-icelle
2177 2316 2246 2341 qua-

1347 2351 1513 2384 drangolari
1533 2359 1548 2376 e
1567 2354 1707 2376 coronato
1726 2351 1763 2376 da
1782 2351 1873 2383 merli,
1894 2352 1973 2377 detto
1992 2351 2119 2377 tuttavia
2136 2352 2165 2377 la
2177 2351 2244 2377 Ztsa

1347 2401 1402 2418 con
1421 2395 1500 2419 tutto
1518 2394 1539 2419 il
1558 2395 1648 2423 rione,
1671 2394 1780 2419 antichi
1807 2394 1936 2426 giardini
1955 2394 2006 2418 che
2030 2394 2247 2419 s⁵estendeuno

1347 2437 1382 2461 da
1402 2436 1472 2461 NW.
1486 2444 1503 2461 a
1515 2436 1542 2461 S.
1557 2436 1632 2461 della
1649 2433 1729 2461 cittii.
1767 2436 1832 2461 Uoo
1852 2437 2025 2466 FALcAnno,
2038 2444 2066 2468 p.
2080 2436 2122 2470 87,
2137 2436 2168 2461 lo
2181 2435 2244 2461 dice

1347 2479 1521 2504 cominciato
1541 2479 1576 2503 da
1595 2477 1761 2511 Guglielmo
1781 2479 1793 2502 Ι
1812 2486 1826 2503 e
1844 2478 1928 2503 finito
1946 2478 1982 2503 da
2002 2485 2054 2503 suo
2071 2478 2160 2511 figlio.
2197 2477 2244 2503 cf.

1347 2521 1384 2545 M.
1412 2521 1526 2551 Amin,
1555 2521 1650 2546 Storz'a
1675 2521 1720 2546 dei
1744 2521 1918 2550 Musulmani,
1943 2520 1992 2552 111,
2018 2527 2068 2554 491
2090 2528 2104 2545 e
2129 2528 2184 2553 sg.;
2207 2518 2242 2545 G.

1348 2564 1378 2588 B.
1397 2563 1551 2593 Sraacusa.
1573 2564 1601 2589 Il
1617 2572 1703 2596 regno
1722 2564 1752 2588 di
1766 2563 1920 2596 Guglielmo
1935 2564 1989 2588 lin
2005 2563 2109 2595 Sicilia,
2129 2562 2164 2592 11,
2181 2569 2244 2596 1323

1348 2615 1392 2632 ma
1412 2609 1589 2639 soprattutto
1608 2607 1646 2631 M.
1666 2607 1780 2635 Anam,
1806 2607 1846 2631 Le
1865 2607 1988 2640 epigrafi
2010 2606 2134 2631 arabicbe
2152 2607 2183 2631 di
2200 2606 2245 2632 Sa·-

1347 2650 1420 2678 cilia,
1440 2651 1590 2681 trascritte,
1613 2651 1733 2674 tradotte
1751 2659 1765 2674 e
1783 2650 1929 2681 illustrate,
1956 2649 2040 2674 Parte
2058 2649 2079 2678 1,
2106 2649 2247 2674 [sensio-i

1347 2693 1422 2722 edili,
1448 2692 1587 2722 Palermo,
1613 2692 1689 2725 1875,
1714 2700 1740 2724 p.
1767 2700 1801 2725 49
1826 2700 1840 2716 e
1865 2699 1914 2725 sg.,
1941 2699 1988 2716 nn.
2009 2691 2049 2716 Ix
2067 2699 2082 2716 e
2106 2691 2140 2716 X.
2177 2690 2242 2723 Egli

1347 2734 1488 2760 dimostrb
1509 2743 1565 2760 non
1586 2735 1651 2759 solo
1670 2735 1720 2759 che
1740 2736 1839 2766 questo
1859 2738 1985 2766 castrum,
2006 2734 2133 2767 palazzo,
2152 2733 2184 2758 su
2197 2740 2245 2759 co·

1348 2778 1537 2802 stantemente
1557 2777 1745 2802 denominato
1764 2777 1856 2807 Asisa,
1873 2777 1975 2805 misia,
1994 2775 2086 2810 Asisij
2095 2777 2140 2801 nei
2155 2775 2242 2801 secoli

1346 2817 1412 2842 XIII
1432 2825 1447 2842 e
1466 2818 1539 2849 XIV,
1563 2819 1653 2842 forma
1671 2818 1723 2843 che
1741 2818 1893 2842 corrobora
1907 2818 1935 2842 la
1954 2818 2065 2842 lezione
2078 2817 2123 2842 del
2143 2817 2244 2842 nostro

1347 2860 1455 2885 Codice
1474 2861 1632 2890 Vaticano;
1653 2869 1697 2886 ma
1716 2862 1846 2886 tradusse
1865 2862 1954 2885 anche
1974 2860 2150 2886 l’iscrizione
2167 2859 2243 2884 della

1346 2901 1454 2934 grande
1473 2902 1532 2926 sala
1558 2904 1669 2927 terrena
1695 2902 1773 2927 dello
1796 2903 1887 2926 stesso
1911 2901 2041 2934 palazzo,
2067 2900 2142 2925 della
2161 2899 2242 2932 quale

1346 2944 1434 2976 giova
1454 2946 1598 2976 riportare
1623 2944 1746 2969 l’ultima
1773 2946 1853 2976 parte
1871 2951 1921 2977 per
1940 2944 2007 2968 dare
2032 2943 2145 2968 un'idea
2166 2941 2242 2967 della

1349 2987 1408 3009 vita
1428 2986 1515 3010 molle
1537 2994 1551 3010 e
1571 2987 1736 3011 voluttuosa
1763 2987 1813 3010 che
1831 2985 1998 3018 Guglielmo
2019 2985 2031 3009 Ι
2055 2985 2086 3009 vi
2105 2986 2242 3015 trascorse

1348 3027 1424 3060 dopo
1444 3028 1470 3052 le
1490 3029 1609 3053 immani
1631 3028 1735 3053 fatiche
1755 3028 1830 3052 della
1850 3034 1965 3059 guerra:

2268 843 2307 875 10

2269 1109 2306 1142 15

2267 1351 2398 1423 20}

2274 1848 2318 1876 35Υ

2273 2064 2309 2089 4ο

2273 2274 2306 2300 45

2272 2485 2308 2512 50

2272 2693 2305 2722 55
