2398 3470
879 228 1197 265 CHRONICON
1922 227 1970 263 03

103 362 243 395 natione
267 361 447 396 Romanus
470 372 513 395 ex
535 368 634 405 patre
657 360 846 395 Habundio
869 361 1040 394 successit
1064 359 1200 394 Victori
1223 360 1261 392 in
1284 360 1500 403 episcopatu,
1524 360 1684 403 seditque
1708 359 1809 393 annis
1832 365 1912 392 octo
1938 366 1973 392 et

0 441 3 459 3
104 415 281 449 mensibus
302 421 447 458 septem.
495 415 566 448 Hic
589 414 771 448 constituit
794 420 831 447 ut
854 425 938 447 uasa
969 414 1089 447 altaris
1112 418 1227 446 essent
1248 413 1372 452 nitrea,
1397 422 1478 445 nam
1501 419 1604 446 antea
1627 419 1727 446 erant
1750 413 1880 458 lignea.
1926 413 1972 446 Et

0 474 10 499 ι’
104 468 162 502 hic
184 468 349 513 martyrio
373 474 571 509 coronatur,
595 474 630 502 et
651 467 795 511 ponitur
818 468 864 501 ad
887 467 1041 512 collegas
1063 477 1143 500 suos
1157 466 1179 500 ¹.
1224 467 1326 500 Hanc
1347 466 1531 509 profanam
1556 466 1592 498 in
1616 466 1832 500 Christianos
1855 472 1891 500 et
1914 476 1973 499 ec—

10 529 11 532 ’
104 522 244 555 clesiam
267 522 335 555 Dei
359 522 652 566 presumptionem
677 521 812 561 Seueri,
837 521 976 554 celestis
997 521 1086 554 ultio
1109 532 1128 554 e
1150 520 1302 564 uestigio
1325 526 1404 553 acta
1426 519 1656 563 subsequitur.
1702 520 1794 553 Nam
1810 521 1974 554 continuo

63 575 81 608 5
106 575 250 619 rapitur,
274 576 331 608 uel
355 576 471 619 potius
495 575 689 609 detrahitur
712 575 748 607 in
771 574 919 608 Galliam
952 575 1104 608 Seuerus
1127 585 1147 608 e
1171 575 1275 619 Syria
1298 574 1344 607 ad
1374 573 1512 607 tertium
1538 573 1641 606 ciuile
1666 574 1806 607 bellum.
1854 573 1970 606 Unum

17 624 19 628 Χ
101 628 172 673 jam
187 629 281 662 enim
296 630 411 663 Rome
427 629 595 663 aduersus
609 629 801 673 Julianum3
821 629 917 662 aliud
932 628 968 661 in
986 629 1087 673 Syria
1104 634 1228 662 contra
1242 627 1475 661 Pescennium
1491 633 1656 671 gesserat,
1672 627 1812 661 tertium
1829 627 1974 661 Clodius

103 681 254 716 Albinus
276 683 405 727 Juliani
428 684 466 716 in
489 683 687 716 occidendo
703 681 889 715 Pertinace
906 682 1033 722 socius,
1051 682 1111 726 qui
1133 693 1170 715 se
1193 681 1230 714 in
1253 681 1404 715 Galliam
1422 680 1586 714 Cesarem
1603 681 1750 722 fecerat,
1767 681 1956 715 suscitabat
1963 693 1971 719 3

105 735 203 779 cujus
217 735 311 769 bello
328 736 472 770 multum
488 734 692 780 utriusque¹
715 736 869 768 Romani
893 735 1069 780 sanguinis
1092 735 1208 768 fusum
1224 739 1286 768 est.
1332 733 1482 767 Albinus
1504 740 1622 767 tamen
1645 734 1740 778 apud
1761 734 1974 776 Lugdunum

105 798 291 832 oppressus
314 796 349 822 et
371 790 578 823 interfectus
608 794 671 822 est.
719 788 871 822 Seuerus
900 789 1013 822 uictor
1035 789 1071 821 in
1094 788 1310 822 Britanniam
1341 787 1480 833 defectu
1505 797 1598 830 pene
1623 788 1778 821 omnium
1801 789 1972 820 sociorum

21 839 81 875 ⁴:10
102 842 263 883 trahitur,
287 843 348 876 ubi
369 843 514 887 magnis,
538 842 774 887 grauibusque
797 843 917 886 preliis
940 853 1024 886 sepe
1047 842 1163 887 gestis,
1185 847 1364 885 receptam
1386 847 1523 885 partem
1545 842 1657 875 insule
1681 852 1703 874 a
1726 842 1851 875 ceteris
1872 841 1972 874 indo-

105 959 207 983 curos
219 949 242 989 ³,
266 961 426 995 magnam
453 951 595 990 fossam,
626 951 928 994 firmissimumque
960 950 1089 983 uallum
1122 950 1255 983 crebris
1285 950 1427 992 insuper
1457 948 1611 982 turribus
1635 949 1882 982 communitum
1912 960 1977 992 per

104 1012 232 1037 cxxxn
255 1004 363 1037 millia
385 1014 548 1047 passuum
572 1015 591 1037 a
614 1004 701 1037 mari
725 1005 770 1038 ad
793 1015 888 1037 mare
921 1004 1029 1037 duxit.
1077 1004 1199 1047 Ibique
1230 1003 1324 1046 apud
1348 1003 1547 1037 Eburacum
1572 1002 1739 1047 oppidum
1763 1002 1850 1036 obiit
1880 1013 1973 1035 anno

0 1091 1 1094 ,
103 1057 392 1100 septimodecimo
423 1057 475 1090 sui
505 1057 616 1101 regni.
663 1057 823 1102 Reliquit
854 1058 943 1091 duos
973 1057 1073 1098 filios,
1096 1057 1312 1096 Bassianum,
1344 1062 1379 1089 et
1403 1057 1541 1097 Getam,
1574 1066 1722 1100 quorum
1746 1057 1836 1090 Geta
1865 1056 1974 1089 hostis

27 1107 79 1142 ³15
103 1109 262 1152 publicus
283 1110 458 1154 judicatus
481 1110 630 1149 interiit3
654 1111 840 1144 Bassianus
861 1121 883 1143 a
905 1115 1028 1143 senatu
1040 1109 1063 1150 ⁴,
1086 1109 1257 1143 Antonini
1281 1110 1421 1143 nomine
1445 1115 1608 1149 assumto,
1631 1120 1740 1153 regno
1756 1109 1888 1152 potitus
1911 1114 1973 1142 est.

105 1161 186 1201 Quo
209 1170 367 1207 tempore
391 1164 620 1209 Symmachus
642 1160 817 1207 interpres
839 1164 997 1197 habetur.

21 1303 23 1307 ,
103 1269 219 1303 tonius
240 1270 436 1310 Bassianus,
459 1271 623 1314 idemque
648 1271 831 1304 Caracalla
855 1271 978 1304 Seueri
1002 1270 1102 1311 filius,
1126 1276 1273 1304 octauus
1303 1270 1461 1303 decimus
1484 1270 1528 1303 ab
1553 1269 1711 1314 Augusto
1739 1270 1974 1313 principatum

10 1319 28 1348 ³³
104 1323 251 1367 adeptus
273 1330 335 1363 est,
359 1325 553 1369 mansitque
584 1325 621 1357 in
646 1336 688 1358 eo
712 1325 810 1358 annis
840 1335 910 1358 non
932 1324 1037 1368 plene
1069 1330 1213 1368 septem.
1260 1324 1364 1358 Patre
1396 1324 1553 1367 asperior
1575 1330 1610 1357 et
1641 1323 1781 1357 minax⁵
1783 1323 1975 1364 ,omnibus

10 1365 80 1418 νζἏΟ
103 1376 300 1410 hominibus
323 1377 468 1412 libidine
492 1377 790 1421 intemperantior,
815 1378 875 1421 qui
899 1377 1003 1410 etiam
1028 1387 1215 1411 nouercam
1238 1376 1360 1410 suam⁶
1383 1377 1482 1410 duxit
1503 1388 1668 1422 uxorem3
1693 1377 1753 1421 qui
1783 1383 1902 1410 tamen
1925 1378 1975 1409 la-

103 1440 221 1469 uacra,
245 1440 314 1474 que
344 1430 547 1465 Antoniana
578 1431 810 1474 appellantur,
843 1441 949 1474 opere
981 1431 1067 1464 fecit
1097 1431 1251 1475 egregio.
1298 1430 1422 1464 Preter
1452 1431 1530 1471 hec,
1560 1430 1611 1464 nil
1634 1430 1716 1464 boni
1747 1430 1973 1464 memorabile

103 1483 212 1527 gessit
223 1482 245 1517 ¹¹.
291 1484 359 1517 Hic
384 1490 506 1518 contra
529 1484 677 1518 Parthos
700 1483 831 1518 bellum
863 1485 1020 1525 moliens,
1045 1485 1135 1518 inter
1158 1485 1337 1524 Edessam,
1361 1490 1396 1517 et
1418 1484 1543 1518 Carras
1567 1484 1612 1517 ab
1635 1484 1791 1518 hostibus
1823 1484 1974 1517 circum-

102 1542 226 1570 uentus
248 1538 385 1571 occisus
409 1536 496 1571 est⁸.
544 1537 626 1576 Quo
643 1544 800 1581 tempore
822 1539 836 1556 ‘⁴
850 1537 1054 1571 Alexander
1071 1538 1258 1582 episcopus
1281 1538 1508 1582 Cappadocie
1527 1548 1605 1570 cum
1622 1537 1798 1571 desiderio
1816 1537 1973 1571 locorum

109 1592 124 1608 ⁸
137 1596 332 1624 sanctorum
355 1591 590 1624 Ierosolimam
613 1592 777 1631 uenisset,
801 1592 942 1625 uiuente
966 1592 1084 1625 adhuc
1107 1591 1274 1625 Narcisso
1291 1592 1448 1636 ejusdem
1471 1591 1566 1624 urbis
1588 1591 1769 1634 episcopo,
1790 1591 1975 1634 persenilis

28 1631 79 1685 {535
110 1645 125 1661 ‘⁴
138 1644 238 1678 etatis
254 1645 319 1685 uir,
336 1651 369 1677 et
393 1645 468 1688 ipse
485 1645 534 1678 ibi
559 1645 737 1679 ordinatus
752 1651 804 1678 est
821 1645 1017 1689 episcopus,
1033 1646 1195 1685 Domino,
1211 1651 1251 1679 ut
1273 1645 1309 1678 id
1325 1646 1435 1685 fieret,
1451 1655 1516 1688 per
1531 1645 1784 1679 reuelationem
1799 1651 1972 1679 monente.

26 1705 53 1759 ἓ
105 1697 120 1714 “
135 1696 390 1731 'Tertullianus
412 1698 505 1732 Afer
519 1698 732 1732 centurionis
747 1698 1005 1742 proconsularis
1021 1699 1112 1732 filius
1127 1699 1279 1732 omnium
1296 1698 1531 1732 Ecclesiarum
1547 1709 1705 1732 sermone
1722 1698 1963 1739 celebratur„⁹
1965 1723 1973 1732 .

27 1756 49 1801 5}
193 1751 279 1784 Item
303 1763 396 1786 anno
419 1752 532 1796 primo
555 1752 655 1796 hujus
678 1751 848 1786 Antonini
873 1752 1066 1793 Caracalle,
1090 1753 1239 1786 Calistus
1262 1752 1403 1786 natione
1427 1753 1609 1786 Romanus
1632 1764 1676 1786 ex
1698 1758 1797 1795 patre
1820 1752 1973 1785 Domitio

28 1812 50 1865 ἑ
102 1810 182 1848 post
203 1805 438 1848 Zepherinum
461 1806 697 1849 episcopalem
720 1807 872 1849 suscepit
895 1806 1109 1840 cathedram.
1156 1806 1225 1839 Hic
1242 1806 1422 1840 constituit
1445 1806 1614 1851 J'eJ‘unium
1639 1806 1696 1839 die
1720 1805 1854 1839 sabbati
1869 1812 1924 1838 ter
1941 1806 1975 1838 in

28 1866 51 1899 ῃ
103 1868 193 1891 anno
215 1858 302 1897 fieri,
326 1859 503 1898 frumenti,
519 1859 605 1898 uini,
623 1865 658 1893 et
674 1859 741 1893 olei
757 1860 950 1892 secundum
967 1859 1189 1902 prophetiam
1203 1859 1238 1892 ¹⁰.
1283 1859 1344 1893 Ad
1359 1860 1427 1892 hoc
1444 1869 1583 1903 quoque
1597 1859 1696 1903 juxta
1711 1864 1875 1904 quattuor
1893 1860 1974 1892 anni

103 1916 270 1955 tempora,
293 1917 455 1955 quattuor
478 1912 607 1945 indixit
630 1912 724 1945 omni
747 1913 908 1946 Ecclesie
932 1912 1073 1958 Jejunia‚
1096 1913 1246 1956 primum
1269 1912 1424 1952 uemale,
1448 1913 1638 1945 secundum
1663 1912 1819 1952 esduale,
1836 1913 1976 1946 tertium

35 1960 56 1998 ’ἶ
104 1964 334 2008 autumpnale,
367 1966 526 2009 quartum
557 1966 712 2010 yemale3
744 1966 782 1998 in
813 1966 938 2010 quibus
968 1967 1130 2009 precepit
1160 1966 1265 1999 etiam
1289 1966 1528 2000 ordinationes
1558 1966 1643 2005 fieri,
1668 1976 1877 2010 quamquam
1908 1977 1976 1999 nec

103 2017 188 2060 ipse,
212 2027 279 2051 nec
302 2017 391 2051 alius
413 2018 575 2062 quislibet
598 2019 836 2052 Romanorum
851 2018 1055 2061 pontificum
1074 2029 1095 2051 a
1117 2018 1214 2052 beati
1237 2019 1344 2059 Petri,
1367 2029 1478 2063 usque
1495 2019 1541 2051 ad
1565 2018 1687 2052 Sancti
1712 2018 1872 2052 Siluestri
1888 2025 1975 2052 tem-

71 2086 74 2091 ·
102 2081 199 2114 pora,
221 2071 348 2116 legitur
371 2071 567 2105 celebrasse
599 2073 848 2111 ordinationes,
881 2072 949 2105 nisi
972 2072 1010 2105 in
1040 2082 1159 2105 mense
1192 2072 1400 2106 decembris.
1446 2072 1514 2106 Hic
1538 2072 1621 2105 item
1652 2072 1843 2115 prohibuit,
1866 2079 1905 2106 ut
1936 2073 1973 2105 in

104 2125 324 2158 accusatione
348 2126 632 2170 presbyterorum
648 2125 808 2164 infames,
826 2131 862 2158 et
877 2126 1040 2169 suspecti,
1058 2132 1094 2159 et
1108 2126 1237 2159 inimici
1261 2136 1332 2159 non
1354 2125 1604 2169 suscipiantur:
1623 2135 1684 2159 eos
1699 2136 1785 2159 uero
1802 2127 1975 2160 hereticos

16 1452 37 1502 J}

193 2284 219 2311 3.
237 2278 344 2312 collega
354 2278 413 2312 (stc)
428 2280 452 2304 C
468 2293 501 2297 —-
522 2287 546 2312 4.
559 2279 697 2312 evestigio
712 2279 736 2304 C
746 2293 780 2298 —
801 2284 825 2311 5.
838 2281 937 2313 pocius
949 2280 975 2303 B
988 2281 1012 2305 C
1028 2292 1041 2299 -
1058 2280 1178 2306 tercium
1196 2280 1223 2304 B
1234 2281 1259 2306 C
1269 2294 1302 2298 —
1315 2278 1341 2304 6.
1362 2280 1550 2305 Pescennium
1563 2280 1587 2304 A
1595 2290 1606 2309 ,·
1625 2281 1812 2307 Passennium
1828 2283 1861 2311 C,
1879 2285 1974 2307 accetto

107 2319 133 2344 h
150 2319 246 2345 teutone
270 2321 303 2344 de
318 2321 354 2349 B,
373 2320 505 2352 conforme
522 2322 559 2345 ad
587 2320 678 2346 orosio
697 2334 709 2340 -
726 2322 827 2347 tertius
846 2322 873 2345 B
884 2323 908 2347 C
926 2336 957 2340 ——
978 2328 1002 2354 7.
1021 2323 1052 2347 {n
1073 2323 1097 2348 C
1119 2323 1248 2355 aggfunto
1274 2323 1301 2346 κί’
1311 2322 1385 2346 altra
1409 2329 1504 2346 mano:
1530 2321 1653 2348 Albinus
1672 2337 1683 2342 -
1703 2323 1879 2350 Pertinacem
1901 2326 1924 2351 C
1941 2339 1974 2344 ——

51 2370 55 2380 ν
106 2361 131 2388 8.
149 2368 229 2387 susus
249 2363 274 2388 C
290 2376 324 2381 —
342 2370 367 2395 9.
386 2370 522 2397 oppresus
540 2363 565 2388 A
577 2364 601 2389 C
617 2377 628 2382 -
649 2363 812 2389 Britannias
833 2364 857 2389 C
872 2376 883 2383 ·
902 2363 1035 2390 devectus
1053 2364 1114 2389 AB
1135 2378 1166 2383 —
1184 2372 1225 2397 14.
1238 2364 1370 2397 Reliquid
1390 2364 1414 2390 C
1426 2376 1437 2383 -
1452 2364 1560 2397 'regam
1573 2364 1598 2389 A
1616 2379 1650 2383 —
1672 2371 1712 2396 ις.
1730 2368 1878 2399 assumpto
1899 2368 1924 2393 C
1940 2381 1973 2386 —

109 2403 150 2430 16.
167 2403 314 2430 Sirmchus
328 2405 352 2430 C
369 2418 403 2423 —
425 2409 465 2437 17.
485 2406 572 2430 Anno
591 2405 735 2430 dominice
756 2406 964 2431 incarnationis
980 2407 1004 2432 C
1021 2421 1053 2426 -—-
1071 2406 1111 2432 18.
1124 2407 1265 2432 Basianus
1281 2408 1305 2432 C
1320 2419 1332 2425 ·
1351 2406 1497 2433 Careealla
1510 2405 1534 2430 Α
1554 2420 1586 2424 -
1607 2414 1648 2432 2ο.
1669 2407 1885 2441 intemperatior
1900 2410 1923 2434 C
1942 2424 1973 2428 -—

54 2446 79 2479 ᾖς
107 2451 198 2472 2ο-2ι.
216 2447 357 2472 lauacram
372 2448 396 2473 C
407 2460 440 2465 —
454 2454 497 2474 21.
511 2447 601 2473 nichil
616 2448 640 2473 C
651 2461 684 2465 —
704 2454 747 2480 ²4·
767 2448 990 2474 Hierosollmam
1004 2449 1030 2472 B
1043 2462 1075 2467 —-
1097 2454 1140 2480 27.
1159 2448 1306 2475 Caracalla
1325 2449 1353 2473 B
1371 2461 1383 2467 -
1404 2448 1536 2474 calixtus
1548 2449 1573 2473 Α
1587 2462 1598 2467 -
1612 2450 1749 2475 Domiclo
1762 2450 1789 2474 B
1800 2451 1823 2475 C
1835 2464 1866 2468 —
1887 2452 1930 2478 28.
1943 2453 1974 2477 in

106 2488 131 2514 A
147 2496 162 2514 a
177 2489 204 2513 B
221 2496 331 2514 manca.-
357 2489 413 2520 die,
437 2491 532 2515 acceuo
550 2489 578 2514 la
595 2490 692 2514 lesione
711 2490 742 2514 di
761 2491 784 2516 C
802 2490 900 2522 perche
919 2492 968 2521 qui
985 2498 1004 2516 κ
1021 2491 1096 2523 copia
1120 2490 1144 2515 il
1161 2490 1191 2516 L.
1210 2491 1254 2520 P..
1272 2491 1298 2520 Ι,
1316 2495 1347 2520 17
1366 2504 1400 2510 —
1419 2497 1462 2524 31.
1489 2491 1647 2517 antunnale
1664 2491 1691 2515 B
1710 2505 1742 2510 —
1770 2498 1813 2525 33.
1831 2494 1920 2518 invece
1945 2495 1976 2518 di

54 2528 58 2537 ¹
105 2529 214 2564 legitur,
227 2531 335 2564 legatur
352 2531 379 2555 B
396 2545 408 2550 -
427 2532 572 2558 december
587 2533 611 2558 C
627 2545 638 2551 -
657 2532 731 2558 idem
753 2533 778 2558 C
794 2546 828 2550 —
847 2538 891 2565 34.
910 2534 1031 2558 eretIcos
1052 2535 1075 2559 C

7 2624 66 2680 ⁴}
190 2626 200 2645 ¹
218 2628 341 2654 Zeiirino
360 2627 374 2654 ὲ
394 2637 465 2662 pure
487 2637 638 2662 compreso
661 2631 707 2655 nel
731 2631 936 2664 Martlrologio
961 2638 1009 2664 ge·
1148 2629 1160 2647 ⁶
1179 2632 1317 2662 ansms,
1339 2633 1494 2666 aggiunge:
1522 2631 1535 2644 ‘¹
1548 2632 1649 2658 Iuliam
1660 2650 1682 2664 „.
1705 2640 1725 2658 R
1750 2634 1837 2666 copia
1863 2634 1970 2660 Orosio

10 2683 80 2735 ξω
104 2669 269 2702 rolimiano3
287 2671 309 2696 il
328 2671 358 2696 L.
371 2672 415 2701 P„
434 2672 455 2703 1,
479 2679 538 2704 141,
557 2680 615 2697 non
629 2680 757 2698 accenna
776 2672 874 2698 affatto
893 2673 1007 2698 almar·
1059 2673 1116 2698 lino
1135 2673 1171 2699 ad
1191 2673 1206 2688 “
1220 2682 1337 2699 uxorem
1351 2693 1374 2708 „.

13 2726 18 2743 0
48 2711 168 2738 Dario
186 2719 202 2738 e
218 2713 247 2738 lo
266 2713 329 2739 dice
347 2715 499 2747 seppellito
519 2715 562 2740 nel
580 2716 714 2740 cimitero
734 2715 762 2740 di
781 2722 832 2740 san
851 2715 982 2742 Callisto.
1151 2714 1160 2729 ⁷
1178 2717 1359 2749 Eurnorms,
1380 2717 1457 2748 vm,
1476 2724 1511 2742 2ο
1530 2717 1605 2743 dice:
1632 2717 1735 2750 “Opus
1760 2719 1870 2744 Romae
1890 2727 1970 2753 egre-

190 2753 201 2772 ’
219 2756 358 2789 ansrus,
376 2758 522 2789 utrimque.
1058 2759 1072 2773 “
1082 2759 1161 2792 gium
1180 2758 1249 2784 fecit
1262 2760 1380 2790 lavacri,
1399 2767 1471 2791 quae
1491 2760 1672 2786 Antonianae
1690 2762 1880 2793 appellantur,
1898 2762 1970 2787 nihil

190 2795 203 2814 ⁸
221 2798 252 2824 In
272 2799 410 2831 oxosrus„
430 2800 493 2829 VII,
514 2805 555 2832 17,
575 2806 589 2832 7
606 2800 645 2833 (p.
666 2807 679 2825 2
684 2799 738 2833 57),
757 2801 809 2827 che
834 2808 854 2826 a
872 2801 954 2834 copia
972 2802 1009 2826 ad
1060 2801 1233 2834 “praeterea
1251 2803 1435 2828 memorabile
1446 2819 1470 2834 ,μ

57 2843 67 2855 ’«’
104 2838 219 2865 Μαι
237 2849 254 2867 a
272 2843 446 2867 eomincIare
466 2842 539 2875 daig
559 2847 584 2875 5,
603 2850 720 2869 manca:
741 2843 793 2869 “et
811 2846 842 2869 ut
862 2844 897 2868 ab
910 2844 1007 2870 ineur—
1149 2842 1160 2860 ⁸
1181 2844 1323 2876 ansrus,
1343 2845 1398 2870 loc.
1418 2845 1470 2870 cit.

55 2920 60 2921 .
105 2879 121 2895 ‘¹
127 2881 206 2907 sione
224 2882 376 2909 barbarica
396 2885 503 2910 faceret
522 2892 589 2910 suos
607 2892 723 2910 securos
733 2902 759 2918 ,μ
1148 2885 1160 2903 ⁹
1178 2894 1197 2912 a
1217 2887 1303 2920 copia
1315 2887 1393 2912 Beda
1408 2887 1460 2912 che
1475 2888 1584 2920 attinge
1604 2894 1621 2913 a
1634 2888 1846 2921 Hxaaonvmus,
1859 2892 1898 2922 op.
1913 2892 1970 2919 cit„

49 2922 89 2955 13'
191 2923 204 2941 ⁴
223 2925 254 2950 In
272 2926 412 2959 ansms,
433 2927 494 2958 vn,
516 2934 556 2961 17,
571 2928 598 2961 8,
613 2936 714 2954 manca
734 2930 747 2944 “
760 2930 913 2956 Bassianus
931 2938 948 2956 a
961 2938 1005 2956 se·
1060 2936 1123 2961 cap.
1142 2929 1223 2956 tht
1242 2927 1281 2964 (p.
1301 2929 1360 2962 4²)-

105 2964 196 2993 'natu
207 2985 230 2999 ,.
1142 2970 1164 2987 ¹⁰
1183 2972 1326 2997 Mancano
1346 2972 1387 3004 gli
1405 2973 1473 2997 anni
1487 2972 1532 2997 del
1545 2972 1722 3005 pontificato,
1743 2972 1812 3006 pero
1826 2975 1872 3006 qui
1891 2982 1909 2999 n
1922 2982 1969 2999 co-

191 3006 203 3025 ⁸
223 3009 256 3035 In
267 3010 405 3043 ansxus,
416 3011 476 3043 vn,
491 3012 531 3043 18,
543 3018 557 3036 2
573 3011 611 3045 (p.
625 3011 688 3045 258)
699 3020 801 3039 manca
813 3013 865 3039 “et
880 3014 973 3040 minax
983 3032 1007 3046 „.
1063 3015 1112 3047 pia
1130 3014 1176 3040 dal
1196 3014 1223 3039 L.
1245 3015 1290 3044 P..
1307 3014 1331 3047 1,
1349 3023 1377 3047 p.
1398 3021 1458 3047 141.

5 3083 11 3121 a.
4 3044 11 3061 -ι

104 895 196 929 mitis
219 896 392 941 gentibus,
414 896 509 930 uallu
533 897 815 942 distinguendam
846 896 997 940 putauit:
1023 902 1059 929 et
1082 902 1119 929 ut
1142 897 1187 930 ab
1210 895 1408 929 incursione
1433 894 1627 929 bar'barica
1649 896 1786 928 faceret
1807 905 1888 928 suos
1919 906 1972 927 se·
2023 912 2042 925 c.
2075 911 2084 920 v

190 1215 294 1250 Anno
317 1217 362 1251 ab
385 1217 624 1251 incarnatione
648 1218 788 1252 Domini
811 1217 924 1251 CCXI
948 1223 983 1250 et
999 1227 1090 1251 anno
1107 1217 1152 1250 ab
1168 1217 1254 1251 urbe
1279 1217 1420 1251 condita
1444 1216 1704 1251 DCCCCLVII
1721 1216 1884 1249 Aurelius
1899 1215 1972 1249 An·
2025 1214 2038 1253 ‘1¹1

2024 1715 2044 1729 c.
2059 1711 2108 1730 88a

2026 1744 2135 1763 Callistus

2025 1776 2047 1791 a.
2063 1771 2090 1791 C.

2000 2727 2034 2745 ²0

1999 2939 2030 2965 ²5

2108 1773 2196 1791 218-223
