2398 3470
106 256 192 293 [AA-
209 257 243 286 0·
265 257 420 291 ³1⁴·³⁸5]
873 249 1190 287 CHRONICON
1913 244 1960 286 79
2002 258 2077 281 Mun..
2094 262 2129 278 ce.
2144 257 2204 278 80-81

103 383 232 418 Grecia
253 383 384 425 potitus
405 380 578 415 Licinium
602 380 734 414 crebris
756 379 858 413 bellis
889 386 981 413 terra
1004 380 1160 423 marique
1193 385 1430 424 assurgentem
1456 386 1491 412 et
1521 390 1726 422 repressum,
1750 379 1907 412 tandem‘·‘
1923 378 1969 412 ad

102 430 314 473 deditionem
332 434 482 479 coegit¹;
506 434 676 477 priuatum
691 433 791 477 jussit
813 434 928 467 occidi
944 443 1036 466 anno
1061 433 1308 466 dominationis
1323 443 1384 465 sue
1408 433 1484 465 fere
1501 434 1763 476 quintodecimo
1772 432 1794 465 ³.
1835 431 1968 471 Quam-

101 489 155 522 uis
178 488 339 522 omnibus
361 488 431 532 jam
454 486 616 519 ministris
637 485 772 519 nefarie
796 486 1047 527 persecutionis
1069 485 1232 518 extinctis
1243 484 1268 525 ³,
1292 485 1532 518 Alexandrine
1555 484 1650 518 urbis
1673 485 1855 529 presbyter
1870 496 1891 518 a
1905 497 1966 518 ue-

100 543 202 575 ritate
224 541 307 575 fidei
323 540 495 574 catholice
519 540 672 576 deuians,
690 538 862 572 exitiabile
886 539 1043 581 plurimis
1058 539 1186 583 dogma
1208 539 1397 571 constituit.
1444 538 1515 576 Qui
1531 538 1634 571 simul
1656 545 1693 571 ut
1716 539 1865 581 primum
1882 538 1967 572 Ale-

57 595 76 628 5
99 582 246 628 xandrie
270 594 328 627 uel
349 599 462 632 notus,
486 593 543 626 uel
566 598 702 625 notatus
725 592 816 624 inter
840 592 1004 625 confusos
1027 592 1134 636 uulgo
1157 597 1358 631 sectatores,
1382 592 1681 634 insectatoresque
1707 592 1821 624 factus
1844 598 1895 624 est
1924 592 1967 624 ab

101 647 304 682 Alexandro
328 646 482 690 ejusdem
504 651 588 679 tunc
610 645 706 678 urbis
728 644 894 688 episcopo
918 645 1036 687 pulsus
1060 645 1210 679 ecclesia
1233 651 1293 678 est.
1340 645 1498 688 Cumque
1524 644 1691 683 homines,
1708 655 1795 687 quos
1811 646 1848 677 in
1872 656 1966 695 erro-

100 712 174 734 rem
197 701 383 734 seduxerat
406 699 509 732 etiam
532 699 568 731 in
585 698 791 732 seditionem
815 698 995 738 excitaret,
1013 699 1106 742 apud
1131 699 1276 732 Niceam
1292 697 1414 731 urbem
1438 697 1598 730 Bithi'nie
1623 704 1815 731 conuentus
1832 704 1967 732 trecen-

102 760 214 788 torum
237 754 359 786 decem
382 759 417 786 et
439 758 519 786 octo
543 752 787 794 episcoporum
811 752 926 784 fact-u·
951 758 1012 790 est,
1036 763 1100 794 per
1123 763 1211 796 quos
1233 751 1422 784 Arrianum
1446 750 1576 794 dogma
1600 750 1790 791 exitiabile,
1813 758 1848 784 et
1864 752 1968 785 mise-

100 818 176 840 rum
208 817 283 840 esse
314 805 569 839 euidentissime
601 804 869 847 deprehensum,
901 805 1016 846 palam
1041 805 1218 848 proditum
1250 816 1291 838 ac
1321 804 1545 847 reprobatum
1569 810 1634 842 est..
1676 804 1748 838 Sed
1779 805 1869 838 inter
1900 806 1968 838 hec

0 878 7 883 ·<
38 861 78 893 10
100 860 210 893 latent
225 869 342 899 cause,
358 869 421 891 cur
435 857 612 890 uindicem
628 857 783 900 gladium
799 862 834 889 et
857 857 1066 890 destinatam
1081 858 1116 889 in
1139 858 1264 900 impios
1280 857 1496 900 punitionem
1521 856 1767 890 Constantinus
1782 858 1968 901 imperator

0 906 4 917 ¹
101 914 206 947 etiam
229 913 266 945 in
288 911 448 955 proprios
471 910 543 954 egit
565 910 725 942 effectus.
772 909 862 942 Nam
886 909 1045 953 Crispum
1070 911 1179 943 filium
1203 921 1299 943 suum
1322 910 1512 948 interfecit,
1537 916 1572 943 et
1595 910 1767 943 Licinium
1783 911 1889 944 filium
1913 923 1971 945 so-

101 966 202 1005 roris,
224 971 406 1009 postquam
429 965 577 997 Cesares
604 969 683 996 sunt
706 963 825 1002 creati,
849 961 964 996 occidi
994 964 1093 1007 jussit
1106 964 1128 997 ⁴.
1175 964 1344 997 Preterea
1375 964 1502 996 multas
1524 969 1646 1007 gentes
1677 964 1825 998 diuersis
1849 966 1969 1008 preliis

104 1019 243 1064 subegit
256 1019 279 1059 ⁵,
301 1018 480 1051 innumere
502 1017 539 1050 in
562 1027 605 1050 eo
629 1017 736 1050 animi
761 1017 985 1060 corporisque
1009 1018 1156 1050 uirtutes
1181 1018 1391 1057 claruerunt,
1415 1017 1575 1049 militaris
1597 1017 1708 1060 glorie
1726 1019 1969 1061 appetentissi-

8 1099 10 1102 ,
100 1083 187 1113 mus,
209 1073 351 1107 fortuna
372 1071 438 1104 sibi
462 1071 495 1103 in
521 1069 625 1103 bellis
646 1081 815 1114 prospera
837 1070 914 1109 fuit,
937 1070 1108 1103 industria
1130 1071 1385 1115 sagacissimus,
1404 1070 1567 1104 ciuilibus
1589 1070 1721 1104 artibus
1745 1072 1893 1112 deditus,
1917 1073 1969 1105 in-

10 1123 12 1131 *
38 1113 77 1160 13
101 1131 254 1160 sectator
266 1125 348 1170 justi
363 1123 501 1163 amoris,
518 1134 620 1167 quem
643 1123 709 1157 sibi
725 1129 760 1157 et
782 1123 1005 1164 liberalitate,
1022 1130 1058 1156 et
1074 1124 1290 1157 docibilitate
1306 1124 1473 1168 quesiuit:
1498 1123 1587 1157 sicut
1601 1124 1636 1156 in
1655 1125 1832 1158 nonnullis
1847 1126 1969 1160 amicis

6 1178 7 1186 ¹
101 1178 236 1217 dubius,
259 1178 308 1211 ita
330 1178 366 1210 in
388 1177 542 1220 reliquos
566 1178 738 1221 egregius,
761 1177 890 1210 nullam
915 1177 1101 1210 occasione
1124 1178 1396 1220 pretermittens,
1420 1188 1490 1221 quo
1514 1177 1749 1220 opulentiores
1765 1189 1826 1212 eos
1842 1180 1966 1214 clario-

98 1242 223 1275 resque
245 1236 416 1274 prestaret
428 1229 450 1264 ἦ
498 1230 629 1263 Multas
653 1230 748 1275 leges
775 1230 957 1275 abrogauit
970 1231 992 1270 ⁷,
1017 1230 1185 1274 quasdam
1216 1230 1325 1264 bonas
1349 1237 1384 1264 et
1412 1241 1530 1273 equas,
1555 1231 1739 1274 plerasque
1766 1234 1968 1276 superfluas,

98 1283 283 1318 nonnullas
313 1294 463 1317 seueras.
509 1283 643 1317 Urbem
667 1284 820 1317 nominis
849 1285 912 1324 sui,
937 1284 1178 1317 Romanorum
1200 1294 1322 1329 regum
1355 1285 1413 1317 uel
1436 1284 1577 1327 primus,
1609 1285 1667 1317 uel
1688 1285 1780 1319 solus
1811 1286 1967 1327 instituit,

8 1368 17 1378 „
100 1349 168 1382 que
183 1338 258 1372 sola
273 1348 392 1381 espers
407 1337 591 1376 idolorum,
607 1337 654 1371 ad
669 1338 738 1370 hoc
761 1337 963 1370 breuissimo
978 1343 1134 1380 tempore
1159 1338 1302 1371 condita
1318 1349 1338 1370 a
1353 1337 1550 1371 Christiano
1574 1338 1782 1381 imperatore
1800 1347 1968 1383 prouecta

2 1388 16 1438 ξ
37 1393 80 1424 20
104 1397 166 1429 est,
189 1396 227 1423 ut
249 1390 323 1424 sola
344 1390 458 1424 Rome
482 1397 533 1423 tot
556 1391 682 1424 seculis
705 1390 918 1434 miseriisque
941 1397 1120 1433 prouecte,
1144 1391 1256 1424 forma
1288 1398 1323 1424 et
1346 1391 1502 1434 potentia
1532 1392 1656 1425 merito
1679 1393 1789 1435 possit
1812 1394 1931 1437 equari
1944 1394 1967 1428 ³.

99 1444 202 1477 Tunc
225 1443 348 1477 beatus
370 1443 538 1476 Nicolaus
559 1442 742 1476 Mirensis'
767 1444 953 1486 episcopus
976 1443 1161 1477 uirtutibus
1185 1443 1355 1476 radiabat.

188 1497 435 1531 Constantinus
457 1507 541 1530 uero
563 1497 754 1539 imperator
776 1497 926 1539 primum
947 1496 1044 1541 juxto
1069 1497 1193 1530 ordine
1217 1503 1250 1529 et
1273 1497 1335 1539 pia
1366 1497 1445 1530 uice
1467 1498 1571 1530 uertit
1602 1498 1767 1538 edictum,
1790 1500 1967 1543 siquidem

98 1551 229 1590 statuit,
254 1556 354 1583 extra
377 1550 483 1582 ullam
499 1550 677 1582 hominum
695 1549 819 1583 cedem
842 1550 973 1592 templa
990 1550 1117 1588 claudi,
1141 1556 1176 1582 et
1192 1550 1467 1583 Christianorum
1486 1551 1653 1584 ecclesias
1670 1552 1797 1594 aperiri
1809 1553 1833 1586 ⁹.
1881 1554 1968 1587 Mox

23 1637 27 1647 ἱ
100 1604 294 1638 Gothorum
319 1603 536 1642 fortissimas,
559 1609 594 1636 et
619 1603 873 1645 copiosissimas
897 1610 1019 1647 gentes
1040 1604 1078 1636 in
1102 1604 1177 1646 ipso
1200 1603 1375 1637 barbarici
1397 1604 1463 1636 soli
1487 1604 1573 1644 sinu,
1597 1605 1667 1637 hoc
1690 1611 1742 1638 est
1769 1607 1805 1638 in
1829 1607 1968 1640 Sarma-

27 1695 29 1697 ,
56 1655 75 1690 5
99 1662 212 1691 tarum
244 1657 397 1701 regione,
429 1656 571 1689 deleuit.
618 1649 816 1695 Quem'dam
847 1656 1055 1689 Calocerum
1080 1657 1114 1688 in
1146 1657 1265 1702 Cypro
1289 1657 1498 1700 aspirantem
1531 1658 1630 1690 nouis
1660 1658 1764 1691 rebus
1795 1661 1970 1703 oppressit

99 1702 204 1752 (cum)
226 1709 494 1743 Tricennalibus
517 1710 587 1752 suis
609 1710 820 1742 Dalmatium
845 1709 1010 1742 Cesarem
1033 1710 1129 1754 legit.
1175 1710 1333 1754 Cumque
1357 1710 1487 1743 bellum
1510 1711 1546 1742 in
1570 1711 1696 1744 Persas
1718 1712 1907 1752 moliretur,
1932 1714 1968 1747 in

98 1764 184 1797 uilla
205 1763 347 1806 publica
368 1762 468 1806 juxta
490 1763 746 1803 Nicomediam,
770 1763 973 1805 dispositam
996 1763 1085 1796 bene
1110 1764 1358 1806 rempublicam
1383 1764 1462 1797 filiis
1487 1765 1638 1803 tradens,
1663 1765 1754 1798 diem
1772 1766 1859 1800 obiit
1876 1778 1966 1800 anno

97 1817 238 1860 imperii
260 1817 314 1849 sui
336 1826 425 1849 xxxx
448 1817 549 1850 etatis
571 1822 686 1850 autem
709 1826 813 1849 van
829 1815 863 1849 ¹⁰.

30 1910 32 1916 ι
194 1873 208 1888 “
222 1869 471 1903 Constantinus
493 1875 605 1902 autem
636 1869 723 1903 fecit
746 1869 872 1909 Rome,
897 1870 958 1903 ubi
989 1869 1187 1913 baptizatus
1211 1877 1307 1911 est„
1340 1871 1502 1903 basilicas
1525 1871 1617 1912 istas,
1649 1883 1735 1915 quas
1759 1879 1793 1905 et
1818 1875 1966 1907 ornauit.

40 1945 46 1951 ⁷
99 1923 283 1956 Basilicam
306 1922 638 1962 constantinianam,
661 1923 721 1956 ubi
743 1924 859 1966 posuit
882 1923 948 1956 ista
963 1924 1072 1956 dona:
1098 1924 1275 1968 fastigium
1290 1923 1311 1941 ¹¹
1338 1931 1541 1968 argenteum
1562 1925 1732 1964 battutile,
1749 1928 1845 1970 quod
1862 1928 1968 1961 habet

99 1976 134 2009 in
157 1977 274 2009 fronte
298 1976 518 2010 Saluatorem
541 1977 722 2009 sedentem
747 1976 782 2008 in
805 1976 891 2009 sella
916 1987 993 2009 cum
1017 1976 1168 2019 pedibus
1183 1987 1208 2009 v
1231 1977 1432 2019 ponderans
1445 1976 1469 1996 ¹²
1494 1977 1598 2010 libras
1624 1988 1709 2017 CXX,
1728 1985 1763 2011 et
1779 1980 1967 2013 duodecim

99 2030 285 2072 apostolos,
301 2030 361 2073 qui
376 2034 524 2072 pensant
547 2029 672 2073 singuli
690 2029 727 2061 in
749 2029 862 2073 quinis
877 2029 1025 2072 pedibus
1040 2029 1148 2063 libras
1173 2040 1218 2063 xc
1234 2040 1314 2063 cum
1338 2031 1477 2063 coronis
1493 2031 1631 2074 argenti
1646 2033 1833 2074 purissimi.
1880 2034 1966 2067 Item

99 2093 120 2115 a
141 2089 244 2128 tergo
266 2083 512 2126 respicientem
535 2083 573 2115 in
596 2082 717 2116 absida
741 2082 960 2116 Saluatorem
981 2084 1160 2117 sedentem
1184 2085 1220 2116 in
1243 2084 1371 2117 throno
1394 2084 1431 2116 in
1453 2084 1603 2127 pedibus
1626 2095 1651 2117 v
1675 2097 1718 2118 ex
1741 2094 1888 2130 argento
1904 2099 1968 2131 pu-

192 2193 213 2212 1.
227 2185 434 2220 assurgentem]
446 2187 594 2213 astrictum
613 2187 638 2211 Α
648 2187 693 2216 Β,-
711 2187 739 2212 la
753 2187 848 2213 hutone
861 2188 893 2212 «u
905 2187 952 2214 σε·
964 2187 1098 2219 conforme
1109 2196 1126 2212 a
1139 2188 1229 2220 queue
1241 2187 1367 2214 d’Orosio
1387 2203 1420 2208 -
1440 2195 1464 2214 2.
1479 2189 1693 2215 dominacionis
1708 2190 1733 2216 C
1749 2203 1782 2208 —-
1802 2198 1827 2224 3.
1840 2192 1872 2216 {n
1888 2191 1968 2224 Cug-

97 2229 194 2260 gimo
210 2228 240 2253 al
257 2228 288 2252 dt
304 2231 381 2260 sopra
398 2229 443 2253 del
460 2230 535 2261 rssro:
554 2230 610 2263 iam
632 2242 643 2248 -
664 2229 780 2255 nefariis
801 2230 825 2255 C
842 2242 854 2248 -
874 2230 1046 2255 Alexandrle
1064 2230 1088 2254 A
1111 2245 1139 2247 —
1161 2238 1187 2263 4.
1205 2229 1258 2255 fide
1276 2232 1419 2257 catholica
1439 2232 1464 2258 C
1486 2244 1498 2250 -
1516 2231 1663 2257 exiciabile
1684 2233 1707 2258 C
1725 2245 1757 2250 —
1777 2232 1805 2259 6.
1823 2241 1873 2266 eps
1894 2235 1917 2258 C
1934 2247 1968 2252 -

100 2270 157 2303 6-7.
174 2278 268 2296 errore
289 2271 314 2296 C
330 2284 363 2289 —
389 2276 416 2303 7.
434 2271 524 2296 eciam
543 2271 572 2295 in
599 2271 772 2297 sedicionem
797 2271 824 2295 B
835 2272 902 2297 c—
923 2271 948 2296 8.
960 2272 1094 2297 exiciable
1116 2273 1140 2298 C
1159 2286 1190 2290 ——
1209 2279 1235 2304 9.
1249 2274 1279 2297 in
1295 2274 1319 2299 C
1335 2281 1444 2298 manca.-
1463 2274 1507 2298 est
1525 2286 1537 2293 -
1555 2273 1603 2299 Set
1622 2274 1674 2300 BC
1686 2288 1717 2292 -
1735 2281 1776 2300 io.
1789 2275 1967 2302 functionem

99 2314 187 2337 invect
204 2312 236 2337 ds·
251 2314 430 2346 punitionem
444 2314 469 2340 C
486 2327 519 2332 -
542 2321 583 2339 υ.
601 2314 691 2339 eciam
711 2315 742 2339 in
755 2314 863 2348 priores
884 2315 908 2340 C
924 2328 935 2333 -
954 2317 981 2340 et
995 2314 1069 2339 fetus
1086 2315 1113 2339 B
1119 2325 1131 2344 ,-
1149 2315 1288 2346 Onosws,
1306 2315 1368 2345 Vll,
1381 2317 1429 2345 28,
1447 2316 1501 2340 26.-
1521 2315 1634 2341 affectus
1648 2330 1682 2335 —
1700 2317 1740 2342 16.
1754 2325 1810 2350 qua
1822 2318 1848 2341 B
1867 2331 1879 2337 -
1899 2326 1967 2352 opu-

100 2354 238 2380 lenclores
259 2355 283 2380 C
299 2368 334 2374 —
355 2361 444 2386 1940.
463 2357 591 2388 tempore
610 2356 724 2382 condita
743 2355 865 2390 perfecta
883 2358 925 2382 est
938 2357 1015 2385 Bc,-
1033 2357 1060 2382 la
1079 2357 1174 2383 Imm
1193 2358 1225 2382 ds*
1238 2359 1262 2383 C
1276 2357 1291 2381 ἑ
1309 2357 1442 2388 conforme
1460 2366 1477 2382 a
1495 2358 1585 2390 quella
1604 2359 1775 2389 d'ORosms,
1795 2359 1856 2389 VII,
1869 2360 1916 2389 28,
1934 2365 1969 2390 27

102 2396 144 2428 (p.
164 2396 229 2430 273)
245 2410 278 2416 -
292 2402 332 2422 22.
346 2397 565 2430 Constantinus]
585 2399 616 2423 in
631 2399 655 2423 C
670 2398 827 2430 capoletma
838 2399 953 2424 miniata
973 2415 1004 2418 —
1026 2405 1069 2431 25.
1084 2400 1254 2426 Calocerum
1272 2400 1391 2433 quedam
1408 2402 1432 2426 C
1443 2415 1476 2419 —
1491 2401 1532 2425 26.
1547 2401 1727 2426 Dalmaclum
1741 2402 1768 2426 B
1778 2403 1802 2428 C
1814 2415 1847 2421 —·
1861 2409 1905 2435 27.
1918 2410 1968 2436 po·

101 2439 158 2464 alta
170 2438 338 2472 dispositam
352 2439 379 2464 B
397 2453 429 2458 —
450 2446 493 2472 ²9-
511 2441 542 2465 ln
559 2440 621 2465 AB
638 2447 746 2466 manca.-
764 2441 862 2472 Rome,
880 2441 926 2466 che
940 2442 966 2466 si
983 2445 1058 2467 trava
1075 2442 1122 2467 nel
1134 2446 1213 2474 passo
1232 2443 1333 2475 copiato
1351 2443 1383 2467 ai
1399 2443 1474 2468 Beda
1495 2457 1526 2462 —
1547 2450 1590 2476 33.
1609 2445 1693 2468 trono
1714 2445 1740 2471 C

155 2553 158 2556 ι
189 2517 199 2535 ¹
218 2526 237 2545 κ
256 2521 375 2545 omette:
410 2520 476 2545 “sed
495 2521 621 2546 Herculii
647 2527 662 2545 e
682 2521 882 2547 Maximiniani
908 2523 1003 2547 soceri
1145 2521 1156 2539 ⁸
1177 2523 1314 2555 Gnosius,
1335 2523 1397 2554 VII,
1418 2524 1461 2555 28,
1483 2529 1524 2556 27.

102 2559 116 2574 ¹¹
126 2562 169 2587 sui
189 2563 283 2587 motus
297 2563 436 2595 exemplo,
450 2569 485 2587 ne
505 2563 610 2588 iterum
623 2563 783 2595 depositam
802 2571 959 2598 purpuram
974 2565 1003 2589 in
1146 2563 1157 2580 ⁹
1177 2565 1316 2596 Onosms,
1338 2564 1399 2595 VII,
1413 2566 1456 2596 28,
1477 2565 1510 2591 28
1523 2564 1561 2597 (ρ.
1577 2564 1654 2598 273)=
1676 2566 1690 2580 ⁸
1700 2567 1773 2592 Tum
1793 2566 1894 2592 deinde
1909 2568 1966 2599 pri-

46 2614 68 2637 ,·
99 2602 278 2636 “perniciem
299 2604 470 2636 reipublicae
489 2607 614 2630 sumeret
625 2622 648 2637 „.
1057 2606 1070 2619 ⁸
1084 2614 1146 2631 mus
1164 2606 1372 2632 Constantinus
1397 2609 1474 2632 iusto
1494 2607 1595 2631 ordine
1621 2611 1649 2631 et
1669 2609 1720 2640 plo
1747 2609 1839 2633 vicem
1862 2610 1966 2635 vei-titt

188 2645 200 2661 ²
217 2645 296 2671 Anno
314 2647 439 2672 dominat.
458 2649 507 2677 etc,
526 2646 542 2673 δ
561 2647 702 2680 agglunto
717 2640 757 2673 'da
775 2655 803 2673 κ.
1057 2648 1219 2680 “siquidem
1238 2650 1342 2674 statuit
1361 2650 1441 2675 extra
1462 2650 1549 2674 unam
1568 2649 1716 2674 hominum
1736 2651 1855 2675 caedem
1879 2658 1965 2683 paga—

47 2720 50 2721 ?
189 2686 201 2703 ³
218 2694 238 2712 ι
257 2689 365 2713 omette
383 2686 460 2713 meta
477 2687 523 2713 del
544 2688 559 2721 ξ
580 2695 610 2714 21
633 2696 648 2714 e
665 2690 744 2714 tutto
764 2690 784 2715 il
804 2696 847 2720 22,
867 2689 910 2716 del
924 2691 1002 2723 capl—
1058 2690 1185 2715 “norum
1205 2691 1312 2722 templa
1334 2691 1427 2716 claudi
1439 2708 1464 2724 ‚.

47 2730 49 2732 ’
99 2729 161 2754 tolo
178 2729 208 2755 di
226 2729 331 2756 Oroslo
350 2731 451 2756 citato.
1138 2730 1160 2748 ¹⁰
1179 2733 1250 2757 Fino
1267 2733 1304 2758 ad
1323 2733 1400 2762 obiit,
1424 2733 1539 2765 cepiano
1559 2733 1594 2758 da
1620 2733 1759 2764 Onosms,
1779 2735 1837 2760 loc.
1863 2742 1877 2759 e
1903 2742 1968 2767 cap.

189 2770 202 2788 ⁴
221 2778 240 2797 ι
254 2773 396 2806 sggiunge
406 2773 432 2798 al
446 2774 519 2798 testo
531 2773 684 2805 Oroslano,
694 2773 756 2807 vu,
770 2774 813 2806 28,
828 2775 861 2800 26
874 2774 913 2807 (p.
923 2775 1003 2809 273);
1057 2772 1116 2806 eit„
1136 2774 1168 2807 §fi
1188 2780 1269 2807 29-31
1283 2773 1322 2807 (p.
1336 2781 1387 2807 ²73
1407 2775 1477 2807 cin).
1518 2776 1593 2801 Beda
1612 2776 1673 2800 dice
1687 2775 1745 2808 (op.
1759 2776 1826 2808 εκ.)
1839 2777 1894 2800 che
1910 2777 1967 2802 Co-

61 2837 65 2840 <
350 2822 367 2839 n
486 2834 494 2842 .
1256 2825 1273 2842 n
1312 2820 1324 2842 t
1360 2817 1400 2842 nt'
1426 2819 1476 2842 nni
1530 2818 1558 2842 di
1593 2819 1602 2842 i
1624 2821 1704 2843 mesi.

50 2842 51 2847 ¹
95 2814 362 2889 Μπῖεξὲωἶ,
369 2816 499 2889 ονῖἶῖἓ
517 2858 577 2890 cit„
588 2857 619 2891 §5
634 2857 715 2884 18-26
733 2858 792 2893 (pp.
806 2860 937 2893 272-273)
949 2860 1003 2885 che
1056 2818 1264 2890 Stantiieri’i
1275 2817 1298 2891 i„
1318 2825 1356 2894 ἔξ
1366 2826 1548 2893 (Βὲοηεεῖιι,
1561 2826 1591 2891 ἵ
1599 2869 1624 2894 p.
1642 2866 1705 2893 1722
1717 2861 1881 2894 fastidium)
1894 2861 1966 2895 pero

189 2939 202 2956 θ
220 2941 402 2972 Eunomus,
421 2942 456 2974 x,
480 2948 495 2973 7
516 2941 555 2975 (p.
578 2943 650 2975 174).
672 2951 692 2969 κ
712 2945 792 2969 muts.
809 2943 878 2976 paro
902 2945 1003 2970 alcune
1057 2946 1116 2975 cit„
1137 2953 1163 2977 p.
1186 2951 1245 2977 191.

100 2983 210 3017 parole.
1138 2984 1160 3002 ¹²
1178 2985 1210 3012 L.
1228 2987 1258 3012 P.
1279 2988 1344 3014 cita
1359 2991 1433 3020 pm.

188 3023 201 3042 '¹
219 3025 401 3058 Eunomus,
419 3026 455 3059 Χ,
472 3026 499 3058 8,
516 3026 613 3061 leggez
632 3028 746 3060 ruem.

1996 2705 2027 2730 ²5

59 2927 62 2928 V
99 2896 246 2930 puna-un
262 2899 443 2931 Eunomus,
461 2900 518 2926 loc.
535 2901 584 2926 cit.
1056 2902 1199 2935 fastigium
1218 2903 1244 2928 sl
1264 2905 1347 2927 trova
1365 2904 1413 2927 nei
1434 2903 1527 2927 codici
1546 2901 1599 2934 8⁰,
1617 2902 1651 2927 E.
1690 2902 1736 2929 Cf.
1755 2906 1821 2928 nota
1845 2910 1887 2937 29,
1908 2905 1966 2929 vol.
1994 2914 2030 2940 30

2045 715 2056 729 c
2079 709 2142 730 ισόιι

2043 1464 2064 1479 c.
2080 1458 2121 1479 10⁶
2129 1457 2142 1477 b
