2398 3470
163 235 251 271 [ΛΑ.
270 235 305 267 c.
324 237 478 270 ειη-οη]

169 304 1097 313 ......................................................................................................

744 229 1034 265 ROMUALDI
1063 228 1429 265 SALERNITANI

1100 303 2022 311 .....................................................................................................

1943 229 2013 264 129
2044 239 2258 263 Mun..cc.127-ns

249 362 303 396 Eo
324 368 495 404 tempore,
518 371 588 404 quo
612 360 835 394 Grimoaldus
860 371 1008 404 regnum
1038 360 1351 405 Langobardorum
1382 360 1589 402 arripuerat,
1622 360 1842 404 Dagobertus
1865 362 2019 393 Franco·
2044 367 2192 391 Dagvbertus
2214 372 2260 386 nx

161 426 236 448 rum
259 427 323 449 rex
344 425 437 448 anno
460 415 560 459 regni
584 415 656 447 eius
678 414 795 453 X1111,
820 414 1079 457 circumpositis
1100 413 1263 458 gentibus
1286 413 1552 457 nationibusque
1576 414 1642 447 sibi
1665 413 1854 458 subiugatis
1885 425 1926 447 ac
1958 425 2021 457 per

162 469 346 502 circuitum
368 477 456 511 pace
480 468 588 508 facta,
611 467 657 501 ad
682 467 847 510 pietatem
868 467 1019 500 intendit
1042 473 1078 500 et
1099 473 1138 500 ut
1160 477 1197 500 se
1219 472 1355 510 gratum
1382 466 1458 499 Deo
1490 467 1693 500 ostenderet
1722 468 1900 500 uniuersas
1931 477 2020 510 pene

161 521 277 555 Gallie
301 521 471 555 ecclesias
493 520 694 564 patrimonii
717 520 769 552 sui
791 520 942 553 heredes
964 521 1121 554 instituit.
1168 520 1254 553 Erat
1276 526 1391 553 autem
1416 520 1454 552 in
1478 530 1588 564 regno
1612 521 1687 553 eius
1709 520 1853 563 Pipinus
1881 522 1926 554 de
1958 533 2021 564 po-

116 573 134 607 5
158 574 356 608 tentissimis
377 573 651 612 Austrasiorum.
673 573 903 607 familiaritati
937 574 1012 606 eius
1035 574 1208 616 inherens,
1237 573 1297 616 qui
1328 572 1459 606 odebat
1490 572 1665 616 improbos
1695 585 1762 607 nec
1795 585 1830 606 se
1854 574 2023 608 miscebat

160 627 352 670 flagitiosis.
399 627 502 660 Hunc
527 627 668 670 quidam
690 626 955 670 malignantium
979 627 1182 670 Dagoberto
1205 626 1322 660 adorsi
1339 632 1418 658 sunt
1433 626 1552 659 facere
1577 626 1745 659 odiosum.
1793 628 1866 661 Sed
1889 627 2021 660 domini

159 686 340 724 protectus
371 680 566 719 clementia,
598 679 695 712 cuius
724 679 759 711 in
791 679 1012 713 obseruanda
1042 680 1170 713 iustitia
1199 679 1399 713 sectabatur
1428 679 1616 722 precepta‚'
1648 685 1683 712 et
1711 681 1854 713 insidias
1883 687 2022 723 paratas

162 733 272 766 euasit
294 739 329 766 et
359 733 436 776 regi
465 732 566 766 utilia
586 732 767 765 suadendo
795 732 1013 765 fidelissimus
1045 733 1216 776 apparuit.

160 786 345 829 episcopus
367 786 483 819 locum
507 787 567 830 qui
592 785 778 819 Paradisus
801 785 929 818 dicitur
945 792 1025 819 ante
1042 786 1221 819 basilicam
1238 786 1332 819 beati
1354 785 1451 818 Petri
1474 785 1623 828 apostoli
1648 786 1807 819 candidis
1830 793 1866 819 et
1889 788 2022 830 magnis

37 859 43 874 2
99 841 139 872 10
162 839 390 875 marmoribus
407 841 529 873 strauit
541 839 562 872 ¹.
600 841 615 857 “
628 839 704 872 Hac
727 844 931 882 tempestate
948 841 1163 873 Francorum
1180 840 1354 872 exercitus
1371 839 1415 871 de
1428 837 1616 872 Prouincia
1629 839 1812 883 egrediens
1828 840 1864 872 in
1881 840 2018 873 Italiam

2098 698 2109 710 c
2115 707 2119 711 .
2135 693 2171 715 ¹50¹
2181 692 2193 710 Ιι

1268 732 1360 765 “His
1391 732 1513 765 diebus
1543 732 1664 765 Donus
1695 743 1838 766 romane
1869 733 2020 766 ecclesie
2047 741 2124 759 υυιιιω
2138 741 2199 764 suma

166 893 364 926 “introiuit
410 893 542 926 Contra
577 902 664 935 quos
696 891 920 925 Grimoaldus
952 903 1030 925 cum
1059 892 1302 936 Langobardis
1331 902 1535 935 progressus
1566 892 1634 924 hac
1665 899 1739 926 arte
1770 903 1830 926 eos
1861 894 2012 936 decepit.
2038 904 2184 924 arsamum...-
2208 911 2253 925 ‚m

164 948 178 964 ‘⁴
194 947 330 990 Fugere
353 946 485 990 quippe
508 955 629 979 eorum
652 946 781 988 impetu
805 946 981 985 simulans,
1006 952 1120 979 castra
1144 946 1229 988 [sua]
1253 946 1352 978 simul
1376 956 1454 979 cum
1478 946 1638 979 tentoriis
1669 952 1705 979 et
1722 947 1868 979 diuersis
1891 947 2024 989 pariter

165 1001 181 1018 “
194 999 306 1039 bonis,
329 999 568 1043 precipueque
590 999 663 1032 uini
687 998 807 1042 optimi
823 999 935 1042 copia,
952 999 1151 1032 hominibus
1166 1005 1281 1032 autem
1297 1009 1409 1032 uacua
1425 999 1578 1042 reliquit.
1613 998 1695 1037 Quo
1712 1010 1790 1032 cum
1806 1001 2020 1034 Francorum

40 1139 41 1142 ,
98 1105 137 1139 ι5

163 1055 178 1071 ‘⁶
192 1052 286 1086 acies
310 1053 543 1091 aduenissent,
559 1052 759 1085 estimantes
776 1052 1016 1085 Grimoaldum
1034 1063 1112 1086 cum
1129 1052 1371 1097 Langobardis
1394 1063 1525 1095 pauore
1543 1053 1730 1086 deterritos
1746 1060 1860 1086 castra
1882 1054 2021 1097 integra

167 1106 388 1150 “reliquium
413 1116 493 1139 mox
514 1106 577 1139 leti
600 1105 734 1145 effecti,
758 1106 915 1138 certatim
948 1112 1074 1139 cuncta
1104 1106 1276 1140 inuadunt
1300 1112 1335 1139 et
1366 1116 1489 1139 cenam
1522 1106 1812 1139 affluentissimam
1838 1108 2019 1140 instruunt.

163 1161 178 1177 ‘⁴
192 1158 265 1198 Qui
289 1160 372 1193 dum
396 1159 544 1193 diuersis
566 1159 679 1202 epulis
700 1160 879 1202 multoque
903 1159 1086 1202 degrauati
1103 1159 1185 1192 uino
1209 1166 1244 1193 et
1266 1170 1387 1193 somno
1420 1159 1645 1203 quieuissent‚
1670 1160 1892 1194 Grimoaldus
1915 1170 2021 1203 super

163 1215 178 1231 '⁴
192 1223 254 1246 eos
276 1212 389 1246 noctis
412 1212 531 1245 medio
554 1212 690 1245 irruens
712 1218 807 1245 tanta
830 1222 890 1245 eos
914 1212 1003 1245 cede
1027 1213 1216 1255 prostrauit
1250 1218 1287 1246 ut
1309 1213 1369 1245 uix
1391 1213 1496 1255 pauci
1519 1223 1564 1246 ex
1587 1213 1637 1246 eis
1661 1214 1771 1256 elapsi
1795 1215 1841 1247 ad
1872 1215 2019 1256 patriam

163 1268 178 1284 ²
190 1265 363 1300 ualuerint
377 1266 557 1309 repedare.
583 1264 655 1304 Qui
670 1265 769 1298 locus
784 1265 844 1298 ubi
861 1266 930 1299 hoc
945 1272 1078 1309 gestum
1096 1271 1148 1299 est
1162 1277 1272 1309 usque
1288 1265 1393 1299 hodie
1412 1266 1507 1299 riuus
1522 1267 1738 1299 Francorum
1761 1267 1958 1310 appellatur
1970 1291 1985 1307 „
1996 1267 2018 1300 '.

36 1348 42 1359 ,
157 1319 240 1352 Non
263 1323 342 1362 post
365 1318 509 1352 multum
535 1328 620 1351 uero
650 1319 815 1361 temporis
845 1318 1066 1362 Dagobertus
1097 1320 1313 1352 Francorum
1343 1329 1407 1352 rex
1438 1330 1517 1352 cum
1549 1329 1632 1363 rege
1663 1319 1868 1354 Grimoaldo
1897 1321 2019 1354 firmis-

43 1386 46 1387 ’
91 1373 134 1405 20
157 1372 242 1405 sime
266 1372 363 1415 pacis
386 1371 490 1405 fedus
510 1371 616 1405 iniit⁸
638 1381 786 1415 suosque
817 1371 905 1404 filios
937 1372 1146 1416 Sigibertum
1177 1372 1320 1416 quidem
1348 1373 1550 1413 Austrasiis,
1574 1373 1803 1413 Clodoueum,
1827 1384 1912 1407 uero
1943 1375 2019 1417 pari

43 1419 45 1421 ¹
158 1425 327 1470 dignitate
354 1424 516 1459 Neustrie
540 1425 704 1467 prefecit.
749 1424 812 1458 His
836 1424 959 1458 diebus
989 1425 1238 1459 Constantinus
1268 1431 1443 1469 augustus,
1475 1426 1534 1469 qui
1559 1432 1594 1459 et
1616 1426 1789 1460 Constans
1813 1433 1866 1461 est
1896 1428 2015 1470 appel-

157 1477 265 1519 latus',
288 1477 423 1512 Italiam
447 1489 469 1511 a
489 1478 803 1522 Langobardorum
826 1489 930 1511 manu
954 1479 1090 1522 eripere
1115 1479 1270 1522 cupiens,
1294 1479 1633 1522 Constantinopolim
1651 1491 1807 1524 egressus
1823 1481 2013 1514 Tarentum

155 1531 326 1576 applicuit
337 1531 361 1564 ⁴.
406 1531 474 1565 Hic
498 1531 598 1565 Italie
622 1532 708 1565 fines
739 1532 878 1570 inuasit,
910 1542 1098 1576 omnesque
1129 1541 1194 1575 per
1224 1543 1310 1576 quas
1340 1538 1486 1566 uenerat
1515 1532 1828 1577 Langobardorum
1857 1535 2019 1569 ciuitates

156 1586 260 1629 cepit.
306 1585 475 1619 Ortonam
488 1585 500 1602 ⁵
534 1590 650 1618 autem
681 1591 786 1628 atque
816 1585 1002 1618 Luceriam
1034 1591 1069 1619 et
1100 1585 1256 1618 Ecanam
1289 1586 1441 1629 aliasque
1476 1585 1605 1628 Apulie
1642 1587 1803 1620 civitates
1836 1588 2018 1628 inuadens,

42 1631 49 1681 ’-
89 1637 131 1672 25
155 1639 381 1683 expugnauit,
404 1639 514 1672 diruit
542 1644 579 1672 et
608 1639 654 1672 ad
683 1639 793 1672 solum
823 1650 932 1682 usque
964 1639 1145 1672 destruxit.

1195 1639 1211 1656 ⁸
1226 1638 1450 1672 Acerentiam
1481 1650 1564 1673 uero
1588 1646 1734 1683 propter
1755 1642 2018 1675 munitissimam

157 1692 173 1710 ⁸
188 1692 260 1726 loci
281 1692 491 1736 positionem
514 1701 643 1735 capere
666 1693 808 1725 minime
824 1692 945 1735 potuit.
992 1693 1129 1726 Deinde
1153 1703 1233 1725 cum
1248 1693 1341 1726 omni
1357 1702 1420 1726 suo
1437 1694 1593 1726 exercitu
1609 1692 1848 1728 Beneuentum
1871 1695 2018 1728 circum-

160 1747 175 1764 “
188 1746 289 1780 dedit
311 1751 347 1779 et
368 1746 596 1779 uehementer
619 1757 695 1779 eam
713 1756 912 1790 expugnare
930 1746 1023 1788 cepit
1037 1770 1052 1786 ‚,
1070 1744 1092 1779 ⁶.
1138 1746 1188 1779 At
1203 1746 1420 1780 Romoaldus
1443 1747 1533 1780 filius
1556 1747 1750 1781 Grimoaldi
1775 1749 1879 1792 regis,
1902 1750 2015 1783 statim

153 1805 192 1833 ut
212 1799 433 1842 imperatoris
456 1799 645 1832 aduentum
668 1799 845 1843 cognouit,
870 1800 915 1832 ad
931 1805 1065 1842 patrem
1088 1810 1186 1833 suum
1210 1799 1338 1833 direxit
1361 1799 1548 1833 obsecrans
1571 1807 1608 1833 ut
1638 1803 1846 1845 quantocius
1868 1803 2017 1844 ueniret,

49 1895 53 1897 s
155 1860 191 1886 et
212 1862 274 1886 suo
297 1852 393 1896 figlio
417 1862 459 1885 ac
491 1852 747 1885 Beneuentanis
769 1858 933 1896 potenter
955 1857 1184 1886 succurreret.
1232 1851 1340 1891 Quod
1373 1853 1597 1887 Grimoaldus
1628 1865 1689 1887 rex
1711 1854 1869 1895 audiens,
1901 1858 2015 1890 statim

86 1907 129 1938 30
155 1916 237 1939 cum
260 1905 418 1940 exercitu
440 1905 681 1939 Beneuentum
705 1916 894 1949 properare
919 1906 1039 1949 coepit
1051 1904 1074 1939 ⁷.
1119 1907 1206 1940 Erat
1227 1912 1343 1940 autem
1365 1912 1450 1940 tunc
1473 1907 1801 1942 Beneuentanorum
1827 1909 2015 1953 episcopus

154 1958 276 1992 beatus
298 1958 469 1992 Barbatus
480 1958 503 1992 ⁸.

247 2011 439 2046 “Metuens
460 2012 568 2057 igitur
589 2013 779 2056 imperator
800 2012 952 2046 subitum
976 2012 1172 2046 Grimoaldi
1195 2013 1288 2058 regis
1308 2013 1507 2055 aduentum,
1540 2014 1680 2048 dimissa
1702 2015 1898 2050 Beneuenti
1921 2018 2015 2051 obsi-

155 2065 171 2082 “
186 2065 302 2106 dione,
325 2065 512 2109 Neapolim
538 2066 770 2109 proficiscitur
783 2089 798 2106 „
811 2065 834 2098 ⁹.
880 2065 1070 2109 Postquam
1100 2076 1185 2099 uero
1216 2067 1406 2109 imperator
1435 2067 1623 2111 Neapolim
1654 2069 1824 2111 peruenit,
1856 2081 1944 2104 unus
1972 2082 2015 2103 ex

150 2118 225 2152 eius
247 2118 432 2153 comitibus
446 2118 469 2136 ¹⁰
493 2120 550 2152 cui
574 2129 701 2152 nomen
734 2118 906 2152 Saburrus
934 2125 1009 2152 erat
1042 2130 1122 2152 cum
1151 2120 1277 2165 uiginti
1307 2119 1461 2154 millibus
1482 2121 1630 2154 militum
1662 2122 1791 2156 direxit
1803 2122 1838 2162 ¹¹,
1869 2130 1907 2157 ut
1937 2135 2017 2157 cum

45 2208 47 2210 ,
85 2171 128 2206 35
153 2172 355 2206 Grimoaldo
378 2178 560 2217 pugnaret.
607 2172 827 2206 Grimoaldus
851 2173 911 2216 qui
933 2173 1003 2205 iam
1026 2173 1264 2206 Beneuentum
1287 2174 1490 2214 aduenerat,
1512 2175 1581 2208 hoc
1597 2175 1743 2209 audiens
1766 2176 1878 2210 uoluit
1894 2184 2016 2211 contra

242 2290 267 2318 5.
286 2284 387 2311 odibat
406 2285 546 2320 inprobos
566 2286 590 2312 C
608 2298 641 2303 —
660 2284 686 2310 6.
704 2285 861 2318 flagiciosis
882 2286 906 2311 C
923 2298 932 2304 ·
953 2285 1014 2311 face
1031 2285 1064 2317 A,
1088 2286 1176 2310 {nvece
1194 2286 1227 2310 dt
1242 2286 1334 2312 facere
1346 2287 1371 2311 Α
1391 2301 1424 2305 -
1445 2292 1470 2319 7.
1483 2287 1638 2313 clemencIa
1661 2288 1685 2313 C
1701 2302 1734 2306 —
1757 2295 1797 2314 12.
1815 2291 1908 2315 castra
1928 2292 2013 2316 slmul

152 2334 203 2353 sua
224 2326 262 2357 C;
281 2327 346 2353 AB
361 2335 454 2353 nauca
473 2335 523 2353 sua
541 2328 606 2353 eh'e
625 2329 655 2352 {a
674 2327 802 2359 pimus,
821 2329 855 2358 V,
868 2332 883 2359 5
905 2342 937 2346 —
960 2335 999 2361 13·
1019 2328 1144 2360 reliquid
1165 2327 1189 2352 C
1206 2342 1239 2346 —
1260 2328 1302 2354 16.
1319 2330 1414 2363 epulsl
1428 2330 1453 2356 C
1465 2343 1474 2348 -
1488 2337 1610 2364 sompno
1625 2332 1649 2356 C
1665 2344 1699 2350 —
1713 2338 1756 2356 20.
1768 2331 1925 2358 Eustrasiis
1941 2335 1965 2359 C
1982 2347 2014 2352 —

151 2373 195 2401 25.
213 2369 307 2395 solum
326 2370 354 2394 B
370 2377 385 2394 e
402 2369 480 2394 Sasso
498 2383 532 2388 —
553 2368 645 2402 26-27.
664 2369 845 2395 circundedit
858 2370 885 2394 B
901 2377 915 2394 ε
933 2369 1025 2400 Sasw3
1045 2369 1206 2396 elrcndedit
1223 2370 1284 2396 AB
1291 2372 1316 2397 C
1333 2385 1366 2389 -
1386 2371 1429 2397 28.
1448 2379 1532 2404 quam
1551 2373 1646 2398 tocius
1669 2374 1705 2403 C;
1723 2374 1748 2398 Α
1755 2375 1782 2398 Β
1794 2373 1927 2405 conformi·
1938 2375 2013 2401 ΡΛυ-

149 2418 210 2444 Lus,
229 2412 264 2444 V,
283 2419 328 2438 vu
348 2425 382 2431 ——
401 2419 444 2445 33.
464 2420 552 2438 unum
571 2412 648 2437 Sasso
667 2425 700 2430 —
721 2419 764 2445 34.
783 2412 892 2445 viginti
911 2412 1200 2438 misstibusmffltum
1222 2414 1245 2440 C

105 2505 119 2532 5
237 2495 246 2513 ¹
264 2497 391 2528 ΡΑυῑυε,
403 2497 438 2529 V,
457 2504 531 2524 xxxx
545 2497 651 2523 ultimo
670 2497 801 2531 periodo.
814 2497 843 2522 L.
858 2497 897 2527 R,
916 2497 938 2528 Ι,
956 2497 1018 2531 348,
1037 2505 1054 2523 a

10 2539 13 2546 ⁴
147 2539 299 2575 proposlto
313 2539 344 2565 dl
356 2540 458 2565 Donus
478 2547 566 2574 papas
588 2539 601 2553 “
612 2540 665 2565 HIc
684 2540 791 2565 atrium
802 2540 881 2565 beati
894 2540 972 2566 Petri
986 2548 1053 2573 apo-

149 2581 245 2607 “stoli
264 2582 420 2616 superlore,
438 2582 489 2615 qui
508 2584 551 2607 est
570 2583 637 2607 ante
656 2582 806 2607 ecclesiam
825 2583 856 2607 in
883 2583 1052 2616 quadripor-

149 2623 164 2637 ⁴‘
173 2624 272 2655 tlcum,
285 2624 396 2657 magnis
410 2625 599 2649 marmoribus
613 2625 717 2649 stravit
728 2643 752 2656 „.
772 2624 821 2649 Sul
835 2624 1052 2659 quadriportico

148 2667 184 2692 ef.
204 2666 378 2698 Ducnasnm
396 2666 426 2692 I..
445 2668 485 2697 P„
504 2667 526 2697 1,
546 2666 672 2700 266-267,
693 2675 719 2692 n.
741 2673 772 2699 23
793 2674 833 2700 sg.

4 2695 14 2747 ,ᾖ
44 2690 48 2706 ἶ
87 2717 121 2736 10
234 2707 247 2725 ¹
264 2709 352 2741 IDEM,
365 2709 400 2739 V,
413 2715 441 2739 v,
459 2711 538 2734 tutto
552 2709 575 2734 il
588 2717 648 2742 cap.
667 2708 683 2734 δ
696 2710 906 2735 letteralmente
926 2710 1051 2744 copiato.

237 2751 249 2769 ³
266 2751 356 2781 quen,
375 2752 410 2782 V,
429 2758 472 2784 31.
491 2751 576 2777 Parte
589 2752 620 2777 di
633 2753 733 2784 questo
746 2752 874 2784 capitolo
887 2758 907 2776 R
920 2752 949 2778 lo
964 2751 1050 2778 sunta

147 2800 186 2819 un
205 2794 252 2826 po'
271 2794 365 2828 prima
383 2802 398 2819 e
411 2796 617 2827 precIsamente
630 2794 661 2819 in
677 2794 743 2819 “Eo
762 2796 890 2827 tempore
907 2793 1050 2821 Grimoal-

147 2833 162 2848 ¹¹
173 2835 234 2865 dus.
253 2837 306 2861 etc.
319 2852 342 2869 η.
368 2835 415 2862 cf.
428 2844 459 2861 su
480 2839 580 2869 questo
594 2838 686 2870 punto
700 2836 727 2862 la
742 2838 811 2862 nota
821 2836 839 2870 j
849 2836 1050 2863 dell’edlzione

147 2876 177 2902 di
195 2876 320 2908 ΡΑυιυε,
338 2878 492 2911 patrologia
515 2878 622 2907 Latina,
647 2877 735 2908 XCV,
761 2879 815 2904 col.
840 2878 902 2909 612,
926 2881 1049 2912 coplata,

8 2944 18 2962 ‹·
48 2905 49 2908 ¹
88 2925 118 2952 ις
147 2926 232 2945 senza
249 2920 357 2950 citaris,
377 2920 422 2945 dal
445 2920 558 2949 wm-z,
579 2922 608 2945 in
622 2921 660 2946 M.
675 2920 755 2946 GH.
774 2922 832 2950 cit.‚
853 2929 880 2954 p.
902 2928 961 2956 155.

235 2960 249 2978 ⁴
268 2961 355 2991 lnam,
374 2961 409 2991 V,
428 2969 469 2987 vx.

234 3002 247 3020 ⁸
269 3003 430 3036 “Ortona„
461 3013 476 3030 e
503 3004 647 3038 “Ecnns„
679 3013 737 3031 non
765 3013 838 3032 sono
864 3007 990 3033 indicate
1019 3009 1048 3033 in

307 3124 594 3159 T.vn‚p.1-9.

1107 2497 1232 2528 PAuzus,
1251 2498 1285 2529 V,
1305 2506 1359 2530 vu,
1386 2499 1421 2526 ne
1441 2502 1471 2525 in
1494 2501 1508 2515 “
1523 2501 1583 2525 Vita
1611 2502 1727 2526 Barbati
1743 2503 1858 2534 epmopi
1875 2504 2013 2528 Benevcn-

1108 2541 1122 2554 ³
1133 2541 1195 2566 tant
1203 2560 1217 2575 n
1237 2541 1287 2574 (M.
1310 2542 1342 2567 G.
1356 2543 1392 2568 H.
1412 2543 1462 2568 SS.
1487 2544 1548 2573 RR,
1566 2543 1830 2575 Langobaraz‘carum
1854 2547 1880 2570 et
1904 2545 2012 2571 Italica-

1107 2591 1178 2614 rum,
1191 2584 1355 2616 Hannover,
1377 2585 1453 2619 1878,
1474 2594 1501 2619 p.
1516 2586 1579 2621 568)
1600 2588 1651 2613 che
1664 2594 1683 2612 R
1702 2589 1789 2612 tenne
1807 2595 1861 2620 pur
1880 2590 2011 2621 presente

1106 2626 1139 2651 in
1158 2629 1259 2659 questo
1278 2628 1377 2653 brano.

1196 2667 1208 2685 ⁶
1227 2670 1353 2701 Primus.
1373 2671 1406 2701 V,
1427 2678 1480 2702 vn,
1500 2672 1538 2696 fin
1557 2674 1605 2705 qui
1626 2673 1843 2703 letteralmente,
1868 2674 1913 2698 nel
1934 2675 2010 2698 resto

1107 2713 1192 2744 copia
1211 2712 1452 2739 saltuarlamente.

1194 2753 1206 2771 ⁷
1225 2755 1313 2786 lom,
1333 2757 1387 2781 loc.
1407 2758 1456 2781 cit.

1193 2795 1205 2813 ⁸
1230 2797 1291 2823 Vita
1311 2799 1427 2823 Barbati
1444 2799 1559 2831 episcopt·
1577 2800 1759 2824 Beneventani
1777 2800 1824 2825 cit.

1194 2836 1206 2854 ⁹
1224 2839 1350 2869 Pramus,
1369 2840 1403 2870 V,
1422 2846 1498 2872 1x,R
1512 2842 1619 2866 omette
1639 2841 1758 2873 quindi:
1779 2839 1894 2866 “Cuius
1914 2843 2007 2867 tamen

1106 2878 1120 2893 α
1131 2882 1287 2906 exereItum
1308 2881 1452 2913 Mitulam‚
1472 2884 1523 2907 etc.
1538 2901 1561 2915 η.

1182 2922 1204 2939 ¹⁰
1224 2923 1310 2953 IDEM,
1331 2925 1364 2953 V.
1384 2931 1411 2954 x,
1431 2926 1510 2950 dice:
1528 2925 1686 2950 hominibus.

1186 2963 1205 2981 ¹¹
1225 2966 1311 2996 IDEM,
1332 2967 1385 2992 loc.
1405 2969 1463 2997 cit„
1490 2975 1590 2993 manca
1616 2967 1644 2993 la
1670 2967 1871 3001 particolarits
1891 2968 1936 2994 del
1959 2977 2007 2994 nu-

1105 3015 1182 3033 mero
1203 3008 1404 3035 dell’eserclto.

2071 1435 2183 1455 Constans
2200 1436 2224 1455 ll

2091 1495 2110 1508 c.
2126 1494 2166 1514 157
2176 1495 2190 1509 α

2049 1955 2166 1975 Barbatus
2172 1957 2253 1980 episco-

2058 1984 2103 2007 pus
2114 1983 2242 2003 Beneventi

2041 2596 2074 2614 20

2039 2804 2069 2830 ²5

2038 3016 2071 3041 30
