2398 3470
178 242 244 262 Mun.
256 247 291 263 cc.
301 242 382 267 167-168

170 389 288 409 Henricus
303 390 314 410 1
327 395 381 414 rex,

266 417 382 441 1031·106o

169 549 390 601 Benessictliggsl-lllgss
409 550 507 583 Pet-ri
518 549 541 583 8·

224 721 243 735 c.
260 721 302 740 2⁰3
315 722 330 736 α

171 814 301 839 Gregorius
320 815 353 836 bl
360 817 384 840 p.

273 843 386 867 1045-1046

164 974 268 994 Μι”ι·Ιιιιε1
282 974 320 995 IV
323 975 375 999 imp.

179 1002 191 1026 †
207 1006 231 1021 xo
246 1000 295 1022 dec.
313 1008 363 1026 1014

163 1027 267 1048 Michael
283 1029 296 1049 b
310 1028 378 1048 Kala-

162 1054 244 1079 phares
254 1054 306 1080 imp.
320 1061 379 1079 1041-

322 1087 371 1106 ¹⁰⁴²
395 1082 544 1116 riarchis
568 1083 750 1116 dicebatur
772 1084 942 1116 successit
964 1094 1043 1116 cum
1067 1084 1142 1128 Zoy
1164 1083 1388 1126 imperatrice
1401 1084 1424 1117 ⁶.

335 1763 368 1782 10

335 1977 365 2004 ¹5

330 2191 365 2210 20

329 2405 361 2430 25

326 2620 361 2646 30

323 2834 356 2860 35

417 217 486 258 178

413 289 1343 300 ιιιιιιιιιιιιιιιιιιιιιιιιιιιιιιιιιιιιιιιιιιιιιιιιιιιιιιιιιιιιιιιιιιιιιιιιιιιιιιιιιιιιιιιιιιιιιιιιιιιιιι

408 337 633 380 imperatrice
647 339 668 370 ¹.

1181 222 1494 259 CHRONICON

1947 230 2001 265 [A.
2020 231 2054 260 C·
2066 233 2263 268 1031-1039]

714 338 795 381 Ipso
819 348 957 383 quoque
981 348 1073 373 anno
1097 340 1287 373 defunctus
1310 346 1362 372 est
1383 339 1584 373 Robbertus
1607 341 1820 374 Francorum
1835 352 1898 375 rex
1915 343 1972 376 cui
1987 343 2158 377 successit
2173 343 2262 377 filius

406 391 480 424 eius
495 391 680 424 Henricus.
714 391 821 425 Cuius
837 392 871 424 in
888 393 990 426 tertio
1006 403 1097 426 anno
1113 393 1195 425 urbs
1211 393 1334 425 Parisii
1350 393 1510 436 flagrauit
1525 393 1698 432 incendio,
1714 395 1874 438 regnauit
1889 402 2001 430 autem
2015 397 2073 430 hic
2089 397 2263 431 Hem-icus

409 444 508 477 annis
530 443 706 476 XXVIIII
718 443 742 477 ².

494 497 600 530 Anno
613 497 786 531 dominice
799 499 1046 532 incarnationis
1058 500 1287 543 MXXXIIIJ.
1301 499 1494 533 indictione
1511 500 1548 543 IJ
1565 500 1631 533 fuit
1646 500 1788 544 eclipsis
1803 501 1884 535 solis
1899 502 1934 534 in
1950 503 2139 537 festiuitate
2151 504 2264 537 sancti

589 548 670 589 Quo
693 561 785 584 anno
807 552 978 585 Iohannes
1000 563 1091 596 papa
1127 554 1312 586 detunctus
1335 559 1387 586 est
1423 560 1459 587 et
1481 554 1648 586 successit
1682 554 1713 586 ei
1737 554 1949 588 Benedictus
1978 557 2038 599 qui
2070 556 2262 590 uocabatur

405 603 632 642 Theofilatus,
656 604 818 648 seditque
843 605 941 638 annis
963 606 1062 639 XIII.
1108 606 1176 639 Iste
1201 607 1341 650 quidem
1366 607 1411 639 de
1435 607 1640 649 pontificatu
1656 607 1791 640 eiectus
1807 613 1859 641 est
1875 614 1910 641 et
1925 609 2079 652 suscepit
2095 615 2261 653 papatum

171 654 284 675 summ*
305 655 383 707 ''1¹04‘ss
408 657 582 690 Iohannes
606 656 808 691 Sabinensis
831 658 1017 701 episcopus
1041 660 1096 692 cui
1120 669 1245 692 nomen
1270 659 1449 692 Siluester.
1496 659 1540 692 Et
1563 660 1627 692 iste
1652 660 1794 703 quidem
1820 661 1951 694 eiectus
1975 668 2038 695 est.
2084 662 2170 696 Post
2185 663 2263 697 dies

406 709 489 743 LVI
511 715 736 752 recuperatus
759 716 811 743 est
832 721 925 754 papa
947 711 1158 745 Benedictus
1181 711 1239 755 qui
1263 711 1350 754 'post
1373 722 1526 744 mensem
1550 723 1656 745 unum
1681 719 1716 746 et
1739 713 1815 746 dies
1837 714 1908 746 XX
1923 715 2082 747 uendidit
2096 721 2261 758 papatum

403 763 551 796 Iohanni
574 763 775 797 Rauennati
800 764 1092 807 archipresbitero
1116 765 1228 798 sancti
1253 764 1418 798 Iohannis
1442 771 1520 798 ante
1545 771 1680 808 portam
1704 766 1877 806 Latinam,
1901 768 1958 800 cui
1973 777 2100 800 nomen
2115 769 2264 812 positum

408 822 461 849 est
483 816 684 860 Gregorius,
707 817 768 860 qui
790 818 880 851 sedit
903 828 993 851 anno
1017 818 1033 851 1
1058 826 1092 851 et
1115 817 1289 851 mensibus
1312 819 1363 852 VI
1376 818 1399 851 ⁴.

492 870 597 903 Anno
621 870 794 903 dominice
818 870 1070 904 incarnationis
1092 871 1311 915 MXXXVIJ
1336 871 1527 905 indictione
1551 872 1585 905 V
1607 883 1722 905 mense
1747 873 1897 906 Ianuarii
1933 875 1948 892 ⁴⁴
1961 884 2060 907 mons
2089 874 2262 908 Uesubius

409 925 423 941 “
436 924 608 957 eructauit
631 923 832 957 incendium
855 924 904 957 ita
917 948 931 964 „
960 930 997 957 ut
1019 925 1117 968 quasi
1140 925 1268 958 flumen
1298 926 1313 942 “
1326 935 1434 968 usque
1460 926 1504 958 ad
1527 937 1623 958 mare
1647 926 1860 959 discurreret
1876 952 1891 968 „
1906 926 1928 959 ³.

488 975 592 1010 Anno
609 977 783 1010 dominice
807 977 1053 1021 incarnationis
1069 977 1324 1021 MXXXVIIIJ
1340 978 1531 1011 indictione
1546 978 1620 1021 VIJ
1637 979 1733 1023 apud
1749 979 2090 1024 Constantinopolim
2105 980 2262 1015 Michael

403 1030 595 1073 imperator
618 1036 848 1074 cognomento
873 1030 1073 1064 Catalactus
1096 1031 1189 1064 diem
1214 1031 1299 1064 obiit
1321 1042 1413 1064 anno
1437 1031 1506 1064 VII
1531 1032 1603 1064 eius
1618 1032 1767 1075 imperii.

1814 1033 1881 1066 Cui
1905 1033 2060 1066 Michael
2077 1034 2137 1077 qui
2151 1033 2260 1068 Ethe-

1471 1084 1605 1117 Eodem
1622 1096 1713 1118 anno
1730 1096 1849 1119 mense
1866 1085 2046 1119 Februarii
2069 1087 2262 1121 Normanni

400 1136 547 1181 ingressi
569 1136 638 1169 iam
671 1137 709 1169 in
732 1136 906 1181 Apuliam,
930 1144 983 1170 ter
1017 1148 1087 1170 uno
1111 1137 1168 1170 die
1205 1147 1283 1170 cum
1308 1137 1430 1171 Grecis
1460 1139 1558 1181 graui
1582 1139 1694 1181 prelio
1729 1138 1936 1173 dimicatum
1967 1139 2061 1173 inter
2094 1139 2257 1175 Aufidum

402 1200 540 1223 amnem
563 1196 599 1224 et
621 1190 829 1230 Oliuentem,
853 1197 888 1223 et
912 1191 1104 1224 Normanni
1129 1190 1282 1224 uictores
1306 1191 1493 1224 extiterunt
1504 1190 1527 1224 ⁷.
1573 1191 1611 1224 In
1637 1191 1714 1234 ipso
1738 1193 1880 1235 quidem
1904 1194 2016 1236 prelio
2040 1193 2109 1227 fuit
2137 1194 2258 1238 Drogo

490 1345 513 1364 2.
533 1340 624 1364 tercio
645 1341 669 1365 C
685 1349 699 1365 e
718 1341 811 1365 Arndt
829 1354 862 1358 —
881 1348 904 1372 4.
925 1341 1002 1365 Anno
1020 1340 1056 1365 ab
1070 1341 1086 1364 d
1109 1340 1132 1364 C
1149 1341 1214 1363 letto
1228 1340 1263 1364 da
1277 1339 1383 1364 Arndt:
1404 1340 1491 1364 Anno
1511 1341 1545 1365 ab
1564 1340 1695 1366 Domino
1715 1341 1802 1366 Anno
1822 1340 1973 1366 Mxxxw
1988 1342 2068 1367 Sasso
2082 1355 2115 1360 -—
2129 1348 2155 1375 5.
2167 1348 2255 1367 uoco.-

400 1385 448 1408 tur
467 1384 530 1408 AB
549 1398 580 1402 —
603 1390 626 1417 7.
645 1384 702 1410 Iste
721 1391 833 1417 quoque
853 1386 877 1411 C
895 1394 908 1409 e
928 1385 1021 1409 Arndt
1040 1398 1071 1402 -—
1091 1383 1116 1408 8.
1137 1383 1212 1408 LVII
1234 1384 1257 1408 C
1281 1392 1295 1407 e
1319 1384 1411 1408 Arndt
1436 1398 1468 1402 —
1494 1392 1519 1417 9.
1543 1385 1565 1409 1.
1590 1384 1776 1411 Rauennanti
1795 1387 1835 1415 A;
1855 1386 1868 1410 Ι
1887 1393 1956 1411 uero
1974 1386 2036 1411 BC
2053 1399 2086 1404 -
2106 1392 2147 1412 n.
2166 1385 2256 1412 Auno

400 1427 524 1453 Domini
544 1429 568 1454 C
585 1437 599 1454 e
617 1429 722 1459 Arndt;
741 1430 830 1454 Anno
849 1428 1013 1454 Mxxxvn
1034 1429 1114 1454 Sasso
1137 1442 1170 1447 —
1192 1435 1231 1460 13.
1251 1428 1339 1452 Anno
1364 1428 1484 1453 Domini
1506 1430 1530 1454 C
1547 1438 1561 1454 e
1580 1430 1680 1455 Arndt.
1712 1424 1740 1455 Ε
1757 1431 1796 1455 ad
1818 1431 1962 1456 avvertire
1983 1432 2028 1456 che
2053 1439 2071 1456 a
2095 1431 2254 1456 com‘nca‘are

400 1473 559 1497 dall’Anno
579 1473 701 1499 Domlnl
720 1473 844 1499 MXXIV
855 1475 900 1508 fin
917 1474 964 1506 qui
981 1474 1095 1499 I’Arndt
1119 1481 1168 1497 non
1187 1474 1220 1497 ha
1242 1476 1327 1504 punto
1352 1475 1423 1498 sulla
1440 1474 1566 1506 formula
1591 1475 1726 1499 dell’anno
1750 1475 1888 1500 avvertito
1914 1476 1940 1500 le
1968 1476 2093 1501 varianti
2116 1475 2148 1501 ds·
2170 1475 2195 1500 A
2221 1488 2255 1494 -·

402 1522 492 1549 ¹4·15·
510 1517 706 1543 EtheriarchIs
725 1519 751 1543 A
770 1523 873 1544 annem
892 1519 918 1543 A

399 1598 456 1625 “In
476 1601 592 1626 nomine
611 1601 730 1626 Domini
751 1609 826 1627 anno
840 1602 989 1627 undecimo
1002 1602 1183 1634 principatus
1197 1600 1296 1625 domni

400 1642 518 1668 “nostri
540 1642 689 1669 Gunimari
703 1645 767 1678 filio
786 1645 876 1670 domni
899 1645 1041 1670 Guaimari
1055 1644 1175 1676 gloriosi
1191 1643 1298 1677 princi·

399 1685 412 1698 “
424 1685 507 1718 pibus
518 1703 544 1718 ᾗ.
584 1685 647 1711 Coa.
666 1687 743 1719 Dzspl.
765 1688 833 1713 Cav.
847 1687 881 1717 V,
900 1695 948 1721 pp.
965 1693 1038 1719 147e
1051 1694 1119 1719 sgg.,
1136 1693 1185 1719 149
1205 1694 1219 1710 e
1238 1693 1298 1719 sgg.

397 1725 603 1756 Quest’ultIma
625 1729 750 1754 formula
771 1730 827 1763 egli
845 1728 896 1754 uso
915 1737 986 1763 pure
1005 1730 1052 1754 nei
1071 1729 1134 1753 doc.
1154 1727 1215 1757 808,
1237 1727 1298 1759 810,

396 1768 447 1802 813
468 1770 546 1803 degli
566 1771 636 1796 anni
659 1770 726 1796 1028
745 1779 761 1796 e
783 1778 858 1805 1029,
878 1779 892 1797 e
911 1771 1020 1805 perfino
1034 1771 1079 1796 nel
1095 1772 1157 1796 doc.
1171 1769 1224 1802 856
1237 1769 1298 1795 ch’e

398 1811 581 1838 dell’ottobre
602 1820 679 1846 1033.

483 1853 525 1880 La
546 1855 670 1881 formula
690 1855 736 1881 del
755 1857 884 1889 quondam
910 1856 1052 1881 Guaimari
1069 1857 1123 1886 filii
1148 1856 1179 1880 fu
1198 1856 1297 1880 invece

396 1896 590 1929 regolamente
609 1899 720 1930 seguita
739 1898 787 1923 dal
808 1900 911 1923 notato
924 1898 1079 1923 Ademario
1094 1906 1109 1923 a
1122 1898 1297 1923 cominciare

395 1938 558 1972 dall'nprile
580 1947 646 1973 1031
667 1941 741 1973 (doc.
762 1939 814 1974 834
833 1940 917 1973 ecc.)3
936 1948 981 1965 ma
1001 1948 1059 1965 non
1081 1941 1110 1965 su
1131 1941 1241 1973 seguita
1262 1940 1296 1964 da

396 1981 535 2014 Iaquintus
554 1982 601 2007 nel
622 1982 685 2008 doc.
704 1981 758 2016 840
776 1982 822 2007 del
843 1990 909 2008 nov.
931 1990 1006 2016 1031,
1034 1983 1069 2007 da
1088 1982 1223 2007 Mirando
1250 1983 1295 2007 nel

394 2023 458 2048 doc.
477 2023 529 2057 848
549 2025 595 2049 del
616 2025 670 2050 feb.
692 2032 769 2058 1033,
789 2025 839 2050 che
851 2033 906 2058 pur
925 2025 1035 2050 l'aveva
1055 2028 1136 2051 usata
1149 2026 1296 2058 preceden-

394 2068 518 2092 temente
531 2068 579 2093 nei
592 2067 656 2094 doc.
666 2067 727 2101 842,
740 2067 802 2101 843,
815 2067 869 2101 844
879 2077 893 2093 e
906 2068 934 2093 la
945 2067 997 2093 uso
1009 2069 1096 2094 anche
1104 2069 1150 2093 nel
1162 2069 1222 2093 doc.
1234 2068 1294 2101 858.

395 2106 443 2131 Gli
464 2108 571 2141 esempl
589 2108 760 2142 potrebbero
779 2109 1000 2141 moltiplicarsi3
1019 2116 1064 2134 ma
1090 2116 1142 2134 son
1169 2107 1220 2141 piu
1245 2110 1294 2134 che
1311 2121 1319 2133 ι

392 2149 534 2175 bastevoli
555 2157 606 2183 per
623 2151 761 2184 rigettare
780 2151 807 2176 la
826 2152 880 2176 tesi
900 2151 946 2176 del
964 2152 1004 2176 Di
1023 2151 1098 2183 Meo,
1124 2152 1169 2176 del
1194 2152 1294 2184 Kopke

393 2198 408 2215 e
426 2191 472 2217 del
491 2191 691 2218 Wattenbach.
727 2193 782 2217 Del
803 2194 878 2218 resto
898 2193 946 2218 dal
960 2193 1084 2218 chierico
1099 2195 1182 2218 notar
1195 2194 1294 2219 Pietro

392 2234 608 2266 apprendiaruo,
618 2236 651 2260 In
662 2235 750 2260 modo
763 2242 822 2260 non
833 2235 948 2264 dubbio,
962 2235 1011 2261 che
1025 2236 1210 2261 nell’ottobre
1225 2237 1293 2262 1028

392 2275 549 2302 Guaimaro
568 2277 608 2302 111
627 2286 675 2303 era
687 2278 736 2311 gia
750 2286 788 2303 un
801 2279 931 2311 quondam
944 2285 959 2303 e
971 2277 1029 2311 pub
1042 2279 1174 2303 rItenersi
1189 2279 1293 2311 ch’egli

394 2319 424 2343 lo
443 2321 486 2344 sia
504 2318 553 2353 gia
574 2322 650 2346 stato
678 2321 756 2354 dopo
777 2321 799 2346 il
821 2321 948 2346 sebbi-aio
972 2328 988 2346 e
1013 2322 1106 2354 prima
1131 2321 1292 2354 dell’aprlle

395 2368 472 2394 1027,
491 2363 607 2394 quando
627 2370 643 2388 a
662 2361 819 2388 Guaimaro
838 2363 879 2388 111
897 2363 928 2388 fu
948 2364 1097 2388 sostituita
1116 2364 1292 2389 l'intitulatio

390 2404 421 2429 di
441 2402 598 2430 Guaimaro
616 2405 657 2430 IV
677 2413 694 2430 ο
713 2405 750 2436 V,
768 2406 819 2430 che
838 2406 937 2439 voglia
957 2406 1037 2431 dirsi.

480 2444 488 2462 ¹
508 2446 543 2472 H.
562 2445 682 2472 Gstznn
700 2449 750 2472 clt.
769 2447 801 2472 in
820 2447 1036 2478 xxv-naucum,
1058 2448 1076 2472 l.
1097 2456 1118 2472 c.

478 2486 489 2503 ²
510 2489 638 2514 Historia
657 2490 823 2515 Francorum
843 2490 1008 2518 Senonensis,
1028 2490 1047 2514 1.
1067 2497 1091 2514 c.

477 2529 488 2546 ³
508 2530 652 2555 L’ecclissi
673 2530 702 2555 di
724 2531 784 2556 sole
803 2531 849 2556 nel
871 2531 1015 2557 chronicon
1034 2531 1062 2556 S.
1083 2531 1197 2562 Sophiae
1216 2531 1290 2557 Cod.

389 2571 453 2598 Vat.
474 2572 524 2598 lat.
543 2579 614 2606 4339
633 2574 683 2598 cit.
703 2581 719 2598 a
732 2581 754 2598 0.
769 2580 799 2607 13
813 2573 849 2603 A,
861 2571 876 2598 ὲ
888 2574 972 2607 posta
987 2573 1133 2598 nell’anno
1148 2580 1215 2607 1033
1231 2574 1291 2599 ind.

386 2615 414 2640 1:
438 2615 559 2641 “Mense
576 2616 653 2650 Iunlj
680 2616 710 2641 in
731 2616 778 2641 die
797 2616 890 2641 sancti
909 2616 985 2641 Petri
1007 2617 1083 2641 facta
1102 2618 1144 2641 est
1170 2617 1289 2651 ekljpsis

390 2658 485 2683 “solis
496 2676 519 2689 η.
555 2659 593 2683 Di
622 2660 714 2691 prima
738 2666 823 2684 mano
854 2657 922 2692 pero
952 2659 998 2684 nel
1027 2657 1100 2683 Cod.
1126 2659 1156 2683 fu
1184 2661 1287 2684 scritto

389 2700 539 2736 “ekljpsin
551 2719 575 2734 „.
604 2700 711 2731 Questa
731 2703 798 2727 data
817 2703 840 2727 si
861 2702 973 2727 ritrova
994 2702 1070 2734 negli
1093 2702 1162 2726 Anu.
1188 2702 1290 2727 Benev-

387 2752 401 2768 e
420 2744 466 2769 nel
487 2745 580 2769 Breve
601 2745 747 2770 chronicon
769 2745 937 2770 Cassinense.
956 2743 980 2768 11
1004 2744 1147 2769 chronicon
1168 2745 1289 2769 Cavense

386 2787 421 2811 ha
441 2787 540 2812 Panno
563 2793 649 2820 1034:
671 2787 772 2812 “Solis
792 2794 857 2820 pars
876 2788 1002 2812 maxima
1022 2787 1172 2812 obscurata
1191 2789 1233 2811 est
1257 2787 1287 2811 in

392 2829 406 2843 ⁸
418 2829 578 2854 festivitate
596 2829 693 2855 Sancti
714 2829 790 2855 Petri
802 2846 826 2862 η.

474 2871 487 2888 ⁴
506 2874 539 2898 L.
560 2873 599 2903 P„
619 2873 655 2903 11,
674 2878 741 2905 ²70²
763 2872 863 2898 “sedit
881 2880 947 2898 ann.
966 2872 1020 2898 XII
1044 2879 1131 2898 mens.
1149 2872 1202 2905 IIIJ
1228 2873 1287 2897 dies

387 2914 464 2940 “XX
474 2931 500 2947 ,,.
537 2915 549 2939 Ι
568 2915 669 2940 tredlcl
692 2916 760 2940 anni
781 2915 812 2940 di
831 2915 999 2949 pontificato
1021 2922 1079 2940 non
1099 2916 1122 2940 si
1143 2915 1240 2940 hanno
1255 2916 1285 2939 in

385 2964 488 2983 nessun
507 2959 583 2983 testo
603 2958 711 2989 antico,
740 2959 884 2991 spuntano
904 2956 972 2990 pero
994 2958 1023 2982 ln
1052 2956 1209 2990 Cataloghi
1238 2957 1283 2982 del

384 3006 437 3026 sec.
456 2999 518 3026 XV·
553 2999 577 3025 11
604 3000 768 3033 Tbeofilatus
786 3006 805 3026 ο
828 3000 1003 3032 Theofilactus
1022 2998 1079 3033 pub
1105 3006 1181 3025 esser
1207 2999 1285 3025 stato

1354 1586 1435 1612 preso
1456 1581 1502 1605 dal
1523 1582 1588 1607 Cod-
1609 1582 1826 1607 Hannoveraaus
1844 1582 1866 1607 1.
1885 1590 1910 1615 9.
1930 1583 2013 1607 tanto
2032 1579 2083 1615 piu
2101 1582 2153 1607 che
2171 1582 2215 1608 lvi
2227 1581 2253 1607 si

1353 1622 1404 1646 ha:
1427 1621 1487 1647 “Et
1506 1624 1612 1649 exectus
1630 1626 1674 1649 est
1692 1624 1726 1648 de
1746 1624 1917 1657 pontificatu
1936 1626 1965 1649 et
1983 1623 2185 1657 const1[tu]tus
2209 1625 2253 1649 est

1356 1664 1370 1678 ⁸
1381 1666 1411 1688 in
1431 1666 1494 1689 sede
1513 1666 1675 1699 apostolica
1693 1666 1834 1691 Iohannes
1853 1666 2022 1692 Sav1nens1s
2034 1668 2195 1701 episcopus,
2207 1666 2255 1691 cui

1355 1705 1368 1719 “
1379 1710 1537 1739 posuerunt
1557 1715 1659 1732 nomen
1689 1707 1827 1733 silvester
1837 1727 1843 1733 .
1854 1724 1862 1734 .
1874 1727 1880 1733 .
1893 1728 1899 1734 .
1921 1710 2027 1734 iniuste
2045 1709 2142 1734 tenuit
2159 1709 2254 1734 cathe-

1355 1747 1459 1774 “dram
1478 1750 1673 1782 pontificalem
1692 1751 1790 1776 diebus
1809 1750 1882 1776 LVI.
1919 1751 1956 1776 Et
1975 1752 2074 1776 lleitus
2093 1750 2162 1776 Inde
2174 1750 2255 1776 resti-

1355 1791 1368 1805 “
1379 1794 1458 1816 tutus
1477 1794 1519 1817 est
1538 1793 1701 1826 praedictus
1729 1793 1908 1825 Benedictus,
1921 1795 1949 1819 et
1962 1795 2057 1818 tenuIt
2070 1792 2255 1827 pontificatus

1354 1834 1367 1848 α
1378 1842 1466 1860 mens.
1478 1835 1492 1860 I
1505 1836 1566 1861 dies
1578 1836 1640 1862 XX.
1670 1837 1707 1862 Et
1720 1837 1770 1862 Ille
1785 1839 1845 1870 ipse
1857 1845 1922 1862 cum
1936 1837 2016 1862 dedit
2028 1837 2151 1862 Iohanni
2164 1837 2254 1862 archi·

1354 1877 1368 1891 “
1375 1877 1499 1903 diacono
1508 1879 1599 1903 sancti
1607 1879 1745 1904 Iohannis
1753 1880 1787 1904 ad
1796 1882 1911 1912 portam
1917 1879 2061 1911 Latinam,
2070 1887 2122 1905 suo
2129 1880 2254 1912 patrino,

1352 1920 1365 1935 “
1377 1922 1407 1945 in
1428 1921 1475 1946 die
1493 1922 1551 1947 kal.
1570 1923 1645 1951 mai„
1665 1924 1710 1947 cui
1732 1925 1888 1955 posuerunt
1903 1930 2008 1948 nomen
2022 1921 2179 1956 Gregorius
2190 1942 2196 1948 .
2208 1941 2214 1948 .
2224 1939 2232 1948 .
2243 1941 2250 1948 .

1353 1960 1426 1994 “qui
1445 1963 1532 1987 etiam
1552 1962 1648 1987 tenuit
1667 1963 1868 1995 pontificatum
1883 1971 1950 1988 ann.
1968 1962 1982 1988 Ι
2000 1965 2028 1988 et
2046 1971 2125 1988 mens
2143 1962 2217 1996 Ἦν

1440 2002 1450 2019 ⁶
1463 2005 1568 2029 L’anno
1578 2005 1707 2029 dominice
1718 2005 1912 2031 incarnationis
1927 2011 1994 2039 1037
2008 2003 2024 2030 δ
2037 2007 2084 2038 qui
2096 2002 2253 2037 imminue,

1349 2046 1469 2071 essendo
1490 2046 1512 2070 il
1534 2047 1608 2071 fatto
1627 2047 1744 2072 riferito
1763 2048 1827 2072 solo
1846 2048 1928 2079 quasi
1947 2048 2022 2073 colle
2041 2049 2129 2073 steue
2153 2047 2252 2081 parole

1350 2088 1376 2112 al
1399 2087 1467 2120 1036
1485 2089 1565 2119 (anno
1584 2090 1617 2114 ab
1635 2090 1821 2114 incarnatione
1849 2090 1884 2114 ad
1905 2097 1956 2115 uso
1985 2090 2068 2119 reale,
2088 2088 2152 2115 eloe
2173 2089 2252 2123 1037)

1348 2131 1394 2155 nel
1411 2131 1556 2156 chronicon
1573 2131 1723 2163 Casinense,
1739 2139 1754 2156 e
1764 2132 1809 2156 col
1824 2137 1890 2164 1037
1902 2133 1948 2157 nel
1962 2133 2108 2158 chronicon
2122 2132 2253 2158 Caveat.

1349 2168 1502 2197 E'ntrambe
1521 2175 1618 2205 queste
1638 2172 1692 2197 due
1711 2173 1851 2198 cronache
1870 2173 1969 2198 hanno
1990 2174 2080 2199 anche
2091 2174 2115 2199 11
2128 2175 2250 2207 giorno:

1351 2214 1365 2227 “
1375 2216 1455 2239 sexto
1476 2215 1532 2240 kal.
1551 2215 1621 2240 febr.
1633 2234 1658 2247 „.

1436 2254 1447 2272 ⁶
1466 2257 1499 2282 H.
1520 2257 1646 2288 Gnnzen,
1667 2259 1696 2282 in
1716 2258 1936 2289 Knummensu,
1955 2263 1995 2290 op.
2016 2260 2070 2288 cit„
2090 2266 2118 2292 p.
2139 2265 2215 2284 1002.

1436 2297 1447 2314 ⁷
1469 2298 1659 2325 Gmnmmcs
1678 2300 1869 2330 Aruususis,
1894 2299 1929 2330 11,
1957 2308 2024 2333 401:
2051 2299 2132 2326 ‘Ter
2154 2299 2251 2326 Galus

1349 2339 1451 2366 “anno
1471 2342 1596 2367 victoria
1623 2344 1749 2375 contigit
1774 2343 1872 2376 illo„;
1901 2345 2010 2368 mentre
2037 2344 2131 2377 prima
2159 2350 2250 2369 aven

1347 2384 1443 2409 dettoe

1421 2432 1435 2446 “
1446 2434 1564 2466 Agmine
1583 2435 1692 2459 collecto
1713 2434 1887 2466 Graecorum,
1907 2443 2003 2460 rursus
2022 2435 2060 2460 ad
2077 2443 2179 2460 amum

1418 2476 1518 2500 Cannis
1539 2477 1679 2509 adfinem,
1699 2476 1746 2508 qui
1762 2476 1863 2501 dicitur
1882 2477 2003 2510 Aufidus,
2024 2485 2111 2502 omnes

1420 2518 1494 2551 ,Quos
1511 2526 1597 2543 secum
1612 2518 1704 2549 potuit
1723 2519 1846 2543 Michul
1864 2520 2001 2551 deducere,
2022 2519 2105 2544 duxit.

1415 2560 1463 2585 Ad
1474 2563 1597 2592 pugnam
1622 2561 1699 2586 Galli
1715 2561 1846 2586 redeunt.
1857 2577 1864 2586 .
1876 2579 1882 2586 .
1894 2580 1899 2586 .
1911 2579 1935 2593 „.

1710 2608 1763 2640 (M
1781 2609 1813 2634 G.
1828 2608 1875 2639 H..
1891 2609 1942 2635 SS.
1954 2608 2006 2639 JK,
2016 2613 2046 2640 p.
2065 2616 2119 2641 247
2137 2617 2151 2634 e
2169 2607 2247 2643 250).

1344 2662 1405 2688 Οἷα
1418 2664 1535 2689 Annales
1551 2665 1697 2690 Barenses:
1715 2665 1728 2678 ‘¹
1738 2665 1796 2690 An.
1813 2671 1887 2698 1041.
1907 2665 2005 2690 Mense
2018 2666 2122 2691 martio
2136 2665 2247 2691 declino

1346 2705 1359 2718 “
1371 2705 1492 2739 septimo
1514 2707 1641 2731 intrante
1662 2707 1768 2731 factum
1787 2708 1830 2731 est
1849 2706 1992 2740 proelium
2011 2706 2247 2732 Normannorum

1345 2748 1359 2761 “
1370 2749 1398 2773 et
1412 2748 1585 2774 Graecorum
1600 2751 1681 2774 iuxta
1694 2749 1812 2775 fluvium
1825 2749 2002 2775 Dulibentis.
2032 2749 2068 2775 Et
2084 2749 2247 2775 ceciderunt

1345 2788 1411 2812 “ibi
1432 2789 1515 2814 multi
1537 2789 1621 2814 Russi
1643 2791 1670 2814 et
1690 2788 1876 2822 obsequiani.
1912 2788 1976 2823 Ipse
2001 2796 2069 2814 vero
2094 2789 2244 2815 Dulklano

1345 2831 1430 2855 “cum
1451 2831 1560 2864 reliquo
1580 2833 1716 2862 exercitu,
1736 2832 1785 2864 qui
1804 2833 1978 2857 remanserat
1990 2839 2025 2856 ex
2044 2831 2244 2865 ipsoproelio,

1344 2872 1358 2886 ’ί
1368 2873 1466 2906 sugam
1479 2875 1625 2906 petierunt
1637 2875 1668 2899 in
1683 2875 1811 2899 Montem
1821 2874 1963 2899 Pelosum.
1990 2873 2103 2899 Deinde
2113 2874 2245 2899 collecfls

1345 2914 1460 2940 “mense
1479 2915 1552 2940 Maii
1572 2917 1601 2940 in
1622 2923 1709 2940 unum
1729 2916 1863 2940 omnibus
1883 2914 2001 2940 Graecis
2020 2915 2095 2948 apud
2114 2914 2243 2940 Montem

1343 2957 1513 2988 “Malos-em,
1532 2958 1615 2983 quta
1634 2958 1739 2983 fluenta
1758 2957 1871 2988 Aufid13
1890 2958 2041 2983 initiatum
2060 2958 2103 2982 est
2127 2957 2240 2990 proelio

1336 2990 1355 3013 '“
1367 3001 1469 3032 quarto
1487 3000 1533 3025 dle
1553 3001 1689 3031 intrante,
1707 3000 1755 3024 ubi
1782 3001 1925 3032 petierunt
1944 2999 2061 3033 plurimi
2087 2998 2241 3024 Natulichi

2287 818 2370 855 10

2287 1088 2325 1122 15

2282 1799 2315 1827 4⁵
2358 1791 2361 1797 '

2281 2013 2316 2041 ⁵0
2359 1989 2368 1991 ,

2279 2225 2311 2253 ⁵⁵
2363 2245 2370 2263 ‚-
2392 2207 2395 2259 5

2273 2706 2307 2740 ⁶5

2271 2924 2307 2953 ἰο
