2398 3470
170 269 248 295 uu„
263 276 284 291 c.
300 271 325 296 ε.
382 260 431 296 82
966 259 1258 297 ROMUALDI
1286 259 1652 297 SALERNITANI
1920 265 2006 302 [ΛΑ.
2026 267 2062 296 c.
2081 267 2237 302 aso-asel

183 402 261 426 μὴ...
273 404 334 427 papa
471 391 580 434 Julius
602 391 744 424 natione
767 392 949 425 Romanus
971 402 1015 424 ex
1037 397 1136 434 patre
1159 391 1318 429 Rustico,
1335 396 1414 433 post
1433 391 1525 424 hunc
1549 391 1710 434 papalem
1733 391 1886 434 suscepit
1908 392 2056 435 apicem,
2078 393 2239 436 seditque

383 444 481 477 annis
504 454 553 477 xv
574 444 752 478 mensibus
774 455 812 478 11.
859 445 969 477 Huius
992 451 1159 488 precepto
1184 444 1370 477 orientales
1394 444 1551 487 episcopi
1573 445 1719 478 thronos
1742 454 1937 487 suscepere.
1982 445 2028 478 Et
2051 446 2240 486 constituit,

383 503 422 530 ut
437 499 553 531 omnia
567 505 789 531 monumenta
813 505 985 531 cartarum
1001 498 1318 531 ecclesiasticarum
1334 507 1459 535 rerum,
1476 508 1540 541 per
1555 508 1698 530 romane
1714 497 1865 531 ecclesie
1881 497 2003 531 fierent
2019 498 2242 533 Primi-Scri-

383 552 488 591 nium,
513 557 549 584 et
570 551 628 585 hic
651 552 804 595 sepultus
827 558 880 585 est
901 552 937 584 in
960 551 1106 584 basilica
1130 551 1224 584 beati
1247 550 1343 584 Petri
1366 549 1540 593 Apostoli.

208 601 230 642 ζ’,
247 595 336 647 ξ’,ἑξξ
473 604 577 637 Anno
590 604 729 638 Domini
741 605 992 638 CCCXXXIX
1005 612 1039 637 et
1061 607 1075 622 “
1085 615 1175 637 anno
1188 604 1231 637 ab
1243 605 1330 637 urbe
1345 604 1486 638 condita
1497 604 1648 643 MXCII,
1662 604 1882 638 Constantius
1898 605 2090 638 tricesimus
2105 606 2243 650 quintus
2288 603 2307 638 5

390 659 404 676 “
417 658 463 691 ab
486 657 655 702 Augusto,
679 669 758 692 cum
782 658 1012 693 Constantino
1027 657 1037 675 ¹
1061 664 1096 691 et
1120 658 1311 691 Constante
1335 657 1500 691 fratribus
1517 659 1587 690 suis
1601 659 1785 700 imperium
1802 657 1948 701 adeptus
1964 668 2055 692 xxxv
2071 660 2170 692 annis
2192 665 2243 692 te-

391 712 502 744 “nuit.
550 712 632 745 Fuit
651 711 744 744 in'ter
766 722 985 745 successores
1008 711 1228 745 Constantini
1251 717 1287 744 et
1309 711 1502 744 Dalmatius
1525 711 1634 744 Cesar
1649 711 1767 744 fratris
1782 711 1889 744 filius:
1911 712 1974 745 sed
1997 712 2164 745 continuo
2179 713 2243 746 mi-

391 767 406 783 “
419 765 513 798 litari
537 765 695 798 factione
719 765 844 798 fraude
868 766 1035 807 deceptus
1059 771 1121 797 est.
1169 765 1308 797 Interea
1332 765 1484 808 maligna
1499 775 1636 807 semper
1660 765 1826 798 aduersus
1842 765 1954 798 Deum
1969 776 2091 798 uerum
2114 765 2246 799 diaboli

392 819 407 836 ‘⁴
420 818 622 857 infectacio,
647 828 714 862 que
730 819 774 851 ab
789 818 895 852 inicio
911 818 1031 851 mundi
1046 829 1155 861 usque
1180 828 1270 850 nunc
1288 829 1308 850 a
1324 818 1462 851 sincera
1477 818 1545 851 fide
1559 817 1582 857 ¹,
1605 818 1853 862 religionisque
1868 818 2017 857 tramite,
2034 819 2168 852 obfusis
2184 829 2246 852 ne-

394 873 408 889 “
421 871 511 904 bulis
524 871 547 912 ³,
569 872 704 905 lubrica
726 872 908 905 hominum
930 872 1039 905 corda
1054 871 1246 914 perturbat,
1264 877 1445 914 postquam
1462 870 1668 904 Christianis
1683 871 1950 915 imperatoribus
1965 882 2133 905 summam
2148 872 2244 916 regie
2272 872 2312 904 10

242 941 262 955 c.
277 935 338 959 109b
392 926 407 943 ‘⁴
421 925 602 968 potestatis
623 926 660 957 in
684 925 828 958 meliora
850 925 1076 965 uei-tentibus,
1107 925 1293 957 ecclesiam
1325 924 1454 957 Christi
1485 925 1560 958 zelo
1584 924 1756 959 Ido'latrie
1783 926 1946 969 persequi
1977 925 2120 964 destitit,
2151 925 2248 969 aliud

393 979 408 996 ‘⁶
421 979 746 1018 machinamentum,
770 989 840 1022 quo
862 989 926 1021 per
949 979 1088 1011 eosdem
1112 978 1319 1010 christianos
1341 978 1572 1020 imperatores,
1591 978 1720 1011 Christi
1736 978 1919 1011 ecclesiam
1934 984 2088 1018 uexaret‚
2103 979 2248 1012 inuenit.

393 1034 408 1050 “
421 1032 480 1065 Fit
495 1032 601 1075 igitur
624 1032 730 1065 Arrio
753 1033 835 1065 noui
859 1032 986 1065 erroris
1007 1032 1152 1071 auctori,
1171 1032 1364 1075 ceterisque
1381 1031 1560 1074 discipulis
1575 1032 1683 1075 ipsius
1699 1032 1745 1065 ad
1760 1032 2030 1075 familiaritatem
2047 1032 2249 1066 Constancii

394 1085 641 1128 “imperatoris
664 1091 844 1129 promptus
866 1085 992 1124 aditus,
1017 1091 1054 1117 et
1076 1085 1192 1118 facilis
1214 1084 1281 1117 uia.
1329 1084 1478 1118 Suasere
1494 1086 1623 1128 quippe
1648 1084 1850 1118 Constantio
1875 1091 1913 1118 ut
1937 1085 2106 1129 quosdam
2122 1085 2157 1118 in
2173 1085 2249 1119 Deo

395 1140 410 1156 ‘⁴
423 1139 553 1183 gradus
576 1139 699 1172 credat
712 1139 757 1180 „⁴.
2277 1137 2315 1172 15

478 1191 583 1225 Anno
605 1193 723 1236 itaque
747 1193 902 1226 secundo
925 1192 1120 1226 Constantii
1143 1192 1292 1235 imperii,
1315 1192 1392 1235 ipso
1409 1192 1551 1235 quidem
1566 1192 1794 1235 precipiente,
1811 1193 1906 1235 apud
1929 1192 2133 1226 Laodiciam
2148 1191 2250 1238 Syrie

389 1245 511 1278 urbem
535 1255 651 1278 coram
675 1245 810 1289 Judice,
834 1246 986 1283 nomine,
1011 1252 1047 1279 et
1070 1256 1175 1288 opere
1199 1245 1326 1283 Probo,
1350 1245 1460 1277 turbis
1483 1246 1565 1278 hinc
1588 1246 1671 1278 inde
1696 1245 2008 1284 circumstantibus,
2033 1246 2183 1279 maxima
2200 1245 2253 1279 di-

392 1299 554 1342 sputatio,
578 1300 730 1332 omnium
754 1299 895 1342 quidem
920 1299 1171 1332 catholicorum
1195 1298 1352 1338 utillima,
1376 1309 1418 1331 ac
1442 1299 1534 1331 inter
1556 1299 1799 1336 Athanasium,
1832 1304 1935 1341 atque
1958 1298 2101 1332 Arrium
2123 1298 2254 1332 hereti-

393 1363 482 1392 cum,
506 1358 712 1396 ceterosque
735 1353 909 1386 hereticos
931 1352 1099 1385 uentilata
1124 1359 1184 1385 est.
1236 1354 1250 1369 “
1263 1351 1434 1385 Peruerso
1459 1352 1563 1396 igitur
1578 1353 1654 1385 zelo
1670 1358 1824 1396 potestas
1843 1358 1997 1386 armatur
2010 1353 2122 1392 illusa,
2138 1358 2175 1386 et
2188 1352 2252 1387 sub

391 1407 531 1439 nomine
554 1407 736 1449 potestatis
758 1408 811 1451 jus
834 1407 1091 1449 persecucionis
1114 1407 1265 1450 agitatur
1279 1430 1293 1445 „
1307 1406 1334 1437 ⁵:
1361 1407 1443 1439 dum
1465 1406 1625 1449 impietas
1647 1405 1798 1439 Arriana
1828 1406 2022 1441 Constantii
2045 1406 2140 1450 regis
2162 1406 2254 1440 fulta
2277 1407 2320 1440 20

391 1459 545 1503 presidio
568 1459 679 1492 exiliis
702 1459 902 1493 carceribus
926 1465 961 1492 et
983 1459 1090 1492 uariis
1113 1459 1323 1492 affictionum
1346 1459 1469 1498 modis,
1485 1460 1635 1502 primum
1651 1458 1889 1499 Athanasium,
1907 1459 2034 1493 deinde
2050 1469 2170 1493 omnes
2185 1470 2255 1494 non

391 1513 604 1555 inperatorie
633 1513 742 1555 partis
772 1512 955 1556 episcopos
984 1518 1169 1556 persecuta
1201 1518 1262 1545 est.
1309 1513 1362 1545 De
1394 1523 1486 1546 noua
1517 1514 1647 1556 quippe
1678 1513 1826 1546 nominis
1858 1513 2042 1553 electione,
2076 1513 2170 1557 quod
2205 1519 2256 1546 est

399 1567 414 1583 “
428 1566 617 1598 Homousio
632 1590 646 1605 ,,
659 1565 671 1583 ⁶
695 1566 927 1604 contenditur,
950 1572 989 1598 ut
1012 1565 1240 1598 Arrianorum
1264 1566 1386 1608 pocius
1409 1567 1572 1605 ecclesie,
1596 1577 1700 1610 quam
1724 1566 1977 1600 catholicorum
1999 1566 2076 1599 sint.

488 1620 503 1636 “
516 1618 727 1651 Maximinus
756 1618 991 1652 Treuerorum
1022 1619 1209 1662 episcopus
1238 1624 1322 1652 tunc
1353 1618 1467 1652 clarus
1489 1619 1648 1659 habetur,
1671 1630 1693 1652 a
1715 1629 1784 1662 quo
1807 1618 2019 1652 Athanasius
2040 1618 2258 1653 Alexandrie

402 1672 615 1715 “episcopus
637 1682 717 1704 cum
740 1683 762 1704 a
784 1671 987 1705 Constantio
1012 1677 1216 1715 quereretur
1239 1672 1285 1705 ad
1308 1682 1445 1714 penam,
1469 1672 1659 1706 honorifice
1683 1680 1864 1716 susceptus
1887 1678 1940 1705 est
1956 1672 2004 1714 „⁷.
2280 1671 2322 1706 25

170 1716 352 1768 '‘3²32‘ssssss
490 1725 628 1758 Interea
649 1724 763 1758 Rome
787 1725 955 1758 defuncto
978 1725 1070 1769 Julio
1101 1736 1204 1768 papa,
1235 1725 1398 1758 Liberius
1429 1727 1570 1759 natione
1600 1737 1773 1766 romanus,
1797 1737 1842 1759 ex
1863 1732 1962 1769 patre
1986 1726 2156 1770 Augusto,
2179 1732 2260 1770 post

251 1796 271 1810 c.
286 1795 347 1811 ma
396 1781 491 1812 hunc
514 1779 668 1821 suscepit
692 1779 941 1821 episcopatum,
965 1779 1125 1821 seditque
1150 1779 1248 1811 annis
1270 1789 1309 1811 vt
1332 1779 1506 1812 mensibus
1528 1790 1572 1812 111
1585 1778 1607 1813 ⁸.
1654 1780 1723 1812 Hic
1753 1781 1790 1813 in
1815 1780 1916 1813 initio
1943 1780 1997 1812 sui
2027 1780 2258 1823 episcopatus,

396 1832 501 1865 exilio
523 1837 719 1875 reportatur
741 1842 762 1864 a
784 1832 1000 1871 Constantio,
1023 1842 1065 1864 eo
1090 1831 1184 1875 quod
1207 1832 1373 1865 noluisset
1395 1833 1511 1865 heresi
1534 1831 1684 1865 Arriane
1710 1833 1916 1872 consentire,
1933 1838 1969 1866 et
1984 1833 2072 1866 fecit
2093 1833 2131 1866 in
2154 1833 2258 1866 exilio

398 1896 504 1919 annos
526 1891 607 1918 tres.
653 1885 754 1917 Tunc
779 1885 984 1929 congregati
1015 1886 1216 1918 sacerdotes
1246 1896 1326 1918 cum
1356 1886 1509 1918 eiusdem
1541 1886 1672 1919 Liberii
1697 1886 1854 1925 consilio,
1878 1892 1913 1919 et
1940 1886 2188 1920 ordinauerunt
2210 1886 2260 1929 [in

394 1940 474 1972 loco
498 1939 584 1982 ejus]
608 1939 764 1972 Felicem
787 1938 1028 1983 presbyterum
1052 1939 1251 1981 episcopum
1275 1939 1511 1972 uenerabilem
1533 1940 1658 1972 uirum.
1706 1940 1751 1972 Et
1767 1939 1854 1973 fecit
1877 1939 2072 1973 Concilium
2096 1939 2208 1979 Felix,
2224 1945 2260 1973 et
2283 1939 2326 1973 30
2353 1963 2354 1967 ,

397 1993 533 2026 inuenit
557 1993 643 2025 duos
665 1991 889 2036 presbyteros
913 1992 1169 2025 consentientes
1193 1992 1398 2025 Constantio
1420 1992 1591 2037 Augusto,
1615 1993 1754 2026 nomine
1778 1993 1972 2032 Ursaeium,
1997 1998 2033 2026 et
2062 1992 2260 2032 Valentem,

400 2052 436 2079 et
451 2045 572 2091 ejectis
587 2055 667 2078 cum
683 2044 841 2078 Concilio
866 2045 1098 2089 quadraginta
1113 2051 1149 2078 et
1164 2051 1245 2079 octo
1270 2046 1524 2089 episcoporum,
1540 2052 1621 2089 post
1643 2057 1775 2090 paucos
1798 2047 1940 2093 (autem)
1964 2047 2050 2085 dies,
2073 2045 2148 2080 zelo
2164 2047 2262 2080 ducti

491 2178 515 2197 2.
534 2178 625 2197 annos
648 2171 672 2195 C
688 2184 698 2190 -
717 2172 877 2203 susceperat
900 2170 924 2195 C
940 2184 973 2188 —
994 2179 1019 2204 3.
1037 2171 1198 2196 cartharum
1218 2171 1245 2195 B
1263 2185 1295 2189 —
1317 2179 1371 2204 3-4.
1391 2171 1491 2204 primis
1510 2171 1635 2196 crinium
1658 2171 1683 2196 C
1698 2185 1731 2189 —
1753 2177 1776 2204 5.
1796 2171 1865 2197 Aur-x
1882 2173 1911 2196 et
1934 2171 1958 2195 C
1974 2184 1984 2189 -
2004 2170 2197 2197 Constnnclus
2221 2170 2261 2200 0,-

400 2215 564 2248 trigesimus
582 2214 608 2238 B
627 2227 661 2232 —
680 2212 706 2238 6.
723 2213 831 2246 uiginti
851 2214 987 2245 quattuor
1010 2212 1033 2237 C
1050 2227 1082 2231 —
1103 2219 1126 2246 7.
1145 2213 1311 2238 Dalmacius
1335 2213 1358 2237 C
1374 2226 1384 2231 -
1404 2215 1446 2238 set
1468 2213 1492 2237 C
1510 2227 1540 2231 —
1566 2221 1592 2246 9.
1612 2214 1768 2238 infectacio
1788 2221 1840 2246 que
1860 2214 1896 2238 ab
1915 2214 2008 2238 inicio
2032 2213 2055 2237 C
2071 2226 2082 2231 -
2100 2215 2212 2238 comm
2230 2213 2262 2238 dt·

399 2257 508 2282 secanda
526 2264 603 2281 mano
622 2262 675 2288 que
693 2256 724 2279 di
741 2255 949 2288 religionisque
971 2255 995 2279 C
1011 2269 1043 2273 —
1067 2261 1107 2280 12.
1126 2255 1153 2280 X
1170 2256 1194 2280 A
1207 2255 1230 2280 C
1247 2269 1279 2274 —
1303 2263 1390 2288 13-14.
1411 2255 1583 2280 Constancil
1605 2255 1642 2285 C,-
1661 2258 1781 2289 prontus
1799 2256 1826 2279 B
1843 2269 1876 2274 —
1900 2263 1939 2288 14.
1952 2255 2109 2281 Suaserunt
2124 2254 2171 2280 C·
2183 2254 2262 2280 Con·

401 2299 514 2324 stancio
533 2312 565 2317 —-
588 2297 629 2323 16.
647 2296 685 2322 11⁰
703 2297 875 2323 Constancii
899 2297 922 2321 C
938 2311 970 2316 —
992 2303 1033 2329 17.
1052 2297 1100 2322 hic
1118 2299 1147 2323 et
1165 2298 1290 2323 inde....
1315 2298 1338 2322 C
1354 2312 1387 2316 —
1408 2297 1449 2323 18.
1469 2298 1643 2323 catholicum
1666 2298 1689 2323 C
1705 2313 1737 2317 —
1760 2306 1801 2331 19.
1820 2298 1956 2323 Peruersa
1973 2298 2001 2322 B
2021 2312 2051 2316 —
2072 2303 2115 2322 2ο.
2134 2304 2261 2331 perseeu-

358 2348 372 2375 5
404 2342 498 2367 cionis
521 2340 544 2365 C
561 2354 569 2358 -
582 2339 763 2366 ·Constancii
784 2341 808 2365 C
826 2354 858 2358 —
878 2346 919 2364 21.
939 2339 1118 2364 aflictionum
1141 2339 1165 2364 C
1181 2354 1213 2358 —
1240 2346 1282 2365 22.
1308 2340 1494 2373 imperatorie
1517 2340 1540 2364 C
1556 2354 1589 2358 —
1610 2347 1653 2373 23.
1672 2341 1696 2365 {l
1709 2342 1800 2373 primo
1819 2341 1933 2364 membro
1952 2341 1983 2364 di
1998 2339 2181 2365 Homonsion
2198 2339 2214 2364 δ
2231 2341 2261 2364 in

401 2383 589 2408 abbreviatum
608 2396 641 2401 —
662 2389 704 2415 24·
723 2382 932 2407 Treuentorum
955 2381 979 2405 C
995 2396 1027 2400 —
1048 2388 1090 2415 ²5·
1110 2380 1290 2407 Constancio
1313 2382 1337 2406 C
1353 2395 1386 2400 -
1407 2389 1448 2415 ²7·
1469 2383 1529 2407 AB
1542 2382 1565 2407 C
1581 2384 1666 2408 annis
1685 2389 1705 2407 x
1722 2389 1846 2415 correggo
1870 2383 1976 2407 secondo
2000 2382 2030 2407 L.
2049 2382 2093 2411 P..
2117 2381 2184 2407 earn.
2201 2381 2262 2406 Du-

403 2426 513 2453 chesne:
535 2423 577 2454 Cf}
597 2427 659 2449 nota
678 2429 693 2454 7
713 2437 723 2442 -
742 2424 804 2448 AB
817 2423 840 2448 C
855 2431 892 2449 m.
911 2430 966 2448 vn.
989 2422 1031 2454 Cf:
1052 2426 1113 2448 nota
1133 2428 1147 2453 7
1168 2437 1178 2442 -
1198 2424 1290 2448 inicio
1313 2424 1336 2448 C
1353 2439 1386 2443 —-
1406 2423 1448 2449 28.
1469 2423 1647 2450 Constancio
1670 2424 1694 2449 C
1711 2439 1743 2443 —
1764 2432 1805 2458 ²9·
1826 2430 1863 2449 111
1885 2424 1952 2449 6-
1967 2424 2103 2458 29-3o.1n
2117 2423 2183 2448 loco
2202 2424 2262 2457 ejus

402 2468 532 2500 agg-(unta
550 2467 586 2491 da
607 2466 631 2491 C
648 2481 679 2484 —
701 2473 743 2499 31.
763 2466 978 2491 consencientes
1001 2465 1024 2490 C
1039 2479 1050 2484 -
1070 2465 1249 2491 Constanclo
1273 2466 1296 2490 C
1312 2481 1344 2485 ·-
1366 2472 1407 2499 3²·
1427 2466 1512 2492 eleclt
1530 2474 1578 2491 eos
1601 2466 1624 2491 C
1641 2480 1649 2485 -
1669 2472 1765 2491 XLvm
1787 2466 1812 2491 C
1827 2480 1837 2485 -
1857 2465 1975 2499 (autern)
1993 2467 2029 2491 da
2051 2465 2074 2490 C

405 2567 420 2582 ¹¹
429 2566 580 2600 cymiterio
600 2566 746 2597 Balbinae,
759 2566 808 2590 uia
821 2565 987 2597 Aniiatina,
1000 2572 1080 2597 quem
1096 2565 1157 2598 lpse
1172 2565 1306 2590 insistens
1451 2563 1463 2581 ⁶
1482 2563 1635 2599 ὃμοούσιος
1653 2573 1694 2596 ον,
1713 2566 1864 2591 homousia:
1882 2566 1947 2591 vale
1957 2565 2091 2598 Ept'fania
2103 2566 2136 2591 ln
2148 2564 2268 2599 Hippol-

347 2618 380 2636 10
406 2610 420 2624 ⁰¹
431 2610 562 2635 fecum.
573 2626 596 2640 ,μ
634 2609 680 2634 Cf.
706 2609 878 2637 Ducmzsmz,
905 2608 964 2633 vol.
991 2608 1048 2639 cit.,
1075 2615 1102 2640 p.
1121 2614 1172 2640 ²03
1193 2609 1265 2632 nota
1283 2615 1308 2639 4,
1363 2608 1445 2633 Haer.
1466 2614 1525 2641 292,
1547 2615 1560 2640 5
1581 2607 1713 2641 (540-58).
1733 2607 1779 2633 Cf.
1798 2608 1830 2633 E.
1849 2609 1884 2634 A.
1910 2608 2090 2638 Soraecms,
2117 2606 2203 2633 Greek
2218 2606 2267 2631 Le-
2315 2611 2319 2618 ¹

405 2653 480 2678 dove
498 2653 612 2677 afferma
631 2652 682 2676 che
701 2651 723 2675 il
743 2651 875 2676 cimitero
895 2649 910 2675 ὲ
923 2652 1000 2675 stato
1015 2650 1159 2675 riti-ovato
1178 2650 1225 2674 nel
1242 2649 1307 2682 1867
1363 2650 1447 2675 xicon.
1466 2650 1509 2675 La
1529 2651 1630 2684 parola
1655 2651 1763 2676 ricorre
1791 2652 1822 2675 in
1847 2651 1918 2675 Hist.
1943 2651 2033 2679 msc..
2052 2650 2103 2675 lib.
2121 2648 2183 2681 ΧΠ,
2201 2648 2216 2682 fi
2235 2656 2268 2682 43

405 2696 454 2721 dal
471 2696 515 2720 De
534 2695 629 2725 Rossi,
648 2695 748 2720 vlcino
775 2694 802 2718 la
830 2693 979 2727 necropoli
998 2693 1028 2717 di
1048 2693 1173 2718 Callisto
1193 2692 1309 2725 (Bollet.
1363 2692 1433 2717 ediz.
1453 2693 1511 2724 cit„
1531 2701 1557 2726 p.
1578 2699 1639 2726 277.

408 2737 485 2772 1867,
504 2746 531 2770 p.
553 2745 564 2762 1
586 2737 648 2771 sg.).
718 2740 720 2742 '
1452 2733 1464 2751 ⁷
1483 2735 1573 2767 Bmm,
1593 2736 1634 2760 De
1650 2742 1697 2760 sex
1713 2737 1792 2760 aetat.
1811 2735 1870 2764 cit„
1889 2742 1916 2768 p.
1938 2742 1997 2768 113,
2016 2741 2063 2760 an.
2081 2733 2161 2768 4289.
2294 2739 2327 2767 25

497 2779 504 2796 ¹
525 2779 664 2811 OROSIUS,
677 2779 740 2810 VII,
754 2785 796 2813 29,
809 2779 831 2811 1,
843 2786 862 2803 R
876 2779 961 2812 copia
975 2778 1034 2803 alla
1048 2778 1157 2807 lettera,
1170 2777 1309 2803 mutando
1452 2778 1464 2796 ⁸
1481 2777 1510 2802 L.
1530 2778 1574 2807 P..
1588 2785 1615 2810 p.
1635 2783 1703 2810 207:
1726 2777 1740 2791 ‘⁴
1751 2793 1805 2803 ....
1825 2777 1899 2802 sedit
1911 2784 1957 2802 an.
1971 2783 2003 2801 v1
2016 2785 2052 2802 m.
2065 2778 2103 2801 111
2117 2777 2143 2802 d.
2155 2782 2267 2802 1111....

348 2827 378 2854 15
406 2824 525 2856 qualche
548 2824 658 2857 pai-ola,
677 2831 695 2848 ο
717 2823 799 2847 srase.
1365 2819 1464 2844 “sedit
1484 2827 1530 2845 an.
1542 2826 1563 2844 x
1576 2828 1613 2845 m.
1632 2826 1678 2845 vn
1687 2837 1712 2851 „,
1732 2818 1747 2845 ὲ
1766 2820 1794 2844 la
1813 2819 1927 2844 lezIone
1953 2820 1999 2844 dei
2019 2818 2092 2844 Cod.
2111 2819 2157 2844 del
2175 2818 2205 2844 L.
2224 2819 2268 2848 P..

495 2864 506 2881 ²
525 2864 671 2890 Onosws=
689 2873 706 2888 a
722 2865 822 2889 :inem
834 2863 912 2896 fidei.
1365 2862 1448 2886 classi
1473 2861 1496 2886 C
1512 2861 1546 2887 ed
1564 2861 1597 2887 Ε.
1633 2862 1745 2887 Esclusi
1765 2863 1773 2886 i
1795 2861 1883 2886 Cod.=
1914 2861 2053 2886 Vossianus
2078 2860 2121 2891 60,
2142 2859 2268 2891 Guelfer-

494 2906 506 2923 ³
524 2907 618 2932 Imm:
637 2906 731 2940 offusis
747 2913 870 2930 errorum
888 2904 1000 2930 nebulis.
1364 2904 1479 2936 hymnus
1499 2911 1540 2935 10,
1563 2911 1603 2934 11,
1622 2904 1767 2929 BeruensIs
1785 2903 1837 2932 408
1862 2911 1877 2928 e
1902 2903 1924 2928 il
1942 2903 2085 2928 Parisinus
2104 2909 2182 2936 5140,
2201 2910 2269 2936 pare

496 2948 509 2965 ⁴
527 2949 615 2979 IDEM,
634 2949 695 2974 cosi
714 2948 869 2973 continua:
889 2945 902 2960 ⁴‘
913 2948 943 2971 et
961 2947 1010 2979 qui
1031 2954 1078 2980 per
1091 2947 1206 2971 ianuam
1220 2947 1256 2972 ab
1268 2955 1310 2972 er-
1366 2946 1516 2979 probabile
1535 2947 1585 2971 che
1606 2947 1634 2970 la
1648 2946 1762 2971 lezione
1777 2946 1888 2979 seguita
1903 2946 1939 2971 da
1951 2953 1970 2970 a
1983 2946 2076 2970 dei-ivi
2090 2945 2168 2970 dalla
2181 2945 2270 2970 classe
2295 2951 2342 2989 3⁰g

408 2991 423 3006 ¹¹
436 2998 500 3016 rore
521 2991 677 3016 idolatriae
698 2990 791 3015 fuerat
811 2996 946 3022 egressus,
965 2990 1050 3020 etc.„.
1365 2987 1393 3012 Ε
1409 2995 1423 3012 e
1442 2989 1648 3021 precisamentc
1666 2988 1714 3013 dal
1739 2988 1881 3013 Vaticanus
1900 2987 1978 3021 3764,
1997 2995 2048 3013 ms.
2061 2987 2138 3012 della
2150 2986 2206 3012 fine
2223 2986 2270 3012 del

350 3040 382 3058 :o
497 3032 508 3049 ⁵
528 3033 616 3065 Inna,
635 3032 698 3064 vn,
717 3038 790 3067 ²9·4·
1367 3029 1464 3055 secolo
1483 3030 1530 3056 XJ.
