2398 3470
129 273 182 310 [Α.
200 274 236 304 c.
255 275 349 309 11⁷⁷]
703 266 995 304 ROMUALDl
1024 265 1390 303 SALERNITANI

0 231 3 250 l

0 259 3 283 i

0 286 5 369 ξ

127 391 340 435 reciperent,
363 392 458 434 quod
480 391 555 434 ipse
578 401 657 424 cum
679 390 733 430 iis,
755 390 815 435 qui
838 395 953 424 essent
977 390 1022 423 ad
1045 389 1257 433 colloquium
1287 388 1493 432 profecturi,
1523 398 1646 421 secure
1676 393 1818 431 possent
1839 389 1970 422 intrare

118 444 297 478 ,Uenetias
319 450 355 477 et
378 444 484 482 exire,
508 450 543 477 et
565 444 600 477 in
622 443 672 477 eis
694 454 773 477 cum
794 443 898 477 rebus
920 443 990 476 suis
1011 442 1101 476 salui
1123 447 1157 475 et
1179 442 1253 475 sine
1277 442 1399 475 timore
1428 441 1624 484 persistere,
1648 446 1683 474 et
1704 442 1800 485 quod
1823 441 1972 485 impera-

129 503 241 536 torem
263 497 339 530 sine
361 497 525 530 mandato
548 507 640 540 pape
661 496 789 530 intrare
812 497 898 530 fines
920 495 1148 529 Uenetiarum
1172 495 1344 528 ullatenus
1367 505 1436 528 non
1460 494 1698 537 permitterent
1712 519 1728 536 „
1745 494 1765 527 ¹.

216 550 279 583 His
301 556 416 584 autem
441 549 657 589 abeuntibus,
687 549 905 583 Christianus
936 548 1175 587 cancellarius,
1198 548 1258 592 qui
1291 547 1538 586 Ferrarienses,
1562 557 1648 591 quos
1671 548 1707 581 in
1737 548 1830 582 bello
1855 549 1969 582 offen-

85 603 105 637 5
129 605 241 643 derat,
265 603 450 646 plurimum
473 603 658 641 metuebat,
688 603 809 646 quinta
831 602 921 635 feria
943 601 1085 634 maioris
1115 600 1363 644 [hJebdomade
1387 612 1407 633 a
1439 600 1598 634 Ferraria
1620 610 1774 639 mouens,
1804 601 1972 635 Uenetias

128 657 274 690 festinus
297 656 448 691 aduenit.
493 656 592 699 Papa
615 662 730 689 autem
754 654 956 688 Alexander
979 665 1057 688 eum
1079 664 1205 698 magno
1228 659 1401 687 conuentu
1414 654 1770 697 archiepiscoporum,
1789 655 1972 698 episcopo-

129 721 204 744 rum
219 716 254 743 et
269 710 434 743 abbatum
459 709 658 752 paschalem
682 709 918 747 festivitatem,
935 719 1002 751 que
1018 707 1185 741 vicesimo
1209 713 1332 750 quarta
1349 707 1405 740 die
1429 707 1557 740 mensis
1579 706 1711 750 Aprilis
1723 708 1734 725 ²
1758 718 1800 741 eo
1816 714 1972 752 tempore

130 763 347 802 occurrebat,
371 773 480 807 usque
503 761 548 795 ad
572 768 725 800 octauas‚
739 767 778 795 ut
792 762 896 796 moris
911 766 974 799 est,
989 760 1148 794 Ferrarie
1170 759 1410 803 sollempniter
1433 760 1635 794 celebrauit.
1680 760 1839 805 Cumque
1863 772 1883 795 a
1898 772 1976 795 car—

23 850 38 863 2,
129 815 314 855 dinalibus,
337 826 423 859 quos
447 815 616 848 Uenetias
638 815 788 853 miserat,
812 815 857 848 de
880 814 1067 847 securitate
1083 824 1103 846 a
1119 814 1209 847 duce
1225 819 1261 847 et
1275 812 1406 856 populo
1422 813 1564 856 prestita
1579 824 1783 857 responsum
1797 815 1973 859 ydoneum

25 876 39 914 {1²
68 870 108 904 10
130 869 337 912 accepisset,
360 879 453 901 nono
477 868 534 900 die
558 868 709 901 intrante
733 867 860 901 mensis
882 867 994 900 Madii
1017 877 1097 899 cum
1126 866 1218 910 regis
1239 866 1369 899 nuntiis
1398 865 1518 910 galeas
1538 866 1723 910 ingressus,
1749 869 1975 911 sequentibus

129 933 207 955 eum
230 922 468 955 cardinalibus
492 927 525 954 et
547 920 765 960 Lombardis‚
789 931 832 954 eo
855 920 914 954 die
936 930 1000 963 per
1022 919 1156 953 Padum
1180 919 1391 953 Laurentum
1414 918 1614 953 'descendit
1626 920 1649 953 ³.

217 974 338 1008 Altera
367 984 452 1007 uero
476 974 534 1007 die
557 984 622 1016 per
643 985 738 1006 mare
760 974 806 1006 ad
831 973 998 1007 Sanctum
1019 971 1218 1012 Nicolaum,
1234 972 1293 1016 qui
1309 971 1436 1005 dicitur
1450 972 1496 1006 ad
1519 972 1608 1011 litus,
1624 973 1805 1016 applicuit.
1851 975 1972 1008 Tertia

129 1035 245 1062 autem
276 1028 333 1061 die
357 1039 378 1060 a
407 1028 498 1061 duce
522 1032 557 1060 et
586 1027 719 1070 populo
749 1026 911 1065 Uenetis,
934 1037 955 1059 a
983 1025 1182 1069 patriarcha
1203 1031 1238 1058 et
1266 1026 1429 1058 uniuerso
1462 1025 1568 1064 clero,
1590 1026 1703 1069 primo
1734 1027 1779 1060 ad
1811 1027 1976 1061 Sanctum

23 1122 25 1125 v
130 1081 301 1120 Marcum,
325 1080 455 1114 dehinc
477 1080 524 1113 ad
546 1080 746 1123 patriarche
768 1079 934 1123 palatium
958 1090 1037 1112 cum
1060 1089 1187 1124 magna
1215 1078 1328 1123 gloria
1351 1084 1404 1112 est
1426 1084 1462 1112 et
1483 1079 1617 1111 honore
1649 1079 1832 1114 deductus.
1876 1081 1977 1115 Post-

68 1135 106 1168 15
131 1145 234 1179 quam
257 1140 372 1167 autem
395 1133 593 1167 cardinales
615 1139 651 1166 et
672 1132 874 1172 Lombardi‚
905 1132 966 1177 qui
987 1143 1114 1176 papam
1143 1132 1284 1166 fuerant
1307 1131 1494 1170 subsecuti,
1523 1132 1692 1165 Uenetias
1723 1134 1976 1176 applicuerunt,

28 1187 30 1190 ’
128 1198 222 1231 papa
244 1187 494 1221 mediatoribus
516 1187 613 1229 pacis
634 1186 795 1225 iniunxit,
819 1191 857 1219 ut
879 1186 916 1218 in
933 1185 1105 1228 cappella,
1120 1197 1188 1230 que
1205 1192 1279 1218 erat
1294 1185 1334 1231 inv
1344 1185 1474 1228 palatio
1490 1185 1699 1228 patriarche,
1715 1187 1976 1228 conuenientes,

131 1241 242 1284 primo
267 1241 311 1274 de
333 1250 421 1283 pace
448 1239 736 1278 Lombardorum,
766 1250 834 1282 que
864 1238 1046 1282 prolixiori
1076 1238 1257 1282 indigebat
1285 1244 1448 1278 nactam,
1479 1238 1648 1272 haberent
1679 1240 1900 1284 colloquium,
1932 1242 1976 1275 de

129 1304 219 1338 pace
241 1293 334 1337 regis
357 1300 392 1327 et
415 1293 579 1332 ecclesie,
603 1303 670 1336 que
694 1293 794 1336 quasi
814 1303 885 1325 una
907 1298 970 1331 est,
993 1292 1211 1335 postmodum
1235 1292 1417 1325 tractaturi
1430 1293 1454 1325 ⁴.

221 1346 309 1380 Cum
332 1353 447 1380 autern
469 1346 537 1380 hoc
560 1346 693 1379 factum
717 1351 818 1384 esset,
841 1351 877 1380 et
898 1345 1050 1378 rationes
1072 1345 1280 1388 multiplices
1301 1345 1448 1378 tuissent
1470 1346 1648 1380 hincinde
1663 1347 1808 1390 prolate,
1823 1348 1978 1381 tamdem

34 1408 45 1434 ’Ξ
66 1401 108 1434 20
130 1399 347 1434 Christianus
369 1398 620 1432 cancellarius⁵
643 1408 707 1444 pro
729 1405 828 1442 parte
851 1398 1071 1441 imperatoris
1094 1398 1300 1430 disiunctam
1323 1397 1497 1440 triplicem
1519 1400 1710 1442 proposuit,
1727 1399 1863 1433 dicens:
1885 1401 1980 1434 “Pe-

136 1453 204 1487 ‘tit
226 1463 248 1485 a
268 1452 371 1486 uobis
394 1452 582 1495 imperator
605 1457 640 1484 et
662 1452 825 1494 postulat,
849 1457 887 1484 ut
909 1457 968 1484 aut
991 1451 1036 1484 de
1057 1451 1234 1496 regalibus
1256 1457 1292 1484 et
1313 1451 1378 1490 his,
1401 1461 1470 1495 que
1493 1452 1540 1485 ad
1563 1463 1640 1485 eum
1668 1453 1843 1495 pertinent
1856 1453 1880 1493 ⁶,
1911 1464 1978 1497 que

136 1509 226 1540 “uos
249 1506 421 1547 detinetis,
443 1505 495 1538 illi
519 1505 684 1538 iustitiam
707 1504 858 1544 faciatis,
883 1510 941 1537 aut
963 1505 1167 1538 sententiam
1190 1515 1211 1536 a
1233 1503 1405 1538 iudicibus
1435 1504 1592 1555 Bononie
1621 1506 1716 1548 apud
1746 1506 1954 1540 Roncaliam
1968 1506 1980 1527 '¹

226 1645 249 1663 ι.
271 1638 408 1663 Venecias
427 1637 451 1661 A
471 1651 503 1655 —
524 1645 549 1670 3.
570 1638 756 1662 Veneciarum
776 1637 800 1661 A
819 1650 852 1654 -
872 1645 897 1669 4.
916 1637 954 1661 Iis
974 1638 1001 1661 B
1021 1637 1051 1667 C,
1070 1637 1151 1662 Sam
1169 1645 1184 1660 ι
1205 1636 1293 1661 Arndt
1317 1649 1350 1655 —
1376 1641 1400 1667 ς.
1425 1636 1581 1662 ebdomade
1605 1638 1629 1662 Α
1652 1651 1661 1656 -
1685 1638 1822 1663 Veuecias
1848 1637 1872 1662 A
1898 1651 1931 1656 —
1955 1646 1982 1671 9.

136 1680 275 1706 venecias
294 1681 318 1705 Α
339 1694 348 1699 -
368 1681 503 1706 idoneum
523 1681 550 1704 B
571 1679 595 1703 C
610 1678 691 1705 sasso
710 1688 724 1703 e
743 1678 837 1704 Arndt
854 1693 887 1697 —
910 1686 949 1704 ro.
968 1679 1082 1704 nunciis
1103 1679 1126 1704 C
1143 1686 1158 1702 e
1176 1677 1268 1704 Arndt
1286 1692 1318 1696 —
1345 1686 1385 1704 η.
1405 1679 1451 1703 die
1469 1679 1494 1704 A
1511 1680 1784 1712 syrannum-dalla
1802 1683 1885 1706 stem
1903 1688 1981 1707 mano

138 1736 170 1742 —-
192 1730 233 1756 13.
252 1723 374 1748 Venecie
394 1723 418 1747 Α
440 1736 471 1740 ἡ
495 1729 534 1755 15.
554 1721 691 1746 Veuecias
712 1721 736 1745 A
758 1735 789 1739 —
812 1728 850 1754 19.
872 1719 966 1749 Quum
986 1721 1010 1744 B
1028 1729 1042 1745 e
1060 1720 1137 1745 Sam
1157 1734 1189 1738 -
1210 1727 1252 1753 zo²
1271 1720 1475 1746 disiunctivam
1495 1721 1520 1745 B
1537 1729 1551 1745 e
1570 1721 1663 1751 Samg
1681 1714 1825 1747 'distincte
1850 1730 1907 1747 rem
1932 1723 1982 1747 tri-

137 1765 240 1800 plicem
263 1764 398 1790 Commo

63 2687 72 2735 *Y¹
83 2712 116 2739 25

73 2910 120 2964 ..³⁰

225 1860 232 1876 ¹
253 1862 340 1894 soso,
360 1862 446 1887 Liber
465 1862 578 1895 Pontis„
599 1862 633 1891 11,
653 1870 678 1895 p.
698 1862 764 1894 438:
786 1861 799 1875 ²
811 1859 923 1890 Quibus
937 1862 971 1886 ad
990 1862 1032 1886 in-

136 1903 150 1918 *
161 1905 251 1929 vicem
266 1904 456 1937 congregatis,
476 1904 510 1929 de
528 1904 591 1928 loco
605 1904 655 1929 ubi
667 1911 740 1937 papa
754 1911 848 1929 secure
862 1905 958 1936 posset
971 1911 1032 1929 cum

136 1945 150 1959 '¹
163 1947 334 1980 imperatore
353 1946 565 1979 presentialiter
578 1946 732 1971 convenire
753 1953 812 1970 non
826 1947 938 1971 modica
957 1947 1034 1971 inter

139 1988 258 2022 “partes
281 1989 434 2014 altercatio
459 1989 591 2019 exstitit3
618 1990 647 2013 et
674 1988 845 2013 Lombardis
873 1988 1035 2022 petentibus

139 2030 154 2044 ³
163 2030 324 2056 Bononiam
345 2031 389 2055 vel
408 2030 585 2056 Placentiam
605 2032 654 2056 aut
667 2030 827 2055 Ferrariam
840 2037 888 2055 seu
902 2030 1035 2059 Paduam,

139 2073 153 2087 ‘¹
163 2073 347 2106 Imperatoris
366 2075 460 2099 autem
479 2073 658 2107 principibus
671 2073 789 2106 Papiam
803 2080 851 2098 seu
870 2072 1035 2098 Ravennam

140 2114 215 2141 “aut
234 2115 369 2141 venetias
387 2116 570 2147 eligentibus,
595 2115 729 2150 pontifex
747 2123 811 2140 cum
831 2115 942 2140 nuntiis
962 2116 1035 2147 regis

141 2158 264 2184 “Sicilie
277 2159 413 2184 Venetias
426 2159 456 2183 in
471 2159 546 2183 hunc
559 2159 675 2183 modum
691 2158 788 2190 elegit,
807 2159 839 2183 ut·
857 2158 883 2183 si
896 2158 955 2182 dux
974 2165 1036 2182 cum

142 2201 274 2235 “populo
304 2201 413 2226 Veneto
441 2202 678 2226 iuramentoriam
707 2202 870 2226 cautionem
899 2202 1038 2233 prestaret

141 2243 156 2257 ⁸
166 2244 242 2276 quod
254 2245 406 2275 antequam
419 2250 475 2276 pax
489 2243 656 2268 confirmata
668 2243 786 2268 firmiter
798 2244 879 2271 esset,
893 2243 955 2267 sine
968 2249 1036 2268 con-

142 2285 249 2312 “seusu
268 2293 340 2320 pape
360 2287 559 2319 imperatorem
583 2285 719 2311 Venetias
746 2285 910 2310 nullatenus
931 2286 1037 2310 intrare

143 2327 364 2361 “permitterent
388 2330 416 2352 et
442 2329 588 2353 venientes
614 2328 684 2352 illuc
710 2335 756 2352 seu
782 2328 931 2352 redeuntes
957 2327 1037 2352 nullo

143 2369 254 2396 “modo
274 2371 453 2403 impedirent,
472 2373 540 2395 tune
559 2377 624 2403 pars
642 2372 760 2402 utraque
780 2370 815 2394 ad
835 2370 930 2394 locum
944 2370 1038 2403 lpsum

143 2412 263 2438 “secure
280 2412 431 2437 accederet.
471 2411 556 2440 Quod
576 2413 610 2436 ad
633 2412 747 2437 verbum
767 2411 914 2444 pontificu
933 2411 1038 2437 sactum

143 2454 158 2468 “
167 2457 210 2480 est
221 2472 245 2487 ,Γ

229 2495 241 2511 ²
259 2497 311 2521 Nel
333 2503 398 2529 ¹177
419 2497 448 2521 la
466 2496 576 2530 Pasqua
595 2497 685 2521 cadde
704 2498 833 2530 appunto
853 2496 924 2529 1124
938 2496 1039 2528 aprile.

231 2537 243 2554 ³
261 2539 347 2568 Boso,
366 2539 451 2564 Liber
464 2539 567 2572 Pontus.
588 2539 641 2563 loc.
660 2540 724 2564 cit.:
745 2538 870 2563 “Exivit
882 2538 1040 2571 (pontifex)

145 2580 158 2594 ‘¹
168 2588 236 2614 ergo
259 2589 275 2606 a
289 2580 418 2606 Ferraria
431 2588 493 2605 cum
505 2581 649 2614 episcopis
662 2582 691 2606 et
703 2581 898 2606 cardinalibus
911 2580 963 2605 VII
977 2581 1040 2605 idus

145 2622 246 2652 “mast
264 2626 292 2648 et
312 2625 374 2648 sine
393 2630 471 2648 mora
490 2622 624 2648 Venetia:
645 2623 797 2653 remeavIt;
817 2624 898 2648 culus
917 2624 1040 2655 vestigIa

146 2666 264 2698 “partes
284 2667 401 2698 utreque
420 2665 549 2691 celeriter
568 2667 636 2690 sunt
656 2665 802 2690 nub-ceute
811 2682 834 2696 „.

232 2706 244 2723 ⁴
261 2707 315 2733 Per
332 2708 407 2732 tutte
427 2707 453 2732 le
471 2708 622 2732 trattative
640 2706 669 2731 di
690 2713 758 2740 pace
777 2707 811 2732 R.
824 2705 839 2731 ὲ
852 2707 881 2731 la
896 2707 976 2732 fonte
990 2704 1041 2739 piii

144 2749 246 2774 diffusa
264 2757 279 2774 e
301 2750 420 2774 minuta.
457 2749 542 2778 noso.
555 2748 634 2773 uber
645 2747 754 2780 Pontis..
768 2748 803 2779 11,
822 2749 889 2782 4382
903 2749 917 2763 ‘¹
927 2748 1042 2775 Consti-

146 2791 160 2805 ¹⁴
171 2791 242 2816 tutls
262 2793 357 2823 itaque
382 2791 563 2824 principibus
588 2798 620 2815 ac
645 2790 816 2816 Lombardis
838 2792 867 2816 iu
887 2792 1041 2825 conspectu

148 2833 162 2847 ‘¹
170 2833 325 2867 pontificis,
343 2832 378 2858 de
396 2833 634 2858 reconciliatlone
654 2833 734 2865 pacis
755 2833 830 2858 inter
844 2840 893 2858 eos
907 2833 944 2858 ad
958 2833 1040 2858 aiter-

148 2873 267 2902 “utrum
286 2876 408 2900 tractare
427 2876 571 2908 ceperunt.
609 2874 658 2899 Set
676 2875 743 2907 qula
765 2874 800 2899 de
819 2874 963 2907 regalibus
986 2881 1042 2900 ma-

151 2917 249 2952 ‘fxime
269 2925 299 2943 ac
320 2917 412 2942 feudis
433 2918 558 2942 maxima
586 2918 660 2942 lnter
684 2924 734 2942 eos
759 2917 956 2942 controversia
983 2924 1042 2942 ver-

150 2959 284 2985 utebatur
303 2961 331 2984 et
351 2966 407 2992 pax
428 2959 552 2984 Ecciesle
572 2959 674 2991 absque
693 2959 812 2984 illorum
831 2966 900 2993 pace
917 2959 1042 2992 quicum

150 3002 164 3015 ‘¹
171 3001 298 3028 Ecclesia
318 3003 418 3027 contra
440 3002 589 3035 imperium
608 3001 729 3027 tirmiter
747 3002 886 3027 steterant
905 3001 964 3027 fleri
986 3007 1041 3026 non

149 3043 299 3073 “debebat‚
318 3045 457 3069 tractatus
477 3043 537 3076 ipse
558 3044 657 3068 multis
678 3043 935 3069 intervenientibus
962 3042 1042 3068 iudu-

1088 1862 1102 1876 ‘
1113 1863 1164 1886 tiis
1183 1869 1268 1894 usque
1287 1861 1323 1886 ad
1342 1862 1541 1894 apostolorum
1561 1861 1637 1886 Petri
1651 1864 1680 1887 et
1693 1863 1777 1887 Pauli
1790 1865 1907 1888 octavas
1921 1870 1983 1895 pro-

1090 1904 1102 1917 ‘⁴
1114 1905 1200 1929 cessit
1209 1922 1234 1936 ,,.

1175 1945 1186 1963 ⁶
1206 1946 1221 1961 “
1231 1946 1428 1972 Cancellarius
1446 1949 1543 1972 autem
1556 1948 1586 1971 in
1601 1949 1688 1972 armis
1701 1950 1844 1977 strenuus,
1863 1949 1984 1973 domnus

1092 1990 1104 2003 “
1117 1990 1226 2015 scillcet
1248 1988 1431 2015 Chrlstianus
1455 1989 1657 2021 Mogontensls
1683 1990 1911 2022 archiepiscopus
1925 2010 1930 2015 .
1942 2007 1948 2015 .
1960 2010 1966 2015 .
1979 2010 1983 2015 .

1092 2032 1190 2057 “etate
1209 2033 1331 2061 iuvenIs,
1350 2033 1460 2057 statura
1480 2031 1642 2063 mediocris,
1668 2032 1740 2057 facie
1760 2032 1879 2057 decorus
1891 2041 1922 2065 γ,ς
1943 2032 1986 2057 De

1085 2077 1150 2107 pace
1167 2074 1262 2099 Veneta
1273 2073 1380 2103 nhuo,
1393 2075 1423 2098 in
1436 2074 1474 2099 M.
1490 2074 1523 2099 G.
1538 2074 1583 2105 H„
1598 2074 1657 2104 SS„
1670 2074 1744 2103 xlx,
1758 2082 1805 2108 pp.
1819 2074 1870 2107 461
1891 2082 1906 2099 e
1925 2074 1985 2107 462.

1176 2114 1188 2132 ⁶
1205 2115 1247 2140 La
1269 2114 1476 2140 “Constitutio
1496 2115 1530 2140 de
1549 2116 1692 2148 regalibus
1703 2134 1727 2148 „,
1747 2116 1823 2141 colia
1836 2117 1920 2149 quale
1934 2116 1984 2141 Fe-

1089 2158 1186 2183 derico
1203 2158 1218 2183 1
1237 2158 1314 2183 nella
1332 2158 1410 2183 dieta
1430 2159 1459 2183 di
1478 2158 1638 2191 Roncaglia
1657 2158 1702 2183 del
1724 2166 1789 2183 nov.
1815 2158 1884 2190 1158
1910 2159 1986 2183 volle

1090 2201 1239 2226 annullare
1259 2202 1266 2225 i
1287 2200 1424 2234 privilegi
1443 2201 1489 2225 dei
1508 2202 1570 2226 suoi
1591 2202 1766 2226 antecessori
1789 2208 1805 2225 e
1832 2202 1987 2226 ristabilire

1089 2243 1118 2269 la
1136 2244 1229 2268 teoria
1254 2243 1519 2276 dell'ounipotenza
1544 2251 1559 2268 e
1584 2243 1838 2269 dell’assoiutismo
1865 2243 1986 2268 deli’lm—

1090 2292 1167 2319 pero,
1187 2286 1379 2319 sviluppatasi
1399 2286 1474 2310 sulla
1487 2286 1553 2310 base
1567 2286 1611 2310 del
1627 2286 1740 2311 Diritto
1754 2286 1893 2315 Romano.
1908 2284 1987 2311 sanci

1092 2329 1180 2353 anche
1199 2326 1493 2361 l’imprescrlttibfflta
1512 2327 1558 2352 del
1578 2328 1674 2353 diritti
1693 2328 1769 2353 dello
1789 2328 1882 2353 Stato.

1182 2369 1395 2404 “....Regalla
1416 2370 1445 2394 id
1464 2372 1507 2395 est
1525 2370 1668 2402 civitates,
1690 2371 1818 2399 ducatus.
1838 2370 1988 2401 marchias,

1094 2411 1279 2444 “comitatus‚
1303 2414 1440 2443 monetas,
1466 2413 1619 2444 teloneum,
1645 2414 1809 2443 mercatum,
1835 2412 1989 2438 advocatas

1095 2454 1108 2468 ‘⁴
1118 2454 1209 2488 regni,
1229 2455 1290 2479 iura
1304 2455 1512 2483 centurionum,
1525 2455 1553 2478 et
1567 2455 1668 2486 curtes,
1680 2455 1728 2486 qui
1744 2455 1895 2479 manifeste
1908 2455 1990 2486 regni

1095 2496 1109 2510 ⁸
1119 2498 1200 2522 erant
1211 2506 1238 2527 ,ς
1254 2497 1350 2526 Com„
1363 2496 1385 2526 Ι,
1398 2503 1442 2530 90,
1459 2503 1536 2521 1111.
1572 2494 1643 2522 Cosl
1657 2495 1881 2529 alPImperatore
1894 2494 1988 2530 ,petto

1094 2539 1115 2563 ll
1134 2538 1238 2564 dititto
1257 2539 1424 2564 d'investire
1444 2539 1455 2563 l
1468 2538 1630 2572 magistrati
1644 2545 1693 2570 per
1705 2538 1990 2563 l‘amministrazione

1093 2580 1168 2606 della
1186 2581 1328 2614 gluttizia,
1349 2581 1378 2605 di
1392 2582 1501 2613 esigere
1513 2580 1536 2605 11
1550 2581 1704 2613 portatico,
1723 2581 1745 2604 il
1759 2580 1909 2613 pedaggio,
1928 2580 1989 2605 bat-

1092 2625 1151 2648 tere
1165 2625 1286 2655 moneta,
1305 2623 1481 2648 comminare
1495 2631 1509 2647 e
1524 2624 1678 2647 riscuotere
1692 2622 1719 2647 le
1733 2623 1829 2652 multe,
1843 2622 1870 2646 le
1884 2624 1990 2655 presta-

1093 2665 1171 2690 zloni
1190 2665 1351 2699 pubbliche,
1371 2665 1397 2689 le
1416 2665 1600 2697 imposizionl
1625 2672 1639 2688 e
1666 2672 1797 2689 revocare
1822 2665 1882 2690 allo
1900 2663 1992 2695 Stato,

1093 2707 1276 2738 occurrendo,
1297 2708 1307 2732 l
1333 2708 1437 2732 redditi
1464 2707 1539 2732 delle
1565 2707 1685 2731 miniere
1710 2714 1724 2731 e
1750 2707 1824 2732 delle
1851 2706 1991 2731 industrie

1093 2749 1170 2775 utili.
1189 2748 1235 2775 Cf.
1249 2750 1282 2774 H.
1295 2749 1494 2778 sxuousmm,
1501 2748 1671 2781 Jahrbaclur
1680 2749 1725 2773 des
1736 2748 1874 2774 deutschen
1886 2748 1994 2773 Reaectus

1093 2791 1324 2816 unterFriedrick
1336 2791 1358 2824 1,
1374 2792 1432 2816 voi.
1444 2791 1464 2823 1,
1479 2791 1607 2823 Leipzig,
1620 2789 1696 2824 1908,
1710 2798 1737 2824 p.
1754 2797 1818 2823 13²5
1832 2790 1862 2815 E.
1873 2790 1993 2819 Mum.

1092 2833 1261 2858 leaumtsclu
1279 2832 1598 2866 Wrsarrungsgeschlchte
1609 2839 1659 2857 von
1671 2832 1719 2857 der
1733 2832 1885 2858 Goeleon-eie
1894 2833 1934 2857 bts
1946 2839 1995 2856 aar

1096 2874 1341 2907 Zanfllaerrschaft.
1359 2875 1487 2909 Le1pzig‚
1504 2874 1540 2904 11,
1562 2881 1638 2907 1909,
1659 2882 1686 2907 p.
1706 2881 1758 2907 2⁰9
1777 2882 1792 2900 e
1810 2883 1862 2907 ag..

1184 2916 1195 2933 ⁷
1214 2918 1298 2943 Nelia
1317 2918 1394 2943 dieta
1414 2918 1442 2942 di
1463 2917 1624 2949 Roncaglla
1645 2917 1780 2943 Federlco
1799 2917 1812 2942 1
1831 2915 1960 2942 convoco
1984 2919 1990 2941 i

1096 2959 1219 2993 delegati
1246 2959 1320 2985 delle
1345 2957 1415 2985 cittii
1441 2959 1586 2984 lombarde
1611 2966 1626 2983 e
1653 2958 1711 2984 fece
1739 2959 1827 2984 anche
1857 2961 1953 2984 venire
1982 2959 1993 2983 l

1098 3002 1245 3035 “quatuor
1264 3002 1441 3035 principales
1462 3002 1533 3034 legls
1553 3001 1696 3030 doctores,
1719 3002 1852 3026 videlicet
1872 3002 1992 3026 domnos

1097 3043 1275 3076 “Bulssarum
1294 3046 1322 3069 et
1341 3043 1499 3069 Mar-tinum
1520 3042 1656 3068 Genium
1679 3050 1728 3068 seu
1751 3043 1882 3068 Iacobum
1911 3045 1994 3075 utque

1893 264 1967 304 275
1981 275 2055 300 Mun„
2070 281 2103 295 ce.
2119 281 2207 300 πει-2η

2057 618 2105 637 apr.
2123 618 2145 632 21

2058 726 2107 745 apr,
2123 726 2148 744 2⁴

2066 773 2116 794 inni.
2135 779 2142 793 1

2057 939 2078 956 c.
2092 939 2131 958 ²59
2138 933 2151 952 l>

2059 986 2109 1006 mai.
2128 992 2152 1006 ιο

2011 1908 2042 1935 35

2015 2124 2048 2149 40

2016 2331 2047 2358 45

2019 2544 2053 2570 50

2020 2751 2051 2777 55
