2398 3470
189 249 242 285 [A-
262 250 297 282 c.
316 250 472 284 ⁷5⁷-7681
774 242 1065 280 ROMUALDI
1090 238 1458 279 SALERNITANI
1975 237 2046 272 149
2064 248 2140 270 Mun,
2156 253 2190 267 ce.
2202 249 2283 272 147—148

199 310 2048 324 ..........................................................................................................................................................................................................

192 363 207 379 ‘⁴
221 368 463 406 properantes,
486 362 531 396 ab
555 363 679 398 eodem
702 363 918 396 sanctissimo
941 373 1033 405 papa
1056 367 1135 395 sunt
1158 361 1363 395 consecrati.
1410 360 1499 392 Nam
1530 359 1727 403 presbyteri
1758 364 1793 391 et
1824 356 1965 391 diaconi
1995 355 2046 388 illi

191 415 206 432 “
221 425 329 459 usque
351 416 399 449 ad
421 415 585 450 mortem'
610 415 714 459 ipsius
736 415 909 458 pontificis
931 415 982 449 sic
1005 420 1225 448 remanentes
1251 423 1469 457 nequaquam
1499 412 1544 446 ab
1576 423 1618 446 eo
1641 418 1721 445 sunt
1752 409 1958 445 consecrati.
2004 409 2045 440 In
2089 418 2113 443 f-
2131 420 2170 438 180
2185 424 2198 438 a

192 471 207 487 ¹⁴
220 469 343 504 eodem
367 479 506 514 quoque
531 469 682 509 concilio
706 474 869 502 statutum
894 474 963 501 est:
987 474 1025 501 ut
1049 468 1162 501 omnia
1186 477 1253 510 que
1275 467 1387 501 isdem
1412 466 1657 500 Constantinus
1673 466 1710 498 in
1725 463 1976 498 ecclesiasticis
1992 472 2047 495 sa-

193 523 208 540 “
221 522 407 555 oramentis
422 533 471 555 ¹ac
496 522 615 555 diuino
640 522 734 555 cultu
757 521 830 565 egit
853 521 952 554 irrita
976 521 1135 560 fuissent,
1158 526 1277 564 preter
1299 529 1437 552 sacrum
1452 519 1624 561 baptisma
1647 525 1751 562 atque
1775 523 1932 553 sanctum
1950 515 2046 549 chri-

122 575 140 607 5
190 575 205 591 “
219 586 293 608 sma
306 574 327 608 ¹.
374 575 438 607 His
460 575 507 607 ita
529 575 681 617 peractis
704 575 866 608 continuo
890 585 934 606 ex
958 574 1104 607 diuersis
1126 579 1321 607 sanctorum
1353 579 1490 616 patrum
1521 572 1724 605 testimoniis
1755 573 1799 604 de
1831 570 1938 603 sacris
1961 569 2046 603 ima-

192 627 356 671 “ginibus
379 628 447 660 Dei
472 635 506 660 et
530 627 723 661 Saluatoris
745 627 853 659 nostri
877 627 954 658 Iesu
985 627 1126 665 Christi,
1161 633 1196 659 et
1225 627 1378 671 gloriose
1413 625 1593 669 genitricis
1626 625 1700 657 eius
1731 635 1868 667 semper
1897 622 2045 666 uirginis

191 681 345 719 “Maria
369 687 406 715 et
428 680 609 714 beatorum
633 680 866 723 apostolorum
901 681 1124 723 omniumque
1147 685 1343 713 sanctorum
1357 703 1372 718 „
1401 678 1570 712 subtiliter
1592 677 1836 722 perdagantes,
1859 677 1897 710 in
1921 676 2045 709 eodem

187 734 339 767 concilio
362 740 556 767 statuerunt
578 743 704 777 magno
725 733 868 766 honoris
892 733 1023 766 affectu
1046 733 1090 766 ab
1115 732 1272 766 omnibus
1296 732 1494 765 christianis
1524 731 1616 774 ipsas
1639 741 1754 764 sacras
1785 730 1956 774 imagines
1985 740 2045 762 ue-

184 787 311 827 nerari,
333 788 423 821 sicut
446 787 490 820 ab
514 786 671 820 omnibus
692 786 885 828 apostolice
909 786 1001 822 sedis
1024 786 1247 829 pontificibus
1269 792 1306 819 et
1332 785 1588 818 uenerabilibus
1610 784 1768 827 patribus
1790 784 1959 817 haetenus
1975 788 2044 814 tra-

122 841 162 873 10
185 840 296 873 ditum
313 847 366 874 est
381 848 415 873 et
430 842 658 874 obseruatum.
704 842 718 857 ‘⁴
730 839 996 872 Confundentes
1018 845 1123 882 atque
1148 839 1478 872 anathematizantes
1494 838 1730 871 execrabilem
1754 838 1847 870 illam
1863 836 2046 881 synodum,

189 896 204 912 ‘⁴
217 905 285 937 que
308 894 343 927 in
368 894 497 928 Grecie
519 893 676 937 partibus
699 903 810 935 nuper
836 898 916 925 acta
944 898 995 926 est
1026 903 1089 935 pro
1121 893 1340 936 deponendis
1372 893 1457 935 ipsis
1491 892 1600 925 sacris
1622 891 1842 934 imaginibus.
1889 890 2046 932 Expletis

187 947 202 963 “
217 957 300 980 uero
324 947 482 981 omnibus
505 957 573 990 que
596 947 633 979 in
656 947 780 980 eodem
803 946 952 980 concilio
976 946 1115 980 fuerant
1139 947 1337 986 constituta,
1368 954 1453 979 tunc
1483 946 1595 979 isdem
1622 945 1842 978 beatissimus
1871 944 2044 987 pontifex,

189 1002 203 1017 ⁴⁶
217 1010 412 1044 aggregans
434 1001 613 1033 uniuersos
635 998 836 1033 sacerdotes
859 1005 894 1032 et
917 999 1048 1032 clerum
1071 1005 1177 1042 atque
1210 1000 1405 1033 uniuersum
1440 999 1617 1042 populum,
1649 998 1749 1030 simul
1774 1007 1852 1030 cum
1883 997 1932 1030 eis
1965 1007 2046 1040 pro-

190 1053 335 1086 “fectus
357 1059 408 1086 est
431 1054 476 1086 ad
499 1053 638 1086 beatum
662 1051 804 1085 Petrum
828 1052 1022 1095 principem
1048 1053 1290 1095 apostolorum,
1315 1062 1394 1087 cum
1417 1053 1556 1097 hymnis
1580 1058 1615 1086 et
1637 1051 1784 1085 canticis
1799 1049 2045 1094 spiritualibus,

122 1105 159 1138 15
191 1108 205 1123 “
218 1106 322 1139 nudis
343 1106 491 1149 pedibus
515 1116 634 1139 omnes
645 1105 669 1139 ⁸.
715 1105 864 1149 Illicque
879 1107 916 1139 in
940 1106 1122 1139 ambonem
1147 1107 1341 1140 ascendens
1363 1106 1529 1139 Leontius
1551 1105 1761 1143 scriniarius,
1785 1110 1912 1138 cuncta
1927 1103 2045 1147 quein

187 1161 202 1176 ‘⁴
216 1159 340 1193 eodem
361 1166 503 1203 peracta
525 1165 605 1193 sunt
628 1159 790 1198 concilio,
821 1165 964 1195 extensa
993 1169 1084 1193 uoce
1107 1160 1191 1203 leg-lt
1213 1160 1361 1203 populo;
1386 1159 1456 1192 'sed
1480 1166 1516 1192 et
1546 1165 1617 1192 tres
1646 1159 1803 1202 episcopi
1832 1157 1926 1191 idest
1957 1157 2044 1190 Gre-
2115 1166 2196 1190 1:146

189 1213 334 1256 “gorius
356 1213 452 1247 Silue
474 1212 636 1250 candide,
661 1213 841 1245 Eustasius
863 1213 992 1247 Albani
1016 1219 1052 1246 et
1074 1211 1290 1257 Gregorius³
1313 1212 1498 1247 Tiburtius
1511 1236 1542 1253 „,
1566 1223 1635 1246 una
1650 1222 1729 1244 cum
1754 1212 1830 1254 ipso
1853 1220 1946 1253 papa
1961 1220 2045 1242 ana-

183 1266 343 1299 thematis
378 1266 650 1309 obbligationem
682 1266 911 1308 protulerunt,
943 1277 987 1299 ne
1019 1267 1199 1309 quisquam
1229 1272 1447 1309 presumeret
1464 1276 1620 1310 quoque
1654 1272 1813 1307 tempore
1849 1262 2045 1307 transgredi

181 1319 360 1362 quippiam
385 1320 430 1353 de
455 1318 614 1352 omnibus
638 1329 706 1362 que
729 1319 766 1351 in
787 1319 911 1353 eodem
935 1319 1087 1352 concilio
1110 1325 1190 1352 sunt
1201 1325 1339 1353 statuta.
1385 1319 1469 1353 Post
1498 1317 1731 1362 aliquantum'
1762 1328 1846 1350 uero
1877 1317 2044 1359 temporis
2092 1331 2113 1346 ε.
2129 1326 2169 1345 180
2183 1325 2195 1344 ι)

115 1372 158 1403 20
182 1372 330 1415 contigit
352 1372 396 1405 de
418 1372 485 1405 hac
509 1372 580 1405 uita
603 1372 768 1415 migrasse
792 1373 953 1417 Sergium
978 1372 1278 1415 archiepiscopum
1302 1372 1582 1406 Rauennantium
1596 1372 1621 1404 ⁴.
1672 1373 1686 1389 ‘⁴
1699 1371 1744 1404 Et
1775 1371 1940 1404 continuo
1971 1380 2044 1401 sur-

188 1426 202 1442 “
215 1434 302 1468 gens
323 1425 511 1458 Michelius
534 1425 732 1459 scriniarius
753 1426 862 1469 ipsius
885 1426 1047 1465 ecclesie,
1071 1426 1130 1470 qui
1161 1426 1256 1459 nullo
1281 1426 1488 1460 sacerdotali
1511 1424 1723 1471 fungebatur
1752 1425 1896 1462 honore,
1922 1423 2044 1466 profe-

187 1478 202 1494 “
216 1484 293 1511 ctus
315 1484 368 1511 est
390 1478 584 1512 Ariminum
608 1478 654 1512 ad
677 1479 885 1511 Mauricium
909 1479 1165 1514 ariminensium
1179 1482 1321 1518 ducem3
1346 1479 1406 1523 qui
1422 1489 1640 1523 congregans
1661 1478 1862 1516 exercitum,
1879 1488 1948 1509 una
1965 1485 2042 1508 cum

187 1532 202 1548 ‘⁶
215 1531 363 1566 consilio
385 1531 560 1566 Desiderii
582 1532 895 1576 Langobardorum
916 1533 1019 1577 regis,
1042 1533 1244 1575 properauit
1266 1533 1486 1571 Rauennam,
1509 1539 1545 1565 et
1569 1532 1712 1565 brachio
1734 1531 1818 1565 forti
1841 1529 1948 1573 elegit
1963 1540 2044 1572 pre-

187 1586 202 1602 “
215 1585 347 1618 dictum
369 1585 573 1618 Michelium
598 1591 632 1618 et
654 1586 691 1618 in
715 1586 936 1628 episcopatus
959 1586 1177 1620 Rauennatis
1208 1586 1358 1620 ecclesie
1389 1586 1594 1624 introduxit,
1617 1591 1652 1618 et
1675 1585 1833 1618 Leonem
1864 1583 2040 1617 archidia-

117 1637 158 1671 25
188 1639 353 1678 “conum,
376 1639 435 1682 qui
460 1639 592 1672 electus
614 1645 690 1672 erat
712 1639 750 1672 in
773 1639 1094 1682 archiepiscopatus
1117 1640 1250 1679 ordine,
1278 1639 1467 1672 Ariminum
1494 1640 1682 1682 deportans
1713 1638 1845 1671 ibidem
1876 1643 1951 1670 arta
1981 1647 2042 1669 cu-

187 1692 201 1708 “
214 1691 328 1725 stodia
350 1692 585 1735 mancipatum
608 1692 720 1726 isdem
736 1692 927 1726 Mauricius
943 1693 1099 1727 detinere
1115 1692 1204 1726 fecit
1217 1716 1248 1733 „.
1294 1693 1396 1726 Tunc
1411 1692 1589 1735 predictus
1605 1692 1792 1725 Michelius
1815 1697 1919 1734 atque
1942 1690 2042 1723 Mau-

180 1744 286 1778 ricius
308 1750 345 1778 et
365 1745 503 1779 iudices
525 1745 805 1781 Rauennantium
830 1745 980 1779 ciuitatis
995 1746 1198 1780 direxerunt
1222 1746 1266 1779 ad
1281 1746 1458 1789 prefatum
1475 1745 1707 1778 beatissimum
1725 1745 1939 1787 pontificem,
1955 1753 2038 1786 pro-

181 1798 359 1832 mittentes
381 1798 414 1832 ei
438 1799 579 1842 copiosa
601 1810 754 1839 munera,
782 1806 819 1834 ut
849 1801 962 1843 ipsum
992 1799 1196 1834 Michelium
1227 1800 1530 1843 archiepiscopum
1565 1804 1798 1832 consecraret.
1845 1798 1923 1842 Ipse
1958 1806 2043 1831 uero

180 1851 398 1887 beatissimus
420 1853 534 1895 presul
557 1863 621 1896 per
644 1853 770 1886 nullius
795 1854 944 1887 dationis
967 1853 1226 1897 promissionem
1249 1853 1436 1886 inclinatus
1466 1859 1519 1886 est
1549 1853 1595 1886 ad
1627 1853 1699 1886 eius
1730 1852 2041 1889 consecrationem,

115 1905 158 1936 30
180 1914 338 1938 asserens
359 1906 455 1939 nulla
477 1907 612 1940 ratione
636 1907 711 1940 fieri
733 1916 846 1949 posse,
871 1907 952 1939 dum
975 1906 1185 1940 sacerdotali
1208 1907 1338 1940 honore
1359 1907 1502 1940 minime
1526 1906 1682 1949 preditus
1712 1906 1875 1938 existeret
1906 1904 2043 1938 Miche-

181 1957 256 1996 lius,
278 1958 335 1990 cui
358 1958 599 1992 obtestationis
622 1958 755 1992 litteras
777 1966 881 2003 atque
905 1960 1027 1993 missos
1049 1959 1178 1993 direxit
1207 1965 1246 1993 ut
1276 1959 1320 1992 ab
1343 1961 1465 1994 eodem
1493 1959 1618 1992 iniusto
1642 1959 1820 2002 proposito
1847 1958 2041 1991 recederet.

180 2010 259 2054 Ipse
283 2017 398 2045 autem
421 2012 516 2046 nullo
538 2013 644 2047 modo
667 2013 866 2056 apostolicis
888 2013 1190 2047 ammonitionibus
1213 2014 1436 2057 acquiescere
1459 2013 1579 2051 uoluit,
1603 2014 1758 2056 dansque
1774 2012 1922 2055 plurima
1950 2012 2043 2044 dona

181 2069 217 2098 et
237 2074 382 2099 munera
404 2065 588 2100 Desiderio
611 2059 921 2111 Langobardorum
956 2068 1041 2110 regi,
1066 2073 1102 2099 et
1124 2073 1265 2100 ornatus
1287 2067 1396 2110 ipsius
1418 2067 1579 2106 ecclesie,
1604 2077 1682 2100 cum
1704 2066 1783 2099 aliis
1813 2065 1960 2099 diuersis
1987 2075 2041 2097 re-

181 2117 254 2157 bus,
276 2119 314 2151 in
337 2118 482 2153 brachio
504 2120 587 2153 forti
611 2131 676 2163 per
697 2121 798 2153 unius
822 2121 921 2154 annis
944 2121 1123 2159 circulum,
1140 2126 1174 2153 et
1196 2119 1256 2153 eo'
1279 2120 1438 2164 amplius,
1462 2120 1572 2163 ipsum
1596 2120 1834 2163 episcopatum
1858 2128 2042 2162 peruasum
2087 2128 2165 2153 s-181
2181 2134 2195 2148 a

116 2170 156 2203 35
181 2171 342 2211 detinuit,
366 2172 547 2207 denudans
570 2173 666 2207 illum
691 2180 794 2217 atque
817 2174 854 2206 in
877 2184 1002 2218 magna
1028 2179 1234 2217 paupertate
1250 2174 1425 2217 redigens.
1447 2188 1449 2191 ⁴
1471 2174 1573 2206 Tunc
1600 2173 1817 2206 beatissimus
1831 2173 1949 2215 presul
1966 2171 2042 2205 Ste-

180 2225 316 2268 phanus
337 2226 429 2259 misit
452 2227 582 2271 legatos
604 2238 684 2260 suos
708 2239 786 2261 cum
811 2228 934 2271 legatis
957 2228 1075 2261 Caroli
1099 2227 1190 2272 regis
1213 2229 1436 2266 Francorum,
1461 2237 1662 2261 ammonens
1692 2237 1811 2259 omnes
1841 2226 2042 2260 Rauennia-

179 2287 243 2311 nos
276 2284 314 2312 ut
336 2279 380 2312 ab
403 2280 527 2313 eodem
550 2280 717 2314 Michelio
741 2280 975 2314 discederent.
1023 2280 1095 2319 Qui
1118 2281 1231 2313 statim
1255 2282 1404 2314 eundem
1427 2281 1631 2313 Michelium
1655 2280 1700 2312 ab
1724 2279 1903 2323 episcopio
1928 2279 2042 2312 eiece-

180 2337 270 2370 runt,
292 2331 511 2376 Romamque
534 2333 739 2367 direxerunt
762 2340 797 2367 et
819 2334 1016 2377 predictum
1032 2334 1188 2367 Leonem
1206 2333 1359 2368 eiusdem
1389 2334 1538 2367 ecclesie
1562 2333 1825 2366 archidiconum
1852 2331 2042 2376 elegerunt.

270 2456 296 2483 5.
314 2451 417 2475 crIsma
438 2451 461 2476 C
478 2463 512 2469 -
530 2457 556 2483 9.
577 2451 651 2476 sicut
670 2452 704 2476 ab
723 2451 884 2484 apostolice
903 2451 977 2477 sedis
999 2452 1023 2475 C
1040 2466 1072 2471 —
1095 2458 1136 2477 ro.
1156 2454 1274 2477 actenus
1292 2453 1432 2478 traditum
1457 2454 1501 2477 est
1528 2454 1556 2477 et
1585 2452 1792 2476 observandum
1821 2452 1845 2476 C
1862 2464 1896 2469 -—
1918 2457 1959 2476 12.
1978 2457 2041 2475 cum

183 2495 256 2519 idem
276 2495 457 2520 boatlsslmus
477 2496 511 2525 C;
531 2495 566 2520 R.
585 2497 662 2527 copia
680 2497 714 2521 L.
732 2497 772 2525 P..
791 2496 812 2525 Ι,
833 2504 860 2529 p.
879 2502 938 2528 477.
958 2497 974 2529 g
992 2497 1085 2522 xxw
1105 2510 1137 2515 -
1158 2504 1200 2529 13.
1221 2505 1357 2531 agregsns
1378 2498 1401 2523 C
1420 2510 1452 2515 —
1472 2504 1511 2529 14.
1532 2497 1619 2521 imnis
1640 2498 1664 2522 C
1682 2510 1714 2514 -—
1737 2503 1778 2530 1⁵·
1796 2502 1956 2521 ammonem
1971 2497 2039 2521 G—

186 2538 225 2564 16.
244 2540 358 2573 peracta
378 2540 491 2565 fuerant
510 2542 535 2567 C
551 2554 584 2558 —
607 2539 648 2566 18.
674 2541 873 2573 obbligatione
891 2542 1076 2573 protulerunt
1097 2543 1124 2567 B
1141 2551 1155 2567 e
1174 2542 1254 2568 Sasso
1274 2555 1301 2561 —r
1329 2550 1368 2575 19.
1389 2542 1532 2575 quispiam
1551 2542 1586 2567 de
1605 2541 1739 2566 omnibus
1759 2542 1783 2568 C
1807 2554 1838 2559 —
1866 2547 1908 2566 20.
1928 2540 2039 2565 Rauen-

183 2583 292 2609 natium
312 2585 340 2610 Β
357 2593 371 2609 e
391 2585 471 2611 Susa
491 2597 524 2603 —
545 2591 587 2611 21.
607 2585 740 2610 Micholis
760 2586 784 2611 C
801 2599 834 2603 —-
854 2591 896 2611 22.
916 2586 1149 2612 Armeniensium
1169 2587 1204 2616 C;
1224 2588 1258 2612 L.
1277 2588 1320 2616 P„
1339 2587 1360 2612 I
1373 2594 1439 2619 477:
1458 2599 1469 2605 -
1482 2587 1693 2611 Ariminensem
1707 2593 1760 2618 que
1773 2592 1950 2619 congregans
1965 2586 1988 2610 C
2005 2598 2040 2602 —

135 2632 150 2659 5
182 2634 224 2660 24.
244 2628 275 2653 In
294 2629 489 2662 episcopatum
509 2630 535 2654 B
553 2638 567 2654 e
586 2630 668 2656 Sasso
688 2643 721 2648 ·—
741 2635 783 2662 25.
803 2632 882 2655 arcta
903 2631 927 2656 C
944 2644 977 2649 —
998 2638 1039 2664 27.
1060 2632 1226 2664 prephatum
1250 2633 1274 2657 C
1291 2646 1321 2650 —
1345 2638 1386 2665 ²9·
1406 2640 1458 2666 pro
1479 2632 1588 2656 nullius
1608 2633 1635 2656 B
1653 2641 1666 2656 e
1688 2632 1768 2656 Sasso
1781 2644 1790 2649 -
1803 2631 1994 2664 promissione
2015 2631 2042 2655 B

182 2681 196 2697 e
216 2674 297 2699 Sasso
315 2687 349 2692 -
367 2681 411 2706 31.
430 2674 530 2700 literas
550 2676 575 2701 C
591 2688 624 2693 -
645 2681 687 2708 3²-
707 2675 956 2700 admonitionibus
971 2677 998 2701 B
1010 2685 1024 2701 e
1038 2676 1118 2702 Sasso
1139 2690 1170 2696 —-
1190 2684 1231 2709 34.
1251 2677 1429 2710 episcopium
1452 2678 1477 2703 C
1493 2689 1526 2695 —
1545 2683 1559 2709 3
1565 2681 1588 2708 5.
1607 2677 1788 2701 beatissimus
1811 2675 1942 2707 delegens
1963 2682 2037 2708 papa

181 2716 341 2750 Stephanus
363 2719 387 2744 C
404 2731 435 2737 -—
455 2718 497 2751 36.
517 2719 673 2744 admonens
693 2720 720 2744 B
737 2728 751 2744 e
771 2720 851 2745 Sasso
870 2733 904 2738 —
925 2719 967 2752 38.
989 2720 1203 2754 Romanamque
1222 2721 1387 2746 direxerunt
1409 2721 1434 2746 C

267 2791 276 2809 ¹
296 2794 330 2818 L.
348 2794 388 2823 P„
407 2794 429 2825 1,
447 2793 508 2827 476,
527 2794 541 2826 §
560 2794 647 2820 xxu.
666 2793 700 2819 R.
723 2796 863 2820 continua
884 2797 927 2822 coi
946 2797 960 2828 ἓ
978 2796 1080 2828 xxm,
1137 2797 1279 2830 “pedibus
1298 2798 1470 2823 incedentes.
1483 2798 1584 2830 IlHque
1587 2814 1683 2828 ......

179 2835 315 2903 mrztsndo
329 2836 366 2903 ιΙιε
392 2837 615 2903 prirtnenparolu
636 2837 718 2862 “Hec
737 2843 806 2863 vero
831 2839 929 2864 omnia
953 2839 1079 2871 promul·
1224 2839 1235 2857 ³
1254 2840 1419 2865 Eustratius
1437 2840 1553 2865 Albano
1573 2842 1601 2864 et
1621 2839 1779 2864 Teodosius
1790 2839 1889 2870 Tibur,
1899 2839 1935 2864 ha
1948 2839 1982 2864 L.
1996 2839 2038 2868 P„
2069 2842 2099 2868 15

121 2882 152 2901 xo
270 2885 327 2904 eon
355 2885 441 2904 nuoe
506 2885 587 2904 versa
606 2886 621 2903 e
749 2898 755 2904 .
1194 2898 1202 2908 .
1642 2898 1649 2907 ·

177 2884 214 2910 8·
245 2895 254 2909 ’
267 2917 279 2936 ²
297 2920 385 2949 loun,
403 2920 417 2951 ξ
435 2920 543 2946 XXIV:
564 2920 578 2935 “
588 2880 650 2947 ..ξιξ
669 2897 753 2953 atqune
772 2921 878 2947 clerum
895 2924 924 2947 et
948 2924 1080 2948 cunctum
1134 2881 1156 2912 Ι,
1170 2886 1193 2914 Ι
1219 2889 1382 2953 qssgaenl..
1398 2881 1683 2955 {1?⁴§n<2>(t}3:832‘³ffls
1704 2929 1771 2947 vero
1791 2922 1922 2955 peractis,
1948 2923 2038 2947 conti-

181 2959 195 2974 ¹‘
206 2962 351 2995 populum.
372 2963 493 2994 profecti
513 2965 581 2988 nunt
605 2962 641 2988 sd
654 2963 765 2988 beatum
778 2964 895 2989 Petrum
924 2964 1082 2998 prlncipem
1137 2966 1150 2979 u
1161 2966 1206 2998 git
1216 2967 1282 2999 post
1292 2967 1472 2997 aliquantum
1491 2965 1628 2998 temporis
1641 2965 1673 2990 dc
1688 2965 1739 2990 hac
1754 2966 1816 2990 vita
1829 2965 1965 2997 migrasse
1978 2964 2038 2990 Ser-

181 3001 195 3015 ‘⁴
207 3004 414 3037 apostolorum,
424 3011 487 3029 cum
497 3005 612 3037 hymnis
624 3006 653 3030 et
662 3005 784 3031 canticis
797 3006 987 3038 spiritalibus,
999 3006 1083 3032 nudis
1139 3007 1152 3021 “
1162 3008 1243 3040 glum
1263 3008 1507 3042 archiepiscopum
1526 3008 1654 3033 civitatis
1674 3007 1691 3031 1}
1700 3007 1905 3032 avennantlum
1918 3023 1942 3039 η.
