2398 3470
74 343 85 378 3.
130 355 147 378 a
174 346 345 379 Rauenna
366 356 477 389 usque
500 346 536 378 in
559 347 684 379 uallem
708 347 913 389 Spoiitinam
938 349 1167 387 descendens,
1190 360 1253 392 per
1275 349 1437 382 Tusciam
1463 356 1498 383 et
1519 351 1659 383 Ianuam
1682 362 1790 394 usque
1813 351 1849 383 in
1871 351 1977 384 Lom-

80 407 87 424 2
131 398 289 432 bardiam
311 398 426 437 rediit,
448 398 656 443 Maguntino
681 400 944 443 archiepiscopo
969 402 1062 434 circa
1086 408 1204 444 partes
1226 402 1332 436 Urbis
1354 403 1400 435 ad
1429 414 1519 446 pape
1550 403 1743 437 Alexandri
1775 404 1976 447 obsequium

133 451 311 485 derelicto.
357 451 446 484 Cum
468 457 583 484 autem
605 454 864 495 prenominatus
886 455 1074 496 imperator
1097 455 1134 486 in
1150 455 1305 497 partibus
1319 456 1465 489 Taurini
1481 457 1518 488 in
1534 463 1644 490 estate
1661 457 1839 500 aliquanto
1855 457 1977 490 fuisset

114 509 287 546 ‘tempore
310 504 508 537 demoratus
531 511 565 537 et
589 515 667 537 cum
690 505 899 538 Lombardis
922 517 1046 548 pacem
1069 517 1132 549 pro
1155 508 1245 540 uelle
1269 519 1330 540 suo
1354 519 1563 552 componere
1586 520 1656 542 non
1687 511 1865 553 potuisset,
1896 521 1974 543 cum

76 571 101 590 κ
130 556 200 590 suis
222 557 258 589 in
281 556 522 590 Alamanniam
549 558 664 590 rediit.

78 611 111 647 ,”
218 610 392 643 Iohannes
415 620 498 643 uero
521 610 568 643 de
591 610 740 648 Struma,
766 611 825 653 qui
848 621 869 642 a
892 611 960 643 suis
984 612 1146 644 Callistus
1170 614 1365 655 appellatus
1386 621 1448 653 est,
1473 615 1711 649 Alexandrum
1737 627 1865 660 papam
1897 628 1975 649 cum

82 674 94 691 ὲ
128 663 338 705 imperatore
361 663 507 696 audiens
531 663 795 702 concordatum,
826 664 948 696 timore
982 671 1173 706 correptus,
1207 666 1407 699 Biteruum'
1442 669 1615 706 deserens,
1647 670 1797 711 prefecti
1829 670 1975 703 consilio

69 707 94 758 gs
129 722 165 749 et
186 717 314 748 auxilio
336 715 509 749 Albanum
533 722 684 750 montem
707 716 859 749 intrauit.
907 716 1021 755 Quem
1046 717 1219 751 Iohannes
1242 720 1395 752 eiusdem
1420 722 1523 753 castri
1547 722 1705 755 dominus
1727 724 1809 756 satis
1833 724 1974 756 honeste

70 763 83 809 ¹,
129 769 276 812 recepit,
301 769 446 802 credens
468 779 504 802 se
528 780 592 812 pro
615 780 658 802 eo
681 770 725 802 ab
749 769 950 802 Alexandro
973 781 1066 812 papa
1096 772 1279 812 pecuniam
1310 784 1379 805 non
1410 774 1582 806 modicam
1613 781 1845 818 recepturum.
1893 776 1975 815 Quo

129 821 282 865 cognito,
305 822 530 865 Maguntinus
552 823 839 865 archiepiscopus
861 822 956 856 idem
980 829 1130 856 castrum
1154 824 1302 863 obsedit,
1325 826 1447 858 uineas
1471 827 1543 858 eius
1566 827 1690 861 incidit
1715 835 1748 861 et
1765 836 1900 873 segetes
1915 831 1974 862 de-

64 892 83 919 .'
129 876 289 917 uastauit,
314 881 349 907 et
371 875 515 907 militum
540 886 580 908 ac
603 875 760 918 peditum
784 875 880 908 circa
902 876 1015 918 ipsum
1039 877 1195 909 custodia
1219 878 1399 917 derelicta,
1424 879 1599 912 Biteruum
1623 881 1720 921 adiit,
1744 889 1780 914 et
1810 883 1974 925 populum

62 931 71 958 s
129 927 286 961 eiusdem
311 928 463 961 ciuitatis
486 929 522 962 in
545 939 647 960 manu
669 939 730 961 sua
745 939 808 971 pro
826 935 924 971 parte
941 928 1136 961 Alexandri
1152 940 1243 972 pape
1260 932 1403 973 recepit.
1451 932 1595 965 Nobiles
1610 944 1694 966 uero
1711 935 1862 967 eiusdem
1879 935 1976 969 urbis

54 975 67 991 '¹
129 981 231 1015 diuisi
255 992 276 1014 a
298 981 438 1024 populo,
462 981 648 1014 noluerunt
670 993 761 1025 pape
784 982 899 1015 subire
922 981 1127 1019 dominium,
1153 984 1215 1015 sed
1247 983 1458 1017 adherentes
1488 987 1645 1019 Corrado
1677 987 1746 1019 filio
1776 989 1976 1032 markyonis

52 1070 53 1073 Ἰ
129 1035 174 1068 de
197 1035 464 1073 Monteferrato‚
495 1035 618 1068 diebus
648 1035 793 1079 singulis
822 1035 1065 1079 Maguntinum
1101 1036 1407 1079 archiepiscopum
1442 1044 1476 1070 et
1509 1040 1676 1081 populum
1712 1041 1974 1084 impugnabant.

50 1085 105 1126 „5
127 1087 286 1131 Cumque
310 1089 361 1120 eis
384 1088 545 1121 resistere
568 1099 639 1121 non
661 1089 830 1127 ualerent,
853 1089 1007 1131 prefecti
1032 1089 1181 1122 consilio
1206 1090 1356 1122 Romani
1380 1092 1499 1133 populi
1523 1098 1558 1124 et
1581 1100 1776 1126 senatorum
1804 1094 1974 1127 au'xilium

52 1134 65 1146 ¹⁵
126 1141 353 1184 postularunt.
399 1141 551 1175 Romani
574 1152 658 1174 uero
683 1152 780 1174 more
803 1152 866 1174 suo
890 1142 992 1174 fidem
1016 1142 1217 1184 apostolicis
1240 1153 1310 1175 non
1334 1151 1520 1183 seruantes,
1551 1145 1752 1179 Alexandro
1783 1158 1873 1191 papa
1905 1149 1974 1181 dis-

127 1194 296 1227 suadente
319 1195 450 1237 pariter
473 1201 508 1227 et
529 1200 683 1233 uetante,
708 1201 919 1239 congregata
942 1195 1088 1227 militum
1113 1201 1148 1227 et
1170 1196 1326 1238 peditum
1350 1197 1571 1230 multitudine
1602 1198 1779 1232 Biteruum
1810 1211 1975 1243 perrexe-

126 1254 217 1286 runt,
240 1254 276 1280 ut
299 1248 455 1281 eiusdem
479 1248 628 1280 ciuitatis
650 1248 785 1281 nobiles
807 1248 954 1281 uiriliter
977 1249 1193 1287 adiuuarent,
1216 1249 1460 1293 Maguntinum
1484 1251 1784 1296 archiepiscopum
1809 1261 1843 1286 et
1866 1255 1976 1287 Biter-

126 1311 252 1334 uenses
274 1311 338 1343 pro
361 1301 492 1334 uiribus
513 1302 768 1346 impugnarent.

45 1353 106 1386 :320
215 1353 415 1388 Alexander
439 1361 551 1387 autem
575 1366 677 1398 papa,
701 1356 768 1388 hoc
793 1355 949 1399 cognito,
971 1357 1062 1388 sicut
1085 1356 1138 1388 uir
1159 1356 1343 1400 religiosus
1366 1364 1401 1390 et
1423 1364 1572 1397 sanctus,
1597 1366 1754 1392 metuens
1778 1371 1821 1393 ne
1845 1362 1874 1393 si
1899 1362 1973 1394 Ro-

127 1407 222 1440 mani
247 1417 324 1439 cum
349 1407 562 1441 cancellario
587 1414 622 1440 et
644 1407 906 1441 Biteruensibus
929 1409 1168 1453 confligerent,
1185 1410 1291 1442 multa
1307 1410 1387 1442 inde
1404 1411 1591 1444 homicidia
1607 1414 1843 1454 prouenirent,
1861 1416 1974 1447 missis

129 1460 362 1493 cardinalibus
385 1461 466 1498 suis,
489 1460 668 1494 mandauit
692 1461 905 1494 cancellario
927 1468 962 1494 et
984 1462 1254 1500 Biteruensibus,
1277 1469 1315 1495 ut
1339 1464 1430 1496 intra
1454 1463 1586 1496 Biterui
1610 1466 1726 1498 menia
1749 1478 1786 1499 se
1818 1469 1973 1500 contine-

125 1519 206 1546 rent
227 1520 263 1547 et
286 1514 413 1547 nullam
435 1515 607 1547 Romanis
630 1516 810 1558 pugnandi
834 1516 970 1557 copiam
994 1516 1193 1558 preberent.
1239 1517 1392 1549 Romani
1416 1524 1530 1550 autem
1554 1519 1744 1558 uenientes,
1768 1521 1904 1553 nemine
1921 1533 1975 1554 re-

126 1566 282 1606 sistente,
305 1567 559 1600 Biteruensium
583 1574 719 1611 segetes
741 1574 975 1607 uastauerunt‚
999 1569 1109 1602 oliuas
1132 1575 1168 1602 et
1192 1570 1312 1602 uineas
1327 1570 1534 1609 inciderunt,
1551 1578 1586 1604 et
1600 1572 1652 1604 sic
1668 1573 1810 1606 infectis
1826 1575 1974 1618 negotiis

41 1618 105 1655 Υ125
127 1619 278 1654 Romam
302 1621 433 1653 reuersi
456 1626 543 1653 sunt.
591 1621 776 1654 prefectus
798 1632 882 1655 uero
905 1622 952 1655 ad
978 1622 1087 1664 pedes
1117 1621 1307 1655 Alexandri
1340 1634 1430 1666 pape
1462 1625 1648 1663 accedens,
1679 1627 1880 1660 confirmata
1911 1627 1973 1660 sibi

127 1674 338 1716 prefectum,
363 1674 438 1706 eius
460 1674 565 1707 homo
589 1675 742 1707 deuenit.

215 1726 302 1759 Cum
326 1733 441 1760 autem
464 1737 557 1770 papa
579 1726 781 1760 Alexander
803 1728 917 1761 Rome
940 1739 1031 1771 pene
1054 1740 1163 1772 usque
1186 1729 1232 1762 ad
1256 1730 1476 1763 medietatem
1501 1731 1648 1775 Augusti
1677 1733 1873 1766 demoratus
1889 1734 1973 1766 fuis-

126 1785 190 1819 set,
214 1780 367 1813 calorem
391 1780 480 1813 aeris
502 1786 537 1812 et
558 1780 874 1823 distemperantiam
899 1788 1067 1821 metuens,
1090 1782 1221 1816 Urbem
1246 1794 1325 1816 cum
1349 1785 1418 1816 suis
1441 1785 1677 1818 cardinalibus
1701 1796 1870 1830 egressus,
1901 1788 1974 1820 Tu-

126 1833 306 1866 sculanum
328 1834 434 1867 uenit.
481 1834 714 1867 Considerans
736 1844 821 1867 uero
844 1835 939 1878 quod
962 1836 1146 1869 occasione
1169 1836 1349 1876 scismatis,
1374 1838 1480 1882 quod,
1496 1840 1652 1880 peccatis
1669 1840 1897 1882 exigentibus,
1914 1841 1975 1873 de-

47 1886 104 1919 30
127 1895 205 1919 cem
229 1893 264 1919 et
285 1897 410 1920 nouem
434 1887 535 1919 annis
557 1888 818 1930 perdurauerat,
842 1888 949 1921 muita
971 1889 1094 1922 mala
1084 1900 1120 1921 m
1143 1890 1208 1922 Dei
1233 1890 1383 1924 ecclesia
1406 1892 1657 1934 pmuenissent,
1675 1903 1741 1935 que
1759 1895 1976 1927 correctione

44 1930 45 1935 ¹
128 1939 301 1973 canonica
322 1941 533 1984 indigerent,
556 1941 675 1973 habito
699 1941 845 1974 fratrum
869 1952 1006 1975 suorum
1030 1942 1189 1982 consilio,
1212 1943 1353 1977 orientis
1377 1951 1412 1977 et
1440 1945 1634 1978 occidentis
1665 1945 1708 1978 'et
1739 1947 1843 1979 totius
1874 1948 1971 1980 italie

126 1993 310 2036 episcopos
333 1993 550 2031 conuocauit,
573 1994 741 2027 mandans
763 1995 814 2027 eis
836 2005 898 2036 per
919 1995 1060 2028 nuntios
1082 2001 1117 2029 et
1133 1995 1264 2030 litteras
1279 2003 1315 2030 et
1330 1998 1527 2039 apostolica
1542 1999 1748 2031 auctoritate
1765 2000 1973 2042 precipiens,

125 2052 164 2080 ut
185 2047 220 2079 in
245 2046 356 2090 prima
378 2047 555 2080 dominica
578 2047 843 2091 quadragesime
856 2047 879 2087 ²,
902 2048 938 2080 in
969 2059 1038 2092 qua
1067 2054 1226 2083 cantatur
1262 2052 1277 2068 ‘⁴
1291 2051 1387 2084 Ecce
1418 2062 1511 2084 nunc
1542 2057 1678 2094 tempus
1708 2053 1927 2095 acceptabile
1942 2079 1972 2094 „,

38 2141 43 2148 ‚
127 2109 247 2133 omnes
268 2100 315 2134 ad
338 2110 415 2133 eum
438 2110 503 2143 pro
526 2100 737 2133 celebrando
759 2101 947 2134 uniuersali
970 2103 1119 2135 concilio
1143 2104 1383 2137 conuenirent.

41 2167 47 2197 j,
60 2152 104 2186 35
214 2153 408 2196 Imperator
430 2163 516 2187 uero
540 2153 760 2192 Fredericus,
783 2156 873 2187 sicut
895 2166 973 2188 cum
997 2156 1193 2190 Romoaldo
1217 2157 1437 2191 Salernitano
1460 2160 1727 2203 archiepiscopo
1742 2166 1777 2193 et
1793 2161 1968 2205 Roggerio

219 2273 241 2292 x.
259 2265 439 2300 Spoletinum
459 2268 485 2291 B
503 2274 516 2291 e
535 2267 611 2291 Sasso
632 2280 664 2285 -—-
684 2275 710 2299 4.
730 2268 856 2301 potuisse
873 2268 898 2291 A
918 2281 950 2286 —-
972 2274 996 2300 5.
1015 2267 1220 2294 Alammannia
1238 2270 1262 2294 Α
1284 2284 1315 2288 -
1335 2269 1360 2296 6.
1379 2271 1522 2296 Ioannnes
1540 2272 1566 2295 B
1583 2279 1596 2296 e
1616 2271 1691 2296 Sasso
1711 2286 1744 2290 -
1763 2272 1787 2298 8.
1806 2273 1929 2298 Ioannes
1948 2274 1974 2297 B

127 2315 142 2333 e
159 2307 237 2334 Sauo
255 2321 286 2326 —
309 2315 349 2341 ¹³·
371 2309 523 2334 noluerunt
541 2310 636 2334 subire
655 2309 815 2334 dominium
835 2310 863 2334 B
876 2318 890 2334 e
909 2310 985 2335 Sauo
1004 2323 1013 2328 -
1034 2311 1207 2336 marchionis
1226 2312 1253 2336 B
1268 2320 1282 2336 e
1300 2312 1376 2337 Sasso
1401 2327 1434 2331 ——
1462 2320 1502 2345 15.
1527 2312 1676 2346 Quumque
1704 2316 1730 2339 B
1752 2323 1766 2339 e
1783 2314 1859 2339 Sasso
1880 2329 1910 2333 --
1933 2315 1974 2340 18.

128 2350 279 2376 adiuvaret
295 2351 320 2375 Α
340 2363 373 2370 -
395 2352 482 2384 18—19.
503 2351 725 2377 Biterviensium
737 2352 761 2376 Α
776 2365 809 2370 -
824 2351 866 2377 26.
879 2352 1008 2378 homono
1022 2353 1117 2386 loglus
1131 2354 1286 2384 Cone-*loru
1305 2355 1394 2388 ligius
1411 2359 1510 2380 annoto
1529 2357 1606 2381 Sasso
1620 2370 1651 2374 —
1666 2363 1708 2388 ²7·
1722 2356 1815 2385 Quum
1830 2359 1856 2382 B
1869 2367 1883 2381 e
1896 2357 1973 2382 Sasso

35 2420 37 2423 ι
130 2405 164 2411 —·
183 2399 227 2424 ²9·
245 2393 407 2418 schismatis
433 2394 459 2420 C
479 2401 493 2417 e
510 2393 602 2418 Amat
619 2406 653 2412 —
673 2400 714 2426 30.
735 2395 824 2419 muita
844 2394 918 2419 mala
937 2394 1005 2419 inde
1030 2395 1148 2421 eeclesia
1176 2397 1311 2422 Conttloro
1332 2411 1364 2415 —
1391 2405 1432 2431 32.
1459 2399 1579 2423 nuncios
1601 2399 1636 2428 B,
1657 2400 1687 2429 C,
1708 2399 1783 2424 Sasso
1801 2407 1814 2423 e
1832 2400 1922 2424 Arndt
1941 2412 1974 2418 —

42 2442 47 2461 ,¹
83 2440 99 2468 5
128 2442 170 2469 35.
190 2434 317 2468 Rogerio
338 2436 373 2466 B,
394 2436 423 2466 C,
443 2435 520 2460 Sasso
537 2443 551 2460 ε
569 2435 661 2461 Arndt

128 2535 252 2562 “manus
271 2544 334 2562 cum
355 2538 471 2563 vexillis
490 2539 518 2562 et
537 2538 677 2567 crucibus.
697 2538 773 2570 quod
787 2538 862 2563 nulli
879 2538 1023 2564 Romano·
1081 2539 1199 2566 “mense
1218 2541 1327 2572 Martii,
1346 2543 1393 2567 ubi
1421 2542 1535 2567 fuerunt
1560 2544 1689 2575 episcopi
1710 2550 1825 2568 numero
1851 2544 1973 2576 triginta

127 2576 212 2604 “rum
238 2579 407 2612 pontificum
428 2580 567 2605 recolitur
587 2580 703 2612 factum,
722 2582 868 2606 senatores
888 2583 916 2606 et
935 2582 1024 2614 magi·
1081 2581 1134 2608 “et
1151 2590 1234 2612 unus,
1259 2586 1384 2618 exceptis
1409 2584 1619 2615 Cardlnaiibus,
1647 2586 1695 2617 qui
1724 2585 1838 2610 fuerunt
1866 2587 1972 2618 viginti

127 2619 256 2646 “stratus
275 2622 376 2655 popuii
396 2629 457 2646 cum
476 2623 714 2655 concrepantibus
734 2623 820 2652 tubis,
836 2624 946 2649 nobiles
959 2631 1022 2649 eum
1079 2623 1169 2656 “duo,
1187 2626 1216 2649 et
1234 2625 1360 2658 exceptis
1380 2626 1549 2656 Abbatibus‚
1569 2627 1616 2657 qui
1638 2633 1704 2658 prae
1724 2626 1814 2651 nimia
1840 2627 1971 2651 multitu-

125 2662 259 2688 “mllltla
277 2664 307 2688 in
333 2666 472 2697 apparatu
498 2665 609 2694 decoro,
629 2667 656 2689 et
677 2665 814 2698 pedestris
841 2666 1023 2698 populositas
1079 2665 1170 2692 “dine
1193 2669 1335 2693 numerari
1362 2676 1419 2693 non
1446 2671 1608 2701 potuerunt.
1634 2669 1682 2693 ubi
1707 2670 1811 2694 Sancta
1836 2669 1970 2701 Synodus

30 2698 32 2700 ³
68 2711 100 2730 10
126 2703 214 2730 “cum
235 2705 321 2730 ramis
339 2706 492 2736 olivarum,
518 2706 615 2731 laudes
641 2706 770 2739 pontifici
797 2709 946 2733 consuetas
972 2714 1023 2732 vo·
1079 2709 1299 2743 “promulgavit
1312 2711 1438 2743 capitula
1452 2711 1560 2743 viginti
1573 2712 1679 2744 septem
1691 2730 1715 2743 „.
1747 2709 1793 2736 Cf.
1808 2719 1876 2744 pure
1891 2713 1972 2736 Chro-

132 2747 280 2773 “ciferans
292 2766 316 2779 „.
1076 2750 1152 2776 alcon
1170 2751 1263 2776 Fossa«
1281 2752 1368 2776 Novae
1386 2755 1490 2776 auctore
1508 2753 1646 2781 Ananim-r,
1668 2754 1695 2776 in
1717 2754 1779 2778 Dm,
1799 2753 1851 2782 Ra,
1865 2756 1904 2786 op.
1918 2755 1973 2783 cia,

218 2789 224 2805 ¹
245 2791 374 2816 Viterbo.
1076 2799 1103 2824 p.
1124 2798 1190 2825 515:
1210 2793 1223 2806 ³
1238 2801 1321 2827 1179:
1340 2794 1501 2819 Alexander
1515 2801 1587 2827 papa
1601 2794 1709 2819 Romae
1729 2795 1759 2819 in
1775 2795 1899 2820 Ecclesia
1921 2795 1973 2820 La-

212 2830 224 2847 ²
241 2831 314 2857 Cloe
331 2832 379 2857 dai
401 2831 432 2857 18
452 2832 580 2858 sebbi-aio
602 2839 678 2866 1179.
716 2832 762 2858 Cf.
781 2833 918 2867 Anonymi
929 2833 1022 2860 Mona·
1078 2834 1246 2861 ‘'teranensl
1263 2837 1424 2861 universale
1446 2837 1512 2861 fecit
1533 2836 1696 2862 Concilium
1713 2838 1802 2862 totius
1816 2838 1901 2862 Orbis
1918 2839 1973 2862 fere

121 2874 167 2899 ch!
187 2873 350 2899 Canto-enm
368 2875 452 2899 Breve
479 2875 634 2904 Chrom'con,
661 2876 691 2900 in
715 2876 779 2901 Dat.
797 2876 850 2906 Ra,
873 2877 993 2902 Cronlul
1009 2885 1023 2901 e
1078 2877 1283 2912 “congregatis
1302 2879 1545 2911 Archiepiscopis,
1566 2879 1725 2912 Episcopis,
1739 2880 1906 2909 Abbatibus,
1922 2881 1973 2905 mi-

26 2923 27 2926 *
69 2918 99 2946 15
121 2916 243 2940 scrittori
258 2917 378 2941 sinet-oni
395 2916 465 2941 aella
482 2916 671 2942 Dominastme
694 2917 850 2942 Nor-unauna
874 2918 919 2943 nel
941 2926 1022 2952 regno
1078 2918 1092 2932 ¹⁴
1103 2920 1267 2947 litibus....
1278 2938 1302 2953 „.
1317 2920 1634 2954 JArrt-Lonwsxrzru‚
1650 2922 1759 2953 Regum
1773 2922 1874 2953 Pontis.
1890 2922 1973 2952 Rom,

28 2954 30 2956 ’
126 2957 159 2982 a(
172 2957 271 2991 Fugua
288 2965 302 2982 e
320 2958 423 2990 Stcuia,
445 2960 503 2990 clt.,
527 2958 549 2988 1,
569 2966 596 2991 p.
621 2965 690 2991 470:
719 2959 732 2973 ‘¹
746 2966 821 2993 ¹179·
858 2960 1022 2986 Alexander
1077 2968 1121 2987 an.
1142 2968 1184 2994 ιι,
1202 2962 1252 2991 ΙΧ,
1275 2962 1350 2995 ιι78,
1372 2970 1398 2986 n.
1422 2969 1513 2994 13002.

129 2999 226 3034 “papa
252 3000 407 3025 celebravit
433 2998 599 3026 Concilium
625 3001 656 3025 in
682 3001 808 3027 Ecclesia
835 3001 1020 3028 Lateranensl

133 227 218 266 [ΛΑ.
236 229 271 257 C.
292 228 488 265 1178-1179]
713 226 999 263 ROMUALDI
1027 226 1395 263 SALERNITANI
1899 228 1973 264 295
1986 239 2061 264 Mura-r

2002 2635 2036 2652 20

2002 2845 2033 2871 ²5

2077 245 2110 262 cc.
2126 245 2212 264 ²⁴¹·242

2083 362 2126 382 ian.

2085 575 2124 597 iul.

2058 1114 2077 1127 c.
2093 1109 2132 1127 280
2139 1107 2152 1127 b

2080 1751 2106 1765 au
2109 1751 2130 1769 g.

2054 1965 2074 1978 εΔ
2090 1960 2128 1979 251
2138 1964 2152 1979 a
