2398 3470
1026 249 1318 287 ROMUALDI
1348 239 1718 284 SALERNITANI
1774 252 1859 288 [ΑΑ.
1873 253 1915 288 (u.
1929 259 1953 281 e.
1968 253 2042 288 ⁵4³)
2056 260 2097 280 m.
2111 254 2309 289 arm-³809]

228 264 305 290 uun..
315 269 338 287 e.
347 269 408 291 ³⁹-40
438 252 487 291 36

435 388 499 417 rat.
545 382 598 416 Eo
614 388 770 426 tempore
787 381 879 415 bella
896 381 1050 425 quinque
1066 381 1181 413 Roma
1196 383 1407 420 susceperat,
1420 388 1525 410 unum
1540 377 1576 409 in
1592 377 1808 411 Macedonia
1825 382 1946 410 contra
1962 377 2166 421 Philippum
2181 384 2310 422 poten-

435 437 600 470 tissimum
622 435 832 469 Macedonie
855 445 986 479 regem,
1003 435 1148 468 alterum
1164 433 1201 465 in
1218 431 1389 474 Hispania
1405 437 1527 464 contra
1541 430 1774 464 Asdruualem
1790 431 1977 464 Annibalis
1993 431 2150 472 fratrem,
2167 432 2305 466 tertium

437 491 473 523 in
496 490 660 523 Sardinia
684 495 806 522 contra
829 487 969 528 Sardos,
994 493 1152 531 quartum
1176 485 1362 518 Annibalis
1394 495 1463 528 quo
1491 485 1591 518 Italia
1619 484 1858 528 premebatur,
1890 485 2048 529 quintum
2079 484 2215 526 Sicilie,
2245 486 2308 520 ubi

434 544 602 577 Claudius
618 543 808 577 Marcellus
824 542 1031 587 Syracusam
1047 540 1368 584 oppulentissimam
1384 539 1507 572 urbem
1525 539 1643 572 Sicilie
1660 539 1816 572 secunda
1833 540 2095 584 oppugnatione
2111 540 2171 573 uix
2186 539 2308 583 cepit¹.

284 614 306 628 u.
322 613 342 628 e.
357 613 396 633 543
431 596 535 630 Anno
559 596 603 629 ab
626 596 723 630 Urbe
746 596 889 629 condita
904 595 1055 627 DXLIII
1077 595 1113 626 in
1130 592 1321 635 Campania
1337 592 1460 634 Capua
1476 598 1528 625 est
1549 603 1571 625 a
1588 592 1722 632 Quinto
1739 592 1863 625 Fuluio
1879 593 2104 635 proconsule:
2123 593 2301 637 principes

433 651 676 694 Capuanorum
699 659 835 683 ueneno
859 648 933 688 sibi,
958 654 1037 681 ante
1060 659 1163 691 quam
1188 646 1430 684 subderentur,
1447 652 1596 679 mortem
1613 646 1877 685 consciuerunt;
1901 652 2059 680 senatum
2083 657 2223 681 omnem
2243 647 2311 682 Ca-

433 713 511 747 pue‚
536 703 643 736 etiam
664 702 871 746 prohibente
894 707 1014 734 senatu
1038 701 1212 739 Romano,
1228 699 1374 732 Fuluius
1389 699 1594 742 suppliciis²
1617 700 1768 733 necauit.
1814 700 1854 733 In
1871 700 2013 743 Ispania
2035 701 2079 734 ab
2095 699 2310 743 Asdrubale,

432 757 604 799 Scipionis
626 756 791 789 fratribus
813 755 1017 793 interfectis,
1041 754 1157 787 Roma
1181 753 1225 785 ab
1248 752 1423 785 Annibale
1436 751 1448 769 ³
1472 753 1659 786 admodum
1683 764 1803 796 pressa
1823 754 1897 798 jam
1912 763 2004 796 pene
2022 753 2156 787 ciuibus
2183 754 2310 798 despe-

433 811 516 844 ratis
539 810 658 854 Scipio
683 810 887 843 adolescens
910 808 1029 842 an'nos
1052 814 1150 840 natus
1173 817 1264 839 xxrv
1287 807 1378 839 ultro
1402 816 1439 840 se
1464 807 1591 850 optulit
1614 817 1656 840 ac
1679 808 1849 840 ultionem
1865 807 1985 850 patris,
2003 813 2039 841 et
2061 808 2178 851 patrui
2192 807 2311 842 animo

436 864 621 898 intendens
644 865 681 896 in
704 863 907 906 Hispaniam
929 862 1035 902 uenit,
1059 867 1095 894 et
1117 860 1342 904 Cartaginem
1364 871 1493 894 nouam
1517 861 1629 904 cepit3
1654 861 1784 894 dehinc
1808 872 1888 894 cum
1912 860 2111 894 Asdrubale
2125 862 2310 906 pugnauit,

435 923 470 950 et
492 917 591 956 uicit;
617 922 652 949 et
674 926 776 949 Lxxx
800 916 957 949 ciuitates
981 921 1039 947 aut
1063 914 1256 954 deditione,
1279 920 1339 947 aut
1361 914 1457 947 bello
1480 914 1517 946 in
1539 920 1749 957 potestatem
1764 915 1903 958 redegit
1914 913 1937 948 ⁴.
1984 915 2159 948 Uniuersa
2174 915 2307 959 quippe

435 970 591 1013 Yspania
613 981 721 1014 usque
744 969 779 1002 in
802 969 981 1002 Oceanum
1004 968 1039 1000 in
1053 967 1271 1010 prouinciam
1286 967 1445 1006 redacta,
1469 968 1622 1000 Romam
1646 967 1743 1000 uenit
1759 968 1950 1011 consulque
1975 974 2112 1001 creatus
2142 968 2178 1001 in
2208 967 2308 1001 Afri-

438 1035 513 1057 cam
536 1024 671 1057 transiit
704 1029 739 1056 et
770 1022 940 1055 acerrimo
964 1021 1077 1063 prelio
1108 1021 1319 1053 Hannonem
1350 1021 1525 1054 Penornm
1557 1022 1684 1054 ducem
1716 1021 1912 1060 interfecit;
1942 1022 2138 1055 exercitum
2168 1032 2306 1055 omnem

434 1076 558 1109 Africe
582 1077 706 1118 partim
728 1076 826 1115 cede,
849 1075 974 1118 partim
999 1074 1201 1117 captiuitate
1225 1073 1433 1117 disperdidit
1445 1074 1467 1108 ⁵.
1514 1074 1692 1108 Asdrubal
1717 1080 1835 1107 autem
1858 1075 1970 1108 frater
1985 1074 2170 1109 Annibalis
2184 1086 2207 1108 a
2221 1075 2309 1109 Car-

435 1130 671 1173 taginensibus
696 1129 879 1169 consultus,
901 1135 939 1161 ut
962 1128 1080 1161 fratris
1105 1128 1216 1171 copiis
1238 1129 1451 1172 jungeretur,
1469 1139 1548 1161 cum
1565 1139 1691 1172 magna
1709 1138 1827 1161 secum
1845 1129 1974 1162 auxilia
1989 1129 2205 1172 Ispanorum,
2223 1129 2308 1163 Gal-

436 1185 615 1228 lorumque
639 1184 841 1223 deduceret,
865 1183 908 1216 ab
931 1183 1086 1215 exercitu
1109 1182 1283 1222 Romano,
1308 1183 1490 1227 ignorante
1514 1181 1702 1221 Annibale,
1726 1189 1917 1225 preuentus
1948 1194 2027 1216 cum
2059 1184 2213 1216 exercitu
2244 1194 2307 1217 suo

437 1237 646 1270 interfectus
676 1243 727 1269 est
740 1235 771 1269 ⁶.'
815 1235 981 1269 Annibali
1005 1235 1120 1278 capud
1148 1235 1266 1269 fratris
1288 1236 1341 1268 sui
1365 1241 1445 1269 ante
1471 1241 1584 1268 castra
1606 1235 1800 1279 projectum
1825 1242 1888 1269 est.
1936 1236 2018 1275 Quo
2048 1237 2124 1270 uiso
2148 1242 2184 1269 et
2207 1236 2309 1270 clade

436 1291 609 1324 Penorum
634 1290 774 1334 cognita
786 1289 809 1330 ⁷,
832 1288 947 1322 redire
963 1290 1000 1322 in
1023 1288 1183 1322 Africam
1205 1289 1329 1334 jussus,
1352 1295 1390 1322 ut
1412 1290 1505 1323 fesse
1529 1289 1710 1334 Cartagini
1737 1296 1772 1322 et
1794 1290 1866 1334 jam
1896 1300 1988 1333 pene
2012 1290 2160 1324 contrite
2183 1289 2308 1324 Africe

436 1345 644 1384 subueniret,
661 1351 815 1383 coactus,
832 1344 918 1376 flens
933 1343 1074 1386 reliquit
1089 1343 1226 1377 Italiam
1242 1344 1352 1383 annis,
1369 1344 1494 1387 quibus
1511 1354 1588 1376 eam
1604 1344 1754 1387 optinuit
1770 1354 1861 1377 xvn.
1907 1344 2172 1389 Commissoque
2194 1344 2308 1388 prelio

316 827 336 842 c.
349 822 399 846 56a

247 1247 324 1272 Mun..
340 1253 360 1268 c.
375 1252 402 1272 40

437 1409 515 1431 cum
532 1398 697 1441 Scipione
713 1398 808 1441 apud
824 1397 1058 1442 Cartaginem,
1082 1397 1152 1430 suis
1177 1397 1337 1431 omnibus
1361 1397 1460 1437 cesis,
1485 1397 1577 1430 inter
1600 1397 1766 1431 tumultus
1789 1397 1946 1431 Annibal
1963 1398 2100 1441 elapsus
2123 1399 2183 1431 uix
2199 1399 2308 1432 euasit
2331 1399 2380 1433 20

437 1452 473 1484 in
503 1451 689 1485 Bithiniam
719 1451 869 1495 fugiens,
900 1450 1017 1494 ibique
1049 1456 1171 1494 postea
1202 1461 1280 1483 cum
1312 1462 1333 1483 a
1364 1451 1535 1484 Romanis
1566 1457 1823 1493 reposceretur,
1854 1461 1992 1484 ueneno
2025 1462 2102 1484 sese
2129 1451 2271 1485 necauit
2281 1451 2307 1486 ⁸.

439 1505 559 1548 Scipio
582 1505 729 1550 denique
745 1506 815 1550 jam
831 1511 913 1538 tunc
929 1510 1164 1548 cognomento
1180 1503 1387 1538 Africanus'
1403 1511 1483 1548 post
1506 1504 1770 1538 famosissimam
1787 1504 1973 1538 Annibalis
1988 1505 2174 1539 uictoriam
2189 1505 2311 1539 trium-

436 1559 557 1602 phans,
574 1558 695 1592 urbem
710 1558 885 1603 ingressus
901 1565 962 1598 est,
980 1569 1084 1602 quem
1107 1559 1305 1598 Terentius,
1330 1558 1390 1602 qui
1405 1564 1529 1601 postea
1546 1558 1703 1592 comicus
1726 1559 1804 1598 fuit,
1822 1569 1866 1591 ex
1881 1558 2055 1592 nobilibus
2078 1559 2308 1604 Cartaginen-

436 1613 523 1646 sium
540 1612 862 1664 captiuis-pilleatus
878 1612 973 1656 quod
995 1612 1131 1657 insigne
1155 1612 1288 1645 indulte
1311 1612 1380 1646 sibi
1404 1612 1572 1646 libertatis
1596 1612 1673 1652 fuit,
1699 1613 1971 1656 triumphantem
1995 1617 2076 1656 post
2092 1623 2228 1657 currum
2251 1623 2307 1647 se-

438 1672 537 1700 cutus
562 1663 638 1698 est’
660 1665 972 1699 IIIDCCLXXIV.

532 1721 547 1738 “
560 1719 758 1753 Ptolomeus
781 1720 995 1764 Epyphanes
1018 1720 1180 1764 regnauit
1203 1720 1304 1754 annis
1327 1731 1429 1754 xxrv.
1469 1719 1653 1754 Secundus
1668 1721 1760 1754 liber
1775 1720 2051 1754 Machabeorum
2069 1721 2162 1765 apud
2178 1720 2310 1766 Judeos

443 1775 458 1793 ‘⁴
470 1772 572 1818 hujus
594 1773 760 1817 temporis
782 1779 883 1819 gesta
907 1773 1062 1807 continet
1074 1798 1089 1815 „
1106 1773 1141 1808 ¹⁰.

318 1521 339 1536 c.
352 1515 402 1541 5⁶⁶

268 1737 289 1753 δι
305 1737 335 1751 ¹¹¹-
350 1735 402 1756 ³774

1271 1875 1300 1907 I
1295 1875 1476 1909 crom‘mus.

525 1949 766 1992 Pugnantibus
788 1954 904 1983 autern
928 1957 1052 1984 contra
1074 1961 1111 1984 se
1134 1950 1313 1985 Antiocho
1338 1951 1472 1996 Magno
1508 1959 1543 1986 et
1565 1951 1713 1987 ducibus
1736 1953 1920 1992 Ptolomei,
1935 1952 2050 1996 posita
2061 1952 2101 1985 in
2117 1950 2233 1986 medio
2248 1951 2312 1996 Ju-

438 2002 505 2035 dea
517 2001 551 2043 ¹¹,
573 2003 610 2035 in
633 2004 808 2036 contraria
829 2004 942 2037 studia
965 2005 1226 2046 scindebantur,
1243 2006 1319 2039 aliis
1342 2005 1531 2046 Antiocho,
1557 2007 1634 2040 aliis
1649 2007 1832 2040 Ptolomeo
1849 2006 2058 2040 fauentibus.
2097 2006 2259 2051 Denique
2275 2010 2312 2039 et
2354 2025 2363 2054 ss

438 2055 545 2089 Onias
567 2056 751 2098 Sacerdos,
774 2059 958 2102 assumptis
981 2059 1173 2103 Judeorum
1196 2059 1364 2104 plurimis,
1387 2060 1493 2104 fugiit
1516 2060 1554 2093 in
1582 2060 1758 2105 Egiptum.
1791 2067 1825 2094 et
1849 2072 1870 2094 a
1899 2059 2082 2093 Ptolomeo
2113 2059 2312 2093 honorifice
2360 2059 2364 2097 J

438 2115 617 2153 susceptus
641 2117 702 2144 est.
746 2110 898 2156 Accepit
922 2123 1000 2146 eam
1023 2113 1212 2158 regionem,
1230 2125 1297 2158 que
1315 2114 1519 2158 Eliopoleos
1534 2115 1738 2155 uocabatur,
1755 2120 1791 2149 et
1806 2115 2028 2149 concedente
2044 2124 2128 2159 rege
2144 2112 2310 2157 templum

529 2230 553 2248 2.
572 2224 764 2251 Asdruualum
784 2226 840 2251 An.
860 2226 1012 2252 Annibalis
1032 2225 1090 2260 (sic)
1109 2227 1133 2252 A
1148 2241 1159 2246 -
1178 2229 1298 2253 tercium
1317 2229 1344 2252 B
1357 2229 1424 2253 C·—
1444 2229 1470 2255 8.
1488 2229 1637 2255 Annluale
1659 2229 1698 2258 C,-
1716 2237 1765 2254 om.
1785 2230 1828 2254 A:
1849 2229 1994 2261 Scipionis
2013 2227 2152 2253 fratribus
2171 2226 2309 2252 interfec-

438 2266 485 2295 tis,
504 2266 594 2291 Roma
612 2267 646 2291 ab
667 2267 835 2299 Asdrubale,
854 2269 897 2293 ον
915 2270 1044 2302 aggiunto
1062 2270 1093 2294 in
1111 2273 1173 2296 nota
1192 2271 1343 2304 marginale
1361 2271 1406 2296 del
1421 2271 1501 2296 secolo
1519 2271 1612 2296 XVII
1625 2286 1658 2291 —
1677 2280 1703 2305 9.
1723 2272 1861 2297 ulcionem
1880 2272 1907 2295 B
1920 2271 1943 2296 C
1960 2284 1993 2289 —-
2015 2277 2055 2296 ιο.
2076 2269 2192 2295 ueuenit
2208 2267 2270 2302 (sic)
2288 2268 2312 2294 C

438 2319 450 2326 -
469 2308 607 2334 Asdruale
630 2309 653 2333 C
670 2323 702 2327 —
725 2317 764 2336 11.
778 2310 924 2336 dedicione
948 2312 1015 2335 6-
1032 2319 1072 2345 13.
1086 2313 1241 2338 Annonem
1265 2313 1332 2337 C—
1356 2321 1395 2347 ¹4·
1414 2314 1557 2339 Asdruale
1579 2314 1603 2339 C
1619 2328 1652 2332 —
1676 2319 1717 2346 15.
1736 2315 1929 2346 Hispanorum
1947 2314 1975 2338 B
1989 2313 2013 2338 C
2029 2326 2062 2332 —
2084 2317 2125 2344 17.
2144 2312 2232 2344 caput
2249 2311 2276 2336 B
2289 2310 2313 2336 C

439 2357 507 2374 come
530 2349 619 2376 Orosz'o
633 2364 665 2369 —
682 2359 722 2385 19.
742 2360 818 2378 anno
837 2353 862 2378 A
881 2367 893 2373 -
912 2353 1129 2387 Commistoque
1146 2355 1169 2379 C
1181 2369 1212 2373 —
1228 2361 1270 2381 21.
1291 2357 1436 2390 Bitynlam
1455 2358 1482 2381 B
1496 2357 1519 2381 C
1536 2370 1569 2375 -
1589 2363 1632 2390 ²3·
1658 2356 1880 2382 famosissimam
1899 2356 1932 2381 de
1951 2355 2095 2381 Annibale
2117 2354 2184 2380 0—
2199 2360 2243 2388 ²3·
2254 2354 2309 2379 Te·
2357 2363 2359 2367 ⁴

389 2398 403 2424 5
435 2394 547 2419 rencius
565 2395 591 2418 B
604 2395 627 2419 C
637 2408 648 2414 -
660 2396 780 2429 pileatus
793 2397 817 2421 A
828 2397 854 2421 B
868 2411 901 2416 —
917 2397 956 2423 26.
971 2398 1131 2424 Ptolemeus
1144 2400 1169 2424 A
1183 2412 1215 2417 —
1229 2406 1274 2433 3²·
1287 2400 1444 2426 uocabatur
1456 2401 1631 2426 concedente
1645 2401 1674 2425 in
1692 2399 1715 2424 C
1727 2413 1738 2419 -
1751 2400 1878 2434 tenplum
1893 2400 1918 2424 A

2330 1668 2350 1700 2
2374 1654 2378 1667 ¹

383 2646 417 2666 10

385 2854 414 2880 15

531 2475 540 2493 ¹
559 2479 604 2503 Da
623 2478 689 2504 “Eo
707 2481 858 2514 tempore,¹
878 2481 916 2506 fin
935 2483 993 2514 qui,
1013 2489 1031 2507 a
1051 2484 1137 2508 sunta
1151 2484 1160 2508 1
1173 2491 1256 2517 capp.
1270 2483 1344 2515 XIV,

443 2519 495 2544 XV
514 2527 529 2545 e
548 2521 615 2546 XVI
634 2521 677 2546 del
695 2522 744 2547 lib.
763 2523 810 2548 IV.

531 2561 543 2578 ²
561 2563 601 2589 La
615 2564 723 2590 lezione
737 2565 783 2590 dei
794 2566 887 2592 codici
901 2566 915 2592 ὲ
928 2568 1084 2601 sbagliata3
1104 2569 1141 2598 A,
1155 2569 1216 2594 dice
1229 2569 1347 2594 Flauius

443 2605 596 2637 Sulpicius:
614 2606 643 2632 la
663 2607 702 2632 ho
726 2610 851 2634 corretta
870 2611 991 2636 secondo
1011 2611 1149 2642 ansms,
1169 2612 1220 2642 1v,
1242 2616 1282 2644 17,
1305 2618 1346 2636 12.

531 2648 543 2666 ³
562 2649 621 2678 Qui
639 2648 654 2675 e
674 2650 853 2684 impossibile
871 2654 1018 2678 restituire
1036 2654 1064 2679 la
1083 2654 1191 2679 lezione
1204 2654 1346 2688 sbagliata

443 2689 489 2714 del
513 2690 614 2717 codici.
651 2691 791 2723 exosum,
810 2693 860 2724 IV,
882 2698 923 2726 17,
945 2701 975 2727 13
997 2695 1074 2720 dice:
1101 2695 1288 2722 “Interfectis
1313 2697 1345 2722 ln

444 2730 606 2766 “Hispan‘a
629 2733 812 2767 Scipionibus
836 2744 908 2767 cum,
937 2737 1071 2762 omnibus
1097 2738 1213 2763 incusso
1237 2745 1345 2771 pavore

444 2774 458 2788 Μ
469 2776 678 2807 cunctantibus,
697 2777 794 2811 Scipio
813 2786 841 2804 se
860 2779 1012 2804 admodum
1026 2780 1194 2805 adulescens
1208 2781 1282 2805 ultro
1296 2781 1346 2805 ob-

445 2816 582 2842 “tulisset
600 2819 697 2844 etc-..0
708 2836 733 2850 η.
775 2820 964 2846 wionem...
979 2822 1070 2852 patris
1087 2825 1113 2846 et
1130 2823 1228 2854 patrui
1252 2823 1344 2847 animo

444 2860 640 2887 intendens....
659 2859 674 2886 ὲ
692 2869 776 2894 preso
796 2863 841 2888 dal
860 2871 920 2897 cap.
940 2864 1045 2895 XVIII,
1065 2865 1080 2897 ἓ
1102 2872 1123 2891 1.

533 2900 545 2916 ⁴
565 2902 700 2935 Onosms,
720 2904 768 2935 IV,
791 2905 832 2938 18,
852 2912 883 2930 πε
903 2907 983 2931 “....
1002 2908 1193 2940 quadraginta
1212 2908 1348 2933 civitates

445 2943 498 2968 “in
518 2943 690 2970 deditionem
710 2947 831 2980 accepit,
850 2948 958 2980 viginti
977 2949 1007 2973 et
1024 2956 1071 2974 sex
1089 2950 1268 2983 expugnavit
1280 2968 1303 2983 „.

533 2985 545 3002 ⁵
567 2987 705 3019 OR051US,
724 2989 774 3020 IV,
797 2990 840 3020 18,
862 2995 902 3022 17.

534 3026 546 3044 ⁶
566 3029 706 3062 Onosxus,
729 3031 769 3062 18,
789 3038 816 3064 9.

1489 2482 1501 2500 ⁷
1520 2484 1574 2509 Fin
1593 2485 1642 2517 qui
1662 2484 1698 2510 da
1717 2484 1856 2515 Οκοεωε,
1870 2483 1920 2514 IV,
1937 2483 1978 2514 18,
1995 2488 2037 2515 15,
2058 2483 2103 2508 nel
2116 2482 2194 2508 resto
2207 2481 2251 2507 del
2264 2487 2312 2516 pe·

1400 2526 1484 2552 riodo
1504 2526 1550 2552 dal
1569 2527 1723 2552 medcsimo
1743 2527 1827 2558 libro,
1847 2534 1909 2560 cap.
1934 2534 1973 2560 19,
1997 2534 2019 2552 1.

1489 2567 1500 2584 ⁸
1521 2569 1662 2600 Onosms,
1682 2570 1730 2601 IV,
1751 2577 1793 2602 20,
1813 2576 1858 2602 29.

1488 2610 1500 2628 ⁹
1520 2613 1658 2643 ansrus,
1678 2612 1727 2644 1v‚
1749 2620 1790 2646 19,
1810 2612 1836 2644 6,
1855 2612 1969 2646 copiato
1989 2613 2178 2638 interamenta
2197 2611 2234 2636 da
2252 2617 2280 2637 ιι.

2335 1129 2374 1163 15

1481 2654 1503 2671 ¹⁰
1523 2656 1652 2681 Fmvms
1677 2655 1831 2686 Iosamws,
1861 2656 1922 2687 ΧΠ,
1954 2662 2013 2688 130,
2044 2659 2108 2688 1543
2132 2654 2311 2686 structum.
2332 2647 2334 2651 ’
2362 2676 2370 2687 .;

1402 2698 1623 2730 Chronographia
1642 2697 1673 2723 in
1696 2699 1770 2723 Hx’st.
1789 2699 1971 2730 Byzantinae,
1990 2698 2060 2723 ediz.
2079 2696 2215 2727 Dindori,
2231 2695 2310 2729 18²9,

1399 2739 1495 2766 all'an.
1518 2740 1586 2772 1830
1605 2740 1634 2764 di
1650 2740 1793 2766 Abramox
1808 2741 1822 2755 ‘¹
1832 2741 1878 2765 ὲιτὶ
1891 2741 1985 2764 τούτου
1998 2739 2118 2772 ἐπράχθη
2132 2738 2165 2763 τὰ
2177 2738 2249 2764 ’κατὰ
2262 2738 2311 2770 τὴν
2340 2759 2344 2761 .
2358 2733 2369 2765 ῑῘ

1401 2782 1414 2795 “
1427 2783 1531 2815 πρώτην
1554 2784 1603 2806 τῶν
1628 2782 1807 2813 Μακκῐβαίυν
1825 2783 1913 2814 βίβλσν
1941 2783 2012 2814 παιρά
2032 2781 2172 2807 Ἰουδιιθῖς
2193 2781 2311 2813 ῐπορτύ·
2331 2800 2354 2812 ⁸„

1401 2826 1513 2857 “neva„
1534 2825 1694 2859 riprodotte
1713 2826 1744 2850 ln
1766 2824 1780 2838 ‘⁴
1792 2825 1957 2851 Chronicon
1982 2831 2126 2853 canonum
2136 2841 2160 2856 m
2185 2825 2308 2850 Eusmm

1399 2868 1561 2898 PAMrmm,
1577 2868 1650 2892 ediz.
1670 2867 1699 2893 di
1718 2868 1832 2900 Angelo
1854 2868 1911 2893 Mai
1930 2875 1945 2892 e
1965 2867 2051 2893 Gtov.
2065 2866 2178 2892 Zohrab
2191 2866 2310 2898 Milano,

1403 2909 1480 2942 1848,
1494 2917 1521 2942 p.
1535 2916 1550 2941 3
1554 2915 1567 2941 5
1572 2915 1596 2941 5.
1616 2911 1692 2935 Beda
1706 2909 1772 2944 pero
1785 2911 1876 2935 trasse
1895 2911 1922 2935 la
1934 2911 2017 2936 citaz.
2030 2910 2067 2935 da
2085 2916 2137 2935 san
2150 2908 2310 2935 Girolamo.
2329 2913 2334 2938 -ζ
2363 2929 2368 2933 ,,

1480 2950 1500 2967 ¹¹
1520 2953 1731 2983 Hmaoxvmus,
1750 2954 1790 2984 op.
1810 2953 1868 2981 cit„
1888 2952 1922 2983 V,
1944 2952 1996 2984 708
2015 2950 2141 2985 (Mrona,
2169 2951 2225 2976 vol.
2248 2951 2309 2982 cin,
2341 2965 2357 2990 ¹,

1401 3002 1428 3028 p.
1450 2993 1511 3026 562)
1531 2994 1608 3019 dice:
1630 2993 1643 3007 u
1656 2995 1686 3019 in
1705 2994 1799 3020 medio
1818 2994 1924 3020 Iudaea
1936 2995 2033 3029 posita
2047 2994 2076 3019 in
2090 2994 2238 3021 contraria
2251 2994 2310 3020 stu·
2341 3015 2355 3022 Α,

1401 3035 1415 3050 “
1426 3035 1472 3061 (ila
1489 3036 1678 3063 scindebatur
1689 3054 1714 3070 „.
