2398 3470
243 548 290 568 dec.
305 549 318 567 6

229 602 277 624 dec.
294 607 319 626 ²5

234 666 258 670 -
275 661 323 679 1177

242 709 284 728 ian.
301 709 313 727 6

195 762 248 781 febr,
266 762 325 780 ineur
344 767 356 780 e

231 1032 251 1045 r.
266 1025 326 1050 ¹5⁴⁶

236 1082 300 1098 marl.
315 1086 328 1103 9

231 1135 294 1153 uuirt⁴
308 1139 330 1157 13

230 1339 294 1358 inart.
304 1342 329 1360 ²3

251 1368 299 1388 1¹77

349 1932 381 1951 10

350 2152 380 2178 ¹5

349 2363 383 2381 20

349 2575 380 2601 ²5

348 2784 383 2810 30

348 2998 381 3025 35

1177 202 1491 240 CHRONICON
2031 209 2082 246 [Α.
2102 210 2136 238 c.
2158 211 2255 246 11771

408 326 672 368 archiepiscopo
695 331 729 357 et
751 324 930 367 Roggerio
955 323 1073 356 comiti
1096 323 1230 356 Andrie
1254 333 1381 367 magno
1412 323 1647 357 comestabulo
1679 329 1715 357 et
1743 325 1908 368 magistro
1935 325 2117 361 iustitiario
2147 327 2251 360 totius

407 378 533 421 Apulie
557 383 592 410 et
615 378 724 410 Terre
748 375 896 409 Laboris
919 387 983 419 per
1007 375 1137 409 litteras
1159 387 1238 409 suas
1260 377 1360 410 dedit
1383 375 1418 409 in
1444 375 1627 415 mandatis,
1661 383 1698 410 ut
1728 377 1917 412 honorifice
1940 380 2117 422 preparati
2148 380 2249 413 simul

409 441 486 463 cum
509 441 599 473 papa
613 431 622 447 ¹
647 430 683 462 in
705 429 951 462 Lombardiam
975 435 1173 473 pergerent,
1197 435 1231 462 et
1253 440 1318 472 pro
1341 436 1439 472 parte
1463 429 1554 474 regis
1576 430 1818 473 componende
1834 431 1931 474 pacis
1946 442 2024 466 cum
2041 433 2250 476 imperatore

407 483 568 517 tractatui
591 482 808 516 interessent.

494 535 694 568 Alexander
725 535 830 579 igitur
863 546 954 578 papa
979 535 1022 568 ab
1054 535 1214 580 Anagnia
1237 536 1299 579 [se]
1331 546 1475 569 mouens
1498 542 1533 569 et
1562 547 1627 579 per
1657 536 1803 570 Terram
1834 536 1980 572 Laboris
2013 538 2248 573 Beneuentum

409 590 563 628 ueniens,
588 599 608 620 a
630 589 718 621 festo
742 589 932 621 natiuitatis
954 599 1064 632 usque
1087 590 1123 622 in
1148 590 1367 633 epiphaniam
1383 589 1513 623 ibidem
1531 595 1583 623 est
1605 589 1813 624 demoratus.
1859 591 1995 624 Dehinc
2019 602 2083 635 per
2105 593 2247 626 Troiam

407 649 441 676 et
463 642 646 685 Sipontum
670 641 813 675 Uestam
836 642 933 675 uenit
946 642 969 683 ²,
985 648 1019 675 et
1035 642 1273 686 W[illelmu]m
1297 642 1525 676 Portuensem
1542 643 1745 686 episcopum
1760 650 1795 677 et
1816 644 2011 678 lacinthum
2035 645 2248 679 cardinalem

409 696 535 728 Sancte
560 695 672 728 Marie
696 696 740 729 de
766 695 870 729 Scola
894 695 1033 729 Greca²
1057 702 1092 730 et
1114 697 1283 740 quosdam
1307 697 1392 730 alios
1416 697 1612 730 cardinales
1634 707 1699 740 per
1720 703 1847 730 terram
1870 698 2038 741 premisit,
2060 699 2141 742 quia
2156 710 2250 732 mare

405 754 550 792 propter
573 749 648 781 eius
670 749 844 792 procellas
868 755 902 782 et
924 750 1168 783 inundationes
1191 750 1320 783 intrare
1345 750 1545 783 metuebant
1558 753 1581 783 ⁴.
1628 749 1727 789 Quos
1750 757 1916 784 exeuntes
1932 751 1976 784 de
1999 757 2092 784 terra
2108 752 2250 795 Aprutii

406 808 441 835 et
465 802 509 834 de
533 802 658 835 finibus
673 803 784 846 regni,
807 802 1023 836 Christianus
1053 803 1286 836 cancellarius
1308 813 1373 846 per
1402 804 1607 848 Marchyam
1622 807 1634 824 ⁵
1657 804 1739 837 satis
1761 805 1907 838 honeste
1937 805 1985 838 ad
2007 804 2249 848 imperatorem

407 855 466 897 [et]
489 855 696 888 Rauennam
711 866 821 899 usque
837 856 992 889 deduxit.
1039 856 1232 900 Imperator
1248 863 1363 890 autem
1379 867 1439 890 eos
1457 857 1606 891 officiose
1631 857 1777 900 recepit,
1793 863 1828 891 et
1850 859 1940 891 sicut
1955 857 2083 898 decuit,
2105 858 2249 893 multum

407 908 546 942 honoris
570 915 605 942 et
627 909 821 942 reuerentie
842 909 911 941 illis
934 909 1101 943 exhibuit.
1147 909 1351 943 Alexander
1373 921 1457 944 uero
1473 921 1566 954 papa
1581 910 1679 943 simul
1695 921 1773 943 cum
1791 910 1981 945 Manfredo
2003 911 2251 946 Prenestrino·

407 961 572 1005 episcopo
595 968 630 995 et
653 962 807 995 Iohanne
830 962 1066 1005 Neapolitano
1079 965 1091 983 ⁷
1114 969 1149 997 et
1165 963 1314 1007 Hugone
1330 964 1374 997 de
1390 962 1570 997 Bononia⁸
1595 970 1629 997 et
1652 964 1790 997 Bosone
1803 962 1815 980 ⁹
1838 970 1873 997 et
1895 964 2027 998 Cencio
2043 964 2214 1008 Cappello
2227 964 2251 983 ¹⁰

410 1015 645 1048 cardinalibus
668 1021 703 1048 et
726 1016 989 1058 prenominatis'
1012 1017 1106 1060 regis
1130 1017 1269 1056 nuntiis,
1301 1017 1515 1061 impediente
1547 1023 1764 1061 tempestate,
1796 1018 1888 1060 apud
1911 1017 2055 1051 Uestam
2084 1029 2193 1063 usque
2215 1019 2252 1051 in

411 1075 568 1111 quartam
592 1069 724 1108 feriam,
749 1068 887 1113 quando
910 1070 1076 1102 ieiunium
1099 1070 1338 1110 inchoabatur,
1362 1082 1455 1105 nono
1478 1071 1612 1104 scilicet
1636 1071 1694 1104 die
1717 1071 1868 1104 intrante
1891 1071 2020 1105 mensis
2042 1071 2161 1105 Martii
2188 1072 2252 1107 de-

407 1129 568 1163 moratus,
593 1133 671 1155 cum
686 1123 850 1156 undecim
872 1123 984 1167 galeis
1006 1134 1101 1156 mare
1123 1123 1342 1158 Adriaticum
1367 1130 1419 1158 est
1434 1125 1618 1170 ingressus,
1643 1131 1678 1158 et
1694 1125 1870 1158 dominico
1894 1125 1952 1158 die
1968 1125 2081 1168 primo
2103 1131 2251 1160 uenturo

405 1176 565 1209 Iadaram
587 1176 767 1219 applicuit,
789 1177 847 1210 ubi
870 1176 914 1210 ab
937 1177 1205 1221 archiepiscopo
1229 1185 1264 1211 et
1287 1178 1462 1221 episcopis
1491 1179 1646 1222 regionis
1667 1178 1759 1212 illius
1782 1184 1818 1212 et
1840 1178 1966 1212 comite
1989 1185 2024 1212 et
2046 1178 2178 1222 popolo
2201 1179 2253 1213 ci-

403 1229 519 1262 uitatis
541 1231 625 1263 satis
647 1231 836 1263 honorifice
860 1236 910 1263 est
933 1237 1107 1274 receptus.
1154 1231 1293 1264 Dehinc
1309 1242 1373 1274 per
1388 1231 1518 1265 insulas
1532 1232 1704 1265 Dalmatie
1721 1232 1889 1276 nauigans
1902 1231 1937 1271 ¹¹,
1954 1243 2048 1266 nono
2065 1233 2122 1266 die
2137 1238 2250 1267 stante

406 1283 534 1316 mensis
556 1283 676 1316 Martii
698 1284 744 1316 ad
767 1289 903 1326 portum
934 1284 1085 1318 Uenetie
1109 1296 1192 1317 aura
1223 1285 1327 1318 flante
1350 1285 1505 1319 secunda
1535 1286 1705 1328 peruenit.
1752 1285 1797 1318 Et
1825 1285 1956 1319 ibidem
1988 1297 2067 1320 cum
2090 1286 2250 1320 omnibus

2278 807 2317 838 10

2278 1073 2316 1106 15

404 1338 473 1370 suis
489 1337 532 1370 de
549 1337 650 1381 galea
667 1337 895 1376 descendens,
911 1338 949 1370 in
964 1339 1173 1371 monasterio
1190 1339 1299 1371 sancti
1317 1338 1476 1383 Nicolay,
1493 1338 1588 1382 quod
1604 1339 1731 1373 dicitur
1746 1340 1792 1372 ad
1803 1339 1894 1379 litus,
1907 1340 1983 1382 ipso
1995 1339 2052 1372 die
2067 1339 2201 1383 quieuit
2213 1339 2250 1373 ¹¹.
2275 1341 2319 1373 20

497 1494 518 1511 r.
538 1486 662 1518 Rogerio
677 1488 702 1511 B
715 1488 830 1512 CSasso
849 1497 862 1512 e
880 1488 972 1513 Arndt
988 1501 997 1506 —
1016 1490 1153 1521 magistro
1174 1489 1197 1513 Λ
1219 1502 1228 1506 -
1247 1495 1352 1521 magno
1372 1489 1532 1514 iustitiario
1552 1489 1648 1518 Sassot
1667 1490 1826 1514 iusticitrio
1844 1489 1888 1519 A}
1907 1490 2071 1514 iusticia-10
2092 1490 2115 1515 C
2131 1497 2146 1514 e
2163 1490 2255 1517 Arndt

409 1543 416 1547 -
436 1530 528 1553 tocius
550 1529 573 1554 C
590 1537 604 1553 e
621 1529 712 1554 Arndt
730 1543 761 1546 —
783 1537 807 1562 5.
827 1529 962 1562 Anagnia
982 1538 1100 1555 movens
1121 1531 1144 1555 C
1161 1539 1174 1554 e
1192 1531 1283 1556 Arndt
1301 1544 1334 1550 —-
1353 1530 1378 1555 6.
1397 1531 1561 1564 Epiphania
1581 1531 1605 1555 B
1626 1531 1649 1556 C
1665 1530 1746 1556 Sauo
1764 1540 1777 1556 e
1803 1530 1893 1557 Arndt
1916 1544 1949 1550 —
1974 1537 1999 1564 7.
2023 1531 2140 1557 Vastam
2163 1531 2214 1557 Aa
2237 1540 2253 1558 o
2288 1553 2292 1558 .

408 1573 508 1597 Caruso
522 1585 530 1589 -
544 1573 791 1605 archiepiscopum
807 1574 829 1598 C
842 1587 873 1590 —
887 1581 912 1605 9.
932 1574 1055 1605 Aprucii
1077 1573 1100 1598 C
1116 1582 1129 1598 e
1148 1574 1239 1598 Arndt
1258 1587 1289 1591 *-
1311 1580 1352 1598 10.
1372 1574 1530 1598 Marchiam
1548 1575 1575 1599 B
1595 1574 1624 1606 C,
1645 1573 1727 1600 Sasso
1746 1582 1759 1598 e
1776 1573 1870 1599 Arndt
1886 1588 1918 1592 —-
1941 1581 2030 1600 10-11.
2049 1575 2250 1607 imperatorem

405 1616 432 1638 et
452 1613 618 1639 Ravennam
635 1615 659 1640 C
674 1624 687 1639 e
707 1615 798 1640 Arndt
816 1629 848 1633 —
871 1622 911 1640 12.
930 1617 1091 1641 reverencie
1113 1616 1136 1640 C
1152 1625 1165 1640 e
1178 1617 1270 1642 Arndt
1280 1630 1291 1635 -
1303 1616 1452 1642 Palestino
1466 1616 1490 1641 A
1501 1622 1517 1640 2
1530 1625 1544 1640 e
1561 1616 1678 1647 Carusog
1691 1616 1853 1642 Palestrino
1870 1617 1917 1641 Co
1929 1617 2020 1642 Arndt
2031 1631 2064 1635 —
2080 1624 2122 1650 13.
2133 1617 2252 1651 Hugone

411 1658 434 1681 C
456 1669 468 1675 -
491 1657 585 1681 Busofl
611 1658 646 1686 (ἲς
671 1658 784 1682 Busone
809 1658 902 1683 Arndt
925 1672 934 1676 -
957 1657 1044 1683 Cenci
1069 1658 1092 1683 C
1108 1672 1117 1676 -
1138 1658 1259 1691 Capello
1277 1659 1303 1683 B
1323 1660 1348 1685 C
1363 1658 1446 1685 Sasso
1463 1668 1476 1684 e
1494 1659 1587 1685 Arndt
1604 1673 1637 1677 —
1659 1666 1699 1692 14.
1719 1659 1833 1684 nunciis
1856 1658 1879 1683 C
1895 1668 1908 1684 e
1928 1659 2017 1684 Arndt
2034 1673 2043 1678 -
2060 1659 2177 1685 Vestam
2195 1659 2222 1684 B
2239 1667 2254 1684 e

405 1698 485 1724 Sasso
498 1712 530 1717 —
548 1704 588 1730 15.
600 1699 701 1724 Marcii
723 1700 747 1724 C
763 1708 777 1724 e
796 1700 888 1725 Arndt
906 1714 938 1717 —
961 1700 1001 1725 16.
1020 1701 1223 1726 Andriaticum
1245 1702 1283 1731 A:
1303 1701 1500 1726 Hadrlaticum
1519 1701 1546 1726 Β
1562 1710 1575 1725 e
1594 1701 1675 1727 Sauo
1695 1715 1727 1719 —
1749 1707 1790 1734 17.
1809 1702 1843 1726 ab
1865 1702 1888 1726 C
1904 1702 2036 1734 agg-iente
2054 1701 2159 1728 d'altra
2176 1709 2254 1728 uuo

406 1741 440 1765 ed
450 1741 592 1767 inchx'ostro
603 1745 685 1773 sopra
702 1743 733 1766 la
750 1742 822 1766 linea
840 1756 873 1761 -
894 1743 935 1767 18.
954 1742 1102 1768 DalmacIe
1124 1743 1148 1767 C
1163 1752 1177 1767 ε
1196 1743 1289 1769 Arndt
1307 1757 1317 1763 -
1336 1745 1465 1769 Instante
1484 1745 1512 1769 B
1531 1757 1563 1762 --
1586 1751 1625 1777 19.
1646 1744 1748 1769 Marcii
1770 1745 1793 1768 C
1809 1752 1822 1768 e
1840 1744 1953 1769 Arndt-
1965 1744 2089 1769 Venecie
2105 1742 2255 1770 GeArnde

408 1797 439 1800 —
460 1789 501 1808 20.
521 1784 636 1809 Nicolal
659 1785 684 1809 Β
700 1793 714 1809 e
732 1784 814 1810 sasso
833 1798 842 1803 —
862 1785 983 1818 Nicolay
1005 1786 1028 1811 C
1045 1793 1060 1809 e
1078 1785 1168 1811 Arndt

409 1894 457 1918 per
477 1886 580 1911 l’invio
598 1887 644 1912 dei
664 1888 728 1912 suoi
748 1888 948 1912 ambasciatori
969 1888 994 1913 le
1014 1889 1163 1913 medesime
1173 1890 1305 1921 garanzie

409 1929 557 1954 accordate
576 1930 602 1954 al
622 1937 696 1962 papa
716 1938 730 1954 e
748 1930 807 1955 alla
826 1928 914 1955 Corte
932 1930 1093 1962 Pontificia,
1121 1931 1171 1956 che
1194 1932 1303 1956 doveva

408 1973 511 1997 recarsi
532 1980 549 1997 a
567 1972 692 1997 venezia
710 1980 759 2005 per
778 1973 968 1998 conchiudere
987 1973 1014 1997 la
1040 1980 1115 2006 pace,
1142 1975 1182 1998 M.
1209 1975 1239 1999 G.
1268 1975 1304 1999 H.

408 2015 509 2047 Leges,
527 2015 562 2045 II,
581 2015 692 2047 p.',119.

498 2056 506 2073 ¹
525 2057 612 2086 Boso,
631 2058 691 2082 Lr'b.
711 2058 825 2091 Pontis„
844 2058 880 2087 ΙΙ,
900 2065 926 2090 p.
946 2064 1012 2090 437:
1036 2059 1107 2083 “....
1121 2057 1304 2092 R[omualdo]

411 2100 424 2113 “
435 2118 443 2126 .
453 2117 460 2125 .
471 2116 479 2124 .
491 2119 496 2124 .
507 2099 690 2124 Salernitano
703 2099 920 2133 archIepiscopo
934 2102 962 2125 et
975 2099 1127 2132 R[ogerio]
1141 2101 1245 2126 illustri
1261 2109 1304 2126 co-

411 2142 590 2173 “mite....„
619 2141 723 2167 surono
742 2142 879 2167 destinati
907 2150 985 2167 come
1013 2143 1074 2167 suoi
1101 2144 1303 2168 ambasciatori

408 2185 444 2208 da
463 2183 627 2216 Guglielmo
646 2184 680 2216 11,
702 2184 747 2208 nel
767 2191 840 2209 mese
859 2184 890 2208 di
908 2184 1046 2209 sebbraio.
1083 2185 1135 2209 Per
1149 2187 1247 2217 questa
1260 2193 1303 2210 ra-

407 2228 495 2258 gione
513 2227 620 2251 codestl
641 2227 749 2251 illustri
768 2226 940 2259 personaggi
960 2234 1018 2251 non
1038 2228 1258 2260 presenziarono
1278 2229 1304 2251 le

409 2276 498 2294 nozze
523 2269 551 2293 di
572 2268 738 2301 Guglielmo
756 2277 772 2294 e
790 2269 818 2293 di
840 2268 996 2293 Giovanna
1015 2270 1044 2293 in
1065 2269 1203 2295 Palermo.

496 2312 639 2345 Ruggiero
659 2313 743 2337 conte
762 2311 912 2341 d'Andria,
930 2311 1011 2344 figlio
1036 2311 1066 2336 di
1085 2312 1234 2342 Riccardo,
1261 2315 1303 2338 in-

409 2355 494 2379 sieme
513 2361 567 2379 con
586 2354 729 2379 Tancredl
743 2356 826 2379 conte
845 2353 874 2378 di
895 2354 982 2379 Lecce
1001 2353 1142 2380 combatte
1157 2362 1172 2379 e
1184 2353 1268 2388 perde
1282 2356 1303 2380 il

412 2403 443 2422 10
463 2405 556 2422 marzo
579 2403 645 2430 1175
666 2397 693 2422 la
711 2397 853 2429 battaglia
872 2397 900 2421 di
922 2396 1034 2422 Carsoli
1055 2398 1302 2423 controisoldati

407 2440 435 2464 di
457 2439 592 2464 Federico
612 2439 793 2468 Barbarossa,
807 2439 972 2464 eomandati
986 2439 1033 2464 dal
1049 2439 1228 2465 Cancelliere
1242 2439 1303 2465 Cri-

409 2483 505 2506 stiano
525 2482 553 2507 di
574 2482 725 2514 Magonza;
746 2481 781 2506 cf.
802 2482 921 2506 Annales
949 2482 1123 2507 Ceccanenses
1148 2489 1162 2505 e
1187 2482 1304 2507 Annales

410 2525 566 2550 Cannenses
585 2525 616 2550 in
638 2525 678 2549 M.
704 2524 735 2549 G.
757 2525 792 2548 H.
815 2524 874 2552 SS„
893 2523 968 2552 XIX,
987 2531 1033 2556 pp.
1055 2522 1106 2548 286
1125 2531 1139 2548 e
1158 2531 1218 2555 31²·

496 2565 507 2582 ²
522 2565 840 2600 Jarrii-Lozwmwenn,
860 2573 907 2590 nn.
930 2564 1116 2598 12768-12777
1139 2573 1153 2590 e
1175 2565 1267 2599 12778.

497 2607 508 2624 ⁸
530 2609 699 2634 “Iacinthus
719 2608 793 2635 card.
818 2608 845 2633 S.
865 2609 955 2633 Marie
981 2609 1011 2632 in
1038 2606 1192 2633 cosmedin
1204 2627 1228 2641 ,,.
1266 2608 1302 2633 Su

408 2651 570 2684 Guglielmo
591 2650 887 2684 “Portuensis”eplsc.
899 2668 912 2681 „
932 2650 997 2674 vedi
1018 2657 1045 2682 p.
1065 2650 1240 2682 precedente.

497 2692 510 2709 ⁴
530 2694 615 2723 Boso,
634 2694 694 2718 Lib.
713 2693 827 2724 Pontis„
845 2693 880 2722 11,
899 2692 965 2725 436:
982 2692 1052 2718 “Set
1065 2692 1143 2717 circa
1158 2692 1303 2718 meridiem

412 2737 425 2750 ¹‘
436 2737 654 2769 supervenIente
673 2737 766 2765 borea,
785 2743 901 2769 prorsus
920 2736 1065 2760 extinctus
1085 2736 1127 2759 est
1147 2736 1249 2765 auster,
1275 2736 1303 2760 et

410 2778 502 2803 “ilico
523 2779 598 2803 facta
617 2779 659 2803 est
677 2778 707 2803 in
728 2779 798 2803 mari
819 2778 946 2804 turbatio
959 2776 1204 2802 maxima....Set
1218 2784 1303 2802 naves

413 2821 518 2845 “albos
536 2828 623 2852 equos
651 2820 773 2845 ferentes
801 2828 863 2845 cum
891 2820 1044 2853 posteriori
1064 2818 1155 2852 ‘galea
1180 2825 1304 2852 regresse

413 2862 427 2876 “
437 2864 503 2888 sunt
521 2863 557 2888 ad
576 2863 690 2895 portum
709 2863 873 2894 Vestanum,
893 2863 960 2894 quia
979 2862 1102 2893 reliquas
1119 2860 1215 2894 galeas
1240 2861 1301 2885 sub-

413 2905 427 2919 “
437 2905 516 2938 sequi
533 2906 632 2930 contra
652 2906 768 2929 ventum
788 2905 914 2930 vandum
934 2912 993 2929 non
1013 2905 1200 2937 potuerunt„.

500 2946 511 2962 ⁵
529 2947 625 2972 Marcu
650 2946 808 2972 d'Ancona.

499 2988 510 3006 ⁶
531 2989 545 3002 ‘⁴
556 2989 720 3015 Msnfredus
733 2989 918 3014 Prenestinus
931 2989 1016 3022 episc.
1030 3008 1042 3022 ,‚
1051 2987 1301 3020 Just-Lemm-

1359 1896 1440 1919 Fam,
1461 1897 1508 1914 nn.
1532 1888 1617 1914 12828
1636 1897 1650 1914 e
1673 1888 1768 1923 12829.

1446 1930 1457 1947 ⁷
1481 1931 1645 1964 “johannes
1670 1932 1809 1965 presbiter
1835 1932 1991 1956 cardinalis
2017 1932 2097 1957 tituli
2123 1930 2153 1958 S.
2179 1931 2254 1957 Ana-

1360 1974 1468 1999 “stasie
1478 1992 1501 2006 ,„
1517 1973 1838 2007 JAFFE-Loswmnnn,
1859 1982 1905 1998 nn.
1928 1972 2014 1998 12828
2034 1981 2048 1998 e
2069 1972 2155 2007 12829
2179 1981 2195 1999 o
2213 1980 2255 2007 ες.

1445 2015 1457 2032 ⁸
1487 2015 1500 2030 ⁸
1511 2017 1594 2049 Hugo
1621 2017 1763 2041 diaconus
1791 2016 1948 2041 cardinalls
1979 2017 2073 2041 sancti
2105 2015 2254 2041 Eustachii

1359 2060 1373 2074 “
1383 2060 1465 2084 iuxta
1476 2059 1613 2093 templum
1624 2059 1753 2092 Agrippe
1763 2058 2113 2091 mpsim-Loswmzrn,
2127 2066 2154 2083 n.
2170 2063 2257 2091 12240

1359 2109 1374 2126 e
1393 2109 1432 2134 sg.

1447 2142 1458 2159 ⁹
1479 2143 1575 2168 “Boso
1596 2143 1734 2176 presbiter
1754 2144 1910 2169 cardinalis
1929 2142 1956 2168 S.
1979 2142 2157 2168 Pudentiane
2174 2142 2255 2168 tltuli

1359 2187 1372 2200 “
1384 2186 1512 2212 Pastoris
1524 2203 1547 2218 „‚
1562 2185 1881 2219 Jsrriz-Lonwmnm,
1896 2193 1945 2210 nn.
1967 2184 2060 2214 12828,
2082 2183 2168 2217 12829
2185 2192 2201 2209 e
2214 2191 2256 2218 sg.

1448 2227 1468 2243 ¹⁰
1488 2229 1500 2243 ¹⁴
1513 2228 1657 2254 Cinthvus
1671 2229 1808 2253 diaconus
1821 2228 1978 2253 cardinalis
1991 2228 2082 2253 sancti
2095 2226 2221 2252 Adriani
2231 2244 2256 2259 ,μ

1354 2256 1674 2303 ,ῙΑΡΕΕ-Εοιῑννειτιῑῖκω,
1696 2279 1743 2295 nn.
1766 2269 1860 2301 12828,
1882 2270 1967 2303 12829
1985 2277 2000 2295 e
2018 2277 2060 2302 sg.

1447 2312 1470 2329 ¹¹
1489 2313 1574 2345 Boso,
1595 2313 1679 2338 Liber
1697 2313 1811 2346 Ponttf,
1831 2312 1865 2342 11,
1885 2319 1912 2346 p.
1931 2317 2000 2345 437:
2019 2311 2079 2336 “Et
2098 2311 2201 2337 exlnde
2213 2317 2255 2336 ce-

1360 2356 1373 2369 ‘¹
1382 2357 1456 2381 teras
1475 2356 1620 2381 Dalmatie
1640 2355 1748 2380 insulas
1761 2354 2003 2383 transcendentes,
2016 2354 2047 2378 in
2061 2353 2194 2388 proxima
2206 2352 2256 2378 do·

1361 2397 1375 2411 “
1385 2398 1499 2428 minica,
1519 2399 1683 2431 priusquam
1703 2397 1746 2422 sol
1761 2397 1946 2428 illucesceret,
1961 2395 1998 2421 ad
2012 2396 2159 2420 civitatem
2176 2394 2256 2420 Iade-

1360 2439 1451 2472 “ram,
1473 2448 1526 2472 que
1546 2440 1603 2465 sita
1620 2441 1663 2465 est
1683 2441 1713 2464 in
1739 2440 1832 2472 capite
1857 2438 1993 2472 Ungarici
2020 2439 2109 2471 regni,
2135 2436 2256 2463 eundem

1360 2481 1374 2495 “
1383 2482 1547 2516 pontificem
1567 2490 1629 2507 cum
1649 2482 1787 2507 fratribus
1800 2482 1867 2511 suis,
1881 2480 1919 2507 M.
1934 2480 2071 2506 videlicet
2084 2479 2254 2505 Prenestitio

1359 2525 1373 2538 “
1382 2525 1527 2558 episcopo,
1541 2525 1562 2550 1.
1575 2524 1657 2550 tituli
1673 2526 1768 2549 sancte
1781 2524 1944 2554 Anastasie,
1957 2524 1986 2548 B.
2001 2523 2083 2548 tituli
2097 2523 2187 2547 sancti
2201 2522 2255 2547 Pu-

1360 2567 1374 2581 “
1384 2567 1520 2592 dentiane
1539 2567 1698 2600 presbiteri,
1718 2566 1751 2592 C.
1765 2566 1858 2592 sancti
1870 2565 1994 2591 Adriani
2007 2566 2036 2590 et
2047 2565 2081 2590 U.
2095 2564 2189 2590 sancti
2200 2564 2256 2591 Eu-

1360 2610 1373 2623 “
1385 2610 1489 2635 stachil
1508 2610 1639 2635 diaconis
1652 2609 1861 2635 cardinaHbus.
1874 2628 1879 2633 .
1893 2628 1897 2632 .
1910 2627 1916 2633 .
1929 2608 1966 2633 Et
1978 2607 2112 2640 quoniam
2126 2606 2254 2632 nondum

1360 2651 1533 2685 “quisquam
1554 2652 1750 2677 Romanorum
1763 2650 1931 2685 pontificum
1944 2651 2091 2675 civitatem
2106 2649 2197 2682 ipsam
2209 2650 2254 2674 ln-

1360 2694 1517 2726 “traverat,
1538 2694 1572 2720 de
1591 2701 1669 2719 novo
1689 2693 1814 2719 eiusdem
1832 2699 1904 2727 pape
1929 2693 2054 2717 adventu
2074 2692 2149 2716 facta
2167 2691 2253 2716 estin

1356 2735 1371 2750 ³
1382 2737 1458 2762 clero
1478 2738 1506 2762 et
1525 2737 1631 2770 populo
1653 2736 1744 2770 Ipsius
1763 2736 1820 2762 loci
1842 2735 2004 2760 communis
2023 2734 2119 2759 letitia
2137 2734 2166 2758 et
2184 2733 2254 2759 inef-

1356 2778 1370 2792 ⁸
1381 2778 1481 2804 fabilis
1500 2779 1645 2804 exultatio
1657 2798 1662 2803 .
1673 2798 1678 2803 .
1690 2796 1696 2803 .
1709 2796 1715 2808 ‚
1735 2778 1784 2811 qul
1803 2777 1948 2803 modernis
1961 2776 2139 2810 temporibus
2151 2783 2201 2809 per
2214 2775 2253 2801 sa·

1358 2820 1489 2846 “mulum
1509 2829 1590 2846 suum
1616 2820 1822 2852 Alexandrum,
1850 2826 2037 2845 successorem
2061 2819 2139 2843 beati
2164 2817 2252 2846 Petri,

1358 2862 1371 2876 ¹‘
1382 2863 1529 2889 ecclesiam
1548 2863 1723 2889 Iadertinam
1743 2863 1877 2895 dignatus
1895 2863 1938 2887 est
1955 2861 2076 2887 visitare
2087 2878 2093 2885 .
2103 2877 2112 2885 .
2123 2879 2129 2885 .
2139 2877 2148 2885 .
2157 2876 2183 2893 „-

1444 2903 1467 2921 ¹¹
1485 2905 1562 2931 Insa
1581 2906 1636 2931 loc.
1655 2906 1719 2931 cit.=
1741 2904 1755 2918 ‘⁴
1764 2904 1834 2930 Post
1845 2905 1977 2937 quartum
1990 2910 2057 2928 vero
2071 2903 2146 2928 diem
2157 2902 2251 2927 exivit

1358 2947 1371 2960 “
1381 2947 1486 2977 Iader-a,
1505 2949 1534 2972 et
1552 2955 1601 2980 per
1619 2947 1787 2972 Sclavorum
1807 2946 1916 2971 insulas
1935 2947 1963 2971 et
1976 2945 2136 2970 marltlmas
2154 2943 2251 2969 Ystrle

1355 2988 1368 3003 ¹¹
1378 2990 1505 3015 modicas
1520 2989 1654 3014 civitates
1666 2989 1742 3014 felici
1754 2995 1835 3014 cursu
1849 2989 2004 3014 transitum
2017 2987 2134 3016 faciens,
2144 2986 2179 3011 ad
2193 2993 2250 3011 mo-

2283 2063 2318 2090 4o

2283 2276 2316 2304 4⁵

2283 2487 2318 2514 50

2283 2699 2314 2726 55
