2398 3470
163 335 179 353 ⁸
193 335 390 370 ctoritatem
412 336 671 379 perpendimus,
694 342 728 369 et
750 347 770 369 a
793 335 895 369 nobis
917 336 1044 368 merito
1066 336 1102 370 in
1125 346 1268 369 numero
1291 346 1498 369 summorum
1521 337 1718 380 principum
1741 342 1928 380 reputatur,
1945 338 2004 380 qui

165 388 320 422 “talibus
343 394 378 421 et
400 390 508 422 tantis
528 390 688 432 personis
709 399 849 432 preesse
872 389 1072 422 dinoscitur.
1119 388 1227 427 Quod
1242 399 1327 422 uero
1344 389 1574 433 significastis,
1590 400 1668 422 eum
1685 400 1768 434 erga
1783 391 2003 423 serenitatem

165 443 343 475 “nostram
367 442 515 475 amicam
538 453 662 487 gerere
688 443 911 480 uoluntatem,
942 443 1010 475 hoc
1042 453 1162 475 uerum
1194 453 1268 475 esse
1299 452 1414 475 rerum
1447 444 1661 486 experientia
1692 444 2004 486 comprobauimus.

162 495 179 512 ⁸
192 494 283 528 Nam
308 495 391 528 licet
412 496 592 538 popularis
614 496 732 539 opinio
755 507 818 529 nos
840 495 886 528 ad
908 497 1060 528 inuicem
1084 506 1158 528 esse
1183 497 1342 528 crederet
1364 496 1536 535 inimico&
1559 496 1684 529 'tamen
1700 498 1790 530 inter
1805 508 1868 529 nos
1883 497 2005 530 haberi

79 542 136 587 ὲζ5
166 550 314 592 “pacem
338 555 374 581 et
396 549 622 582 concordiam
645 549 762 592 operis
785 548 954 581 exhibitio
982 548 1241 587 demonstrauit,
1273 549 1353 589 quia
1384 560 1463 581 eum
1494 555 1528 582 et
1557 555 1685 583 terram
1716 551 1789 582 eius
1818 561 2003 594 numquam

162 601 178 619 ⁸
193 602 413 641 offendimus,
438 608 474 635 et
495 612 558 635 nos
582 602 626 635 ab
650 613 692 635 eo
715 602 753 635 in
776 602 870 634 nullo
896 602 1050 634 offensos
1072 602 1244 634 ueraciter
1258 603 1466 644 profitemur.
1513 603 1558 636 Et
1570 604 1651 647 quia
1666 604 1741 646 ipse
1757 614 1818 646 pre
1835 604 2005 637 uniuersis

107 671 111 674 ⁴
164 655 310 687 “mundi
334 655 550 697 principibus
573 655 731 688 inimicos
753 655 866 688 crucis
887 654 1017 687 Christi
1041 655 1127 686 mari
1151 660 1186 686 et
1208 661 1300 686 terra
1322 656 1554 698 persequitur,
1577 663 1612 689 et
1634 667 1712 689 cum
1735 656 1888 689 hostibus
1912 657 2003 690 chri-

164 708 304 741 “stiane
329 709 411 741 fidei
433 719 594 752 guerram
616 718 752 751 semper
776 714 811 741 et
833 708 1040 740 discordiam
1064 706 1193 740 habere
1217 707 1421 746 dinoscitur,
1453 719 1516 741 nos
1546 709 1596 741 illi
1627 715 1798 753 tamquam
1831 711 2004 743 catholico

8 779 10 808 ᾗ
164 761 343 804 “principi
367 767 404 794 et
425 762 522 804 pacis
544 761 627 800 filio,
651 771 774 804 pacem
796 767 950 793 nostram
972 765 1149 803 gratanter
1172 761 1350 793 offerimus
1373 767 1406 793 et
1430 772 1506 793 eum
1531 763 1666 795 sincere
1684 763 1837 795 caritatis
1853 763 2003 797 brachiis

8 810 11 863 ᾗ
68 809 137 847 210
162 813 178 830 ‘⁴
192 814 437 856 amplexamur.
484 813 572 846 Nam
597 814 634 846 in
656 813 802 846 ueritate
827 814 1077 856 cognoscimus,
1101 813 1195 855 quod
1212 823 1253 844 ex
1269 813 1337 845 hoc
1353 819 1470 846 mutue
1487 814 1685 847 dilectionis
1701 816 1831 849 affectu
1848 817 2004 849 ecclesiis

8 865 9 868 ’
63 855 83 894 f
164 866 257 899 “Dei
279 867 463 909 proueniet
485 877 555 899 non
577 877 686 910 parua
708 866 848 903 utilitas,
871 865 1064 898 christianis
1087 865 1245 898 omnibus
1269 872 1303 898 et
1333 866 1500 908 precipue
1536 868 1581 899 ad
1611 868 1750 900 Domini
1782 869 2002 911 sepulchrum

165 920 355 954 “euntibus
377 931 502 964 magna
525 920 702 958 securitas,
726 918 922 952 infidelibus
946 925 1060 952 autem
1083 924 1206 957 terror,
1221 918 1392 951 ‘confusio
1415 920 1545 961 pariter
1568 927 1604 953 et
1628 928 1806 964 egestaS„.

249 973 331 1013 Quo
355 974 486 1012 audito,
509 974 602 1017 regis
624 973 737 1006 nuntii
760 973 964 1015 imperatori
986 972 1031 1005 de
1055 972 1146 1005 bona
1169 973 1358 1012 uoluntate,
1383 983 1485 1015 quam
1509 984 1592 1017 erga
1616 985 1733 1018 regem
1750 986 1787 1007 se
1804 976 1932 1008 hahere
1950 977 2003 1009 di-

160 1027 273 1066 cebat,
295 1027 424 1072 gratias
446 1027 650 1064 referentes,
674 1032 820 1068 accepta
844 1025 887 1058 ab
911 1035 953 1059 eo
975 1026 1130 1063 licentia,
1156 1026 1203 1058 ad
1224 1036 1285 1058 sua
1307 1026 1459 1068 hospitia
1482 1026 1617 1059 alacres
1639 1034 1719 1060 sunt
1749 1030 1887 1062 reuersi.
1935 1031 2005 1072 Ipsi

98 1080 137 1114 15
159 1087 285 1119 autem,
308 1081 397 1113 sicut
419 1079 483 1112 uiri
507 1081 682 1122 sapientes
705 1085 741 1112 et
762 1079 912 1122 prouidi‚
935 1084 1140 1117 metuentes,
1164 1090 1207 1111 ne
1231 1080 1329 1121 pacis
1351 1079 1446 1111 facte
1471 1081 1670 1113 memoriam
1696 1081 1888 1125 longeuitas
1918 1089 2004 1116 tem-

66 1136 68 1138 ’
158 1134 254 1178 poris
276 1133 443 1172 aboleret,
466 1133 639 1166 dederunt
662 1131 812 1165 studium
839 1137 874 1164 et
897 1142 1038 1174 operam
1062 1131 1276 1175 diligentem,
1299 1138 1336 1164 ut
1360 1133 1472 1165 forma
1494 1134 1602 1175 pacis,
1626 1143 1693 1176 que
1718 1134 1805 1167 inter
1821 1136 2005 1178 imperato-

158 1198 233 1220 rem
256 1193 292 1220 et
313 1196 432 1231 regem
455 1186 552 1219 facta
574 1186 699 1226 fuerat,
722 1185 894 1228 imperiali
918 1185 1067 1218 iussione
1099 1185 1320 1228 redigeretur
1351 1186 1387 1217 in
1418 1186 1607 1228 scripturis,
1638 1193 1677 1219 ut
1706 1198 1782 1219 eam
1813 1189 1856 1220 de
1887 1195 2004 1221 cetero

160 1251 232 1273 non
254 1246 370 1283 posset
392 1239 559 1282 temporis
581 1245 734 1271 uetustas
756 1239 950 1278 destruere,
977 1249 1080 1281 quam
1110 1238 1299 1281 imperialis
1328 1239 1504 1282 priuilegii
1536 1240 1708 1282 scriptura
1737 1248 1899 1274 seruaret.
1945 1242 2004 1275 Ad

161 1293 364 1336 petitionem
388 1293 498 1336 igitur
520 1302 638 1326 eorum
661 1292 760 1335 pacis
782 1292 874 1325 inter
899 1293 1146 1335 imperatorem
1177 1298 1212 1324 et
1242 1302 1360 1335 regem
1391 1292 1476 1325 inite
1507 1294 1674 1335 scriptum
1704 1300 1756 1326 est
1785 1295 2003 1339 priuilegium

62 1388 63 1392 Ἰ
94 1347 139 1380 20
160 1347 264 1391 sigilli
288 1347 383 1379 aurei
405 1346 630 1389 impressione
652 1344 840 1378 'munitum.
886 1345 935 1378 Ut
957 1351 1070 1378 autem
1094 1345 1325 1388 prenominati
1348 1346 1522 1390 priuilegii
1546 1346 1702 1379 notitiam
1724 1358 1860 1390 semper
1876 1349 2004 1381 habere

48 1390 52 1399 '¹
160 1400 267 1443 possit
288 1406 448 1433 secutura
471 1399 666 1442 posteritas,
690 1398 846 1431 eiusdem
878 1398 1051 1442 priuilegii
1082 1399 1258 1442 exemplar
1288 1398 1369 1431 huic
1400 1405 1516 1432 nostro
1549 1400 1644 1442 operi
1677 1400 1817 1444 dignum
1848 1402 2005 1435 duximus

162 1459 346 1487 annotare:

252 1508 267 1524 ‘⁶
282 1507 320 1539 In
345 1506 483 1540 nomine
505 1506 618 1539 Patris
641 1511 678 1538 et
701 1505 782 1539 Filii
805 1511 840 1538 et
857 1505 1007 1548 Spiritus
1022 1506 1143 1538 sancti.
1189 1506 1304 1538 Amen
1320 1504 1339 1538 ⁴.
1388 1505 1482 1538 Nos²
1499 1506 1706 1539 Fredericus
1720 1507 1787 1539 Dei
1802 1508 1916 1551 gratia
1931 1509 2005 1542 Ro-

166 1562 372 1593 “manorum
394 1560 583 1603 imperator
605 1565 641 1592 et
663 1569 800 1602 semper
824 1564 997 1602 augustus,
1020 1565 1055 1591 et
1078 1559 1262 1591 Heinricus
1285 1570 1348 1591 rex
1371 1559 1460 1591 filius
1483 1565 1611 1598 noster,
1635 1559 1830 1593 interuentu
1860 1572 2007 1594 uenera-

95 1614 137 1646 25
167 1613 271 1647 “bilis
293 1614 402 1656 patris
423 1613 534 1646 nostri
557 1612 751 1645 Alexandri
774 1612 839 1644 Dei
862 1612 974 1656 gratia
996 1613 1117 1645 summi
1136 1612 1307 1654 pontificis
1323 1618 1358 1644 et
1374 1612 1516 1644 fratrum
1533 1623 1670 1645 suorum
1689 1614 1927 1653 cardinalium,
1943 1626 2006 1658 pro

165 1670 293 1711 “parte
315 1673 435 1700 nostra
459 1672 495 1700 et
516 1665 684 1699 heredum
707 1672 901 1699 nostrorum
924 1665 1134 1708 paciscimur
1157 1663 1348 1704 uobiscum,
1372 1665 1508 1698 domine
1526 1665 1738 1708 W[illelm]e,
1755 1669 1877 1700 eadem
1893 1669 2007 1712 gratia

166 1720 336 1754 “illustris
357 1730 419 1753 rex
443 1719 574 1759 Sicilie,
599 1719 694 1763 quod
717 1719 841 1752 amodo
864 1729 971 1762 usque
996 1718 1041 1751 ad
1065 1718 1262 1761 quindecim
1286 1728 1396 1751 annos
1423 1718 1682 1752 observabimus
1713 1720 1812 1753 uobis
1841 1727 1876 1754 et
1906 1722 2006 1755 here-

167 1773 297 1807 “dibus
318 1773 442 1807 uestris
464 1779 497 1805 et
519 1774 683 1806 uniuerso
706 1783 815 1816 regno
838 1777 955 1804 uestro
979 1778 1014 1804 et
1038 1772 1100 1804 toti
1124 1778 1214 1804 terre
1238 1771 1484 1804 dominationis
1514 1778 1630 1804 uestre
1661 1782 1777 1805 ueram
1811 1779 1844 1806 et
1875 1774 2004 1806 firmam

165 1827 330 1870 '‘pacem.
375 1827 421 1860 Et
447 1826 541 1870 quod
566 1836 630 1869 per
651 1835 714 1858 nos
735 1826 793 1858 uel
817 1835 880 1868 per
903 1824 1076 1868 quoslibet
1099 1825 1195 1863 alios,
1219 1825 1305 1856 mari
1328 1825 1385 1857 uei
1408 1830 1512 1863 terra,
1535 1835 1598 1857 uos
1620 1826 1815 1868 predictum
1839 1827 2005 1860 illustrem

95 1881 139 1914 30
167 1882 312 1924 “regem
335 1886 370 1913 et
392 1880 538 1912 heredes
560 1885 692 1912 uestros
716 1885 774 1911 aut
796 1889 941 1922 regnum
964 1884 1116 1910 uestrum
1140 1884 1174 1910 et
1197 1883 1324 1910 terram
1348 1878 1593 1911 dominationis
1616 1885 1741 1916 uestre‚
1757 1880 1846 1912 sicut
1859 1881 2007 1922 prescri-

166 1936 182 1952 “
194 1939 290 1977 ptum
313 1939 348 1966 et
373 1933 637 1966 determinatum
662 1938 724 1971 est,
740 1941 849 1975 usque
866 1931 911 1963 ad
928 1931 1126 1974 quindecim
1144 1941 1253 1964 annos
1269 1941 1338 1964 non
1353 1931 1557 1964 inundemus
1572 1941 1638 1964 nec
1651 1932 1814 1965 inuadere
1830 1933 2007 1973 faciemus,

168 1989 184 2005 ‘⁴
198 1997 265 2020 nec
289 1987 387 2020 uobis
410 1993 468 2020 aut
490 1997 601 2030 regno
623 1992 739 2019 uestro
763 1991 798 2018 et
820 1986 887 2018 iam
912 1985 1005 2018 dicte
1029 1990 1121 2018 terre
1147 1985 1390 2018 dominationis
1420 1990 1534 2018 uestre
1565 1995 1723 2028 guerram
1755 1986 1872 2030 aliquo
1903 1988 2007 2020 modo

167 2041 376 2074 “faciemus
423 2041 469 2072 Et
490 2046 528 2072 ut
552 2039 618 2071 hec
641 2039 757 2071 omnia
780 2037 1014 2080 suprascripta
1036 2037 1180 2070 firmiter
1201 2043 1237 2070 et
1259 2037 1395 2070 illibata
1418 2048 1437 2069 a
1460 2037 1562 2070 nobis
1584 2039 1784 2080 supradicto
1816 2040 2006 2073 Frederico

167 2094 182 2110 ⁸
196 2094 261 2127 Dei
284 2094 399 2138 gratia
421 2094 663 2126 Romanorum
686 2092 897 2134 imperatore
921 2097 955 2123 et
978 2101 1114 2134 semper
1136 2097 1280 2134 augusto
1303 2097 1340 2124 et
1362 2091 1531 2124 Heinrico
1554 2091 1624 2124 filio
1648 2098 1766 2124 nostro
1790 2102 1872 2136 rege
1897 2100 1931 2125 et
1946 2095 2007 2126 he-

96 2146 139 2180 35
167 2146 182 2164 ⁸
197 2146 337 2180 redibus
359 2147 486 2179 nostris
508 2153 576 2178 tam
600 2144 698 2178 uobis
713 2144 916 2187 supradicto
931 2144 1055 2176 illustri
1070 2144 1146 2187 regi
1162 2143 1376 2185 W[illelm]o‚
1393 2155 1496 2187 quam
1513 2143 1698 2177 heredibus
1713 2146 1835 2177 uestris
1851 2152 1885 2178 et
1900 2157 2008 2190 regno

46 2194 48 2197 ’
167 2202 310 2233 “uestro
333 2205 370 2232 et
392 2199 464 2233 to'ti
488 2205 578 2232 terre
603 2198 846 2231 dominationis
867 2203 983 2230 uestre
1007 2198 1228 2230 attendantur
1244 2203 1279 2230 et
1295 2197 1531 2235 obseruentur‚
1548 2207 1611 2230 nos
1626 2198 1804 2240 predictus
1819 2199 2006 2242 imperator

166 2256 181 2273 ⁸
196 2254 288 2287 bona
312 2254 389 2292 fide,
412 2254 486 2286 sine
510 2252 634 2285 fraude
658 2257 695 2284 et
717 2252 808 2284 malo
824 2251 964 2294 ingenio
975 2251 999 2289 ³,
1014 2251 1051 2283 in
1067 2250 1245 2294 presentia
1260 2250 1445 2284 beatissimi
1462 2252 1572 2294 patris
1588 2252 1695 2284 nostri
1711 2262 1802 2294 pape
1818 2251 2007 2286 Alexandri

257 2391 297 2409 ιι.
322 2383 459 2418 provenit
483 2383 507 2407 A
527 2395 538 2402 -
558 2382 717 2416 sepulcrum
737 2382 769 2411 B,
791 2383 821 2411 C,
842 2381 918 2406 Sam»
935 2389 949 2406 e
967 2381 1057 2407 Arndt
1075 2394 1108 2400 —
1130 2389 1170 2415 13.
1190 2382 1287 2407 nuncii
1308 2382 1341 2411 B,
1363 2383 1391 2413 C,
1411 2381 1488 2406 Sasso
1506 2389 1519 2405 e
1537 2382 1629 2406 Arndt
1648 2395 1679 2399 —
1706 2388 1747 2406 21.
1774 2385 1925 2414 sequutura
1951 2385 1977 2408 B
1995 2391 2008 2407 e

165 2426 242 2452 Sauo
262 2440 293 2445 —-
310 2432 352 2451 22.
370 2426 409 2450 La
426 2425 504 2450 solita
523 2432 599 2449 mano
618 2425 661 2448 del
678 2432 725 2449 sec.
744 2423 837 2450 XVII
850 2429 879 2448 tn
898 2424 921 2448 A
938 2424 1030 2448 scrisse
1043 2424 1087 2448 nel
1098 2425 1236 2457 margine:
1257 2425 1446 2456 Privilegium
1466 2424 1548 2448 Pacis
1563 2425 1637 2449 inter
1650 2424 1849 2457 Imperatorem
1865 2427 1892 2449 et
1906 2426 2007 2450 Viliel-

166 2475 241 2493 mum
262 2475 352 2502 regem
372 2467 472 2493 Sicilie
493 2479 526 2484 —
547 2472 589 2499 ²3·
608 2467 699 2491 Amen
719 2468 774 2491 etc.
794 2467 829 2495 B,
849 2465 907 2496 As,
925 2466 1002 2490 Sasso
1019 2474 1033 2490 ε
1055 2466 1154 2491 Carmo
1175 2481 1203 2484 —
1226 2473 1267 2499 ²4·
1288 2466 1426 2491 Hem-icus
1446 2466 1478 2495 B,
1498 2465 1582 2498 Sasso,
1595 2466 1644 2495 As
1663 2473 1676 2490 e
1691 2467 1791 2492 Caruso
1805 2481 1837 2485 —
1852 2474 1865 2491 2
1870 2474 1894 2500 5.
1907 2468 2011 2493 domne

170 2510 194 2535 C
207 2518 221 2535 e
238 2510 328 2535 Arndt
346 2523 379 2528 -
399 2516 442 2542 31.
462 2510 596 2534 seciemus
613 2509 637 2534 A
656 2522 689 2527 —
707 2515 751 2541 34.
769 2508 893 2533 Hem-ico
912 2508 973 2538 As,
990 2509 1024 2539 B,
1047 2508 1146 2533 Carmo
1163 2516 1177 2533 e
1195 2509 1271 2534 Sana

165 2655 218 2680 “et
238 2654 388 2679 lndIvidue
407 2654 574 2685 trinitatis„
597 2653 673 2678 nella
687 2652 867 2678 Canceneria
881 2653 911 2677 di
925 2653 1060 2678 rederico
1115 2655 1190 2678 stero
1209 2654 1353 2679 basiliano
1379 2654 1407 2678 di
1433 2654 1460 2678 S.
1485 2653 1634 2678 Salvatore
1660 2654 1690 2678 di
1715 2654 1854 2682 Messinm
1882 2655 1918 2679 cf.
1947 2655 2008 2680 Coa.

165 2698 336 2722 Barbarosss
356 2703 422 2729 pare
441 2696 483 2721 sia
503 2698 578 2721 stata
597 2703 700 2720 amessa
715 2695 834 2720 durante
855 2695 875 2719 ll
890 2695 1060 2720 Protonota-
1121 2695 1245 2720 Vaticano
1262 2695 1366 2726 Latino,
1386 2695 1463 2727 8201,
1485 2696 1504 2720 s.
1525 2695 1604 2720 286a
1623 2704 1637 2720 e
1657 2697 1680 2720 b.

165 2741 241 2764 riato
252 2738 283 2763 di
294 2738 442 2763 Wortinus
452 2746 460 2762 z
471 2738 508 2763 cr.
518 2738 549 2762 in
559 2737 903 2767 sensnum-Boxcuoasr,
915 2736 1060 2762 Falrclmn-
1204 2736 1216 2754 ²
1233 2738 1257 2762 11
1277 2747 1322 2764 nos
1348 2738 1431 2763 ne11‘“
1443 2739 1607 2763 intitulatio
1619 2757 1631 2769 „
1659 2739 1899 2771 dell’imperatore
1924 2738 2008 2763 Fede-

160 2789 214 2814 gen
230 2779 286 2811 filr
309 2779 491 2813 Bonffrenumt
517 2780 576 2804 und
603 2779 716 2811 Quattro
742 2778 864 2808 castella,
890 2779 948 2804 {lure
972 2779 1061 2804 rebem
1115 2781 1175 2804 rico
1194 2786 1250 2804 non
1271 2778 1286 2804 ὲ
1305 2780 1404 2805 affatto
1424 2780 1513 2810 d‘uso,
1534 2781 1642 2804 mentre
1661 2778 1676 2804 ὲ
1695 2787 1814 2804 comune
1834 2781 1909 2805 nella
1935 2780 2008 2804 Can—

105 2833 139 2853 ιο
163 2823 277 2853 illuster,
296 2823 327 2847 in
347 2823 414 2847 Zur
432 2821 565 2847 Gesch.
585 2822 645 2846 des
664 2821 738 2846 xn.
758 2821 826 2846 und
847 2821 939 2846 XIII.
960 2822 1060 2854 Jahr.
1113 2822 1229 2847 celleria
1249 2822 1278 2846 di
1299 2822 1464 2853 Guglielmo
1484 2822 1508 2846 11
1529 2822 1559 2846 di
1578 2822 1690 2847 Sicilia.

164 2866 190 2890 D
200 2865 253 2899 ipi
263 2872 280 2890 ο
290 2865 376 2890 mati
386 2864 468 2889 sche
482 2863 634 2890 Forsch.
647 2863 705 2893 cit„
720 2871 747 2896 p.
763 2869 810 2895 142
826 2871 839 2888 e
853 2871 902 2897 sg„
916 2865 925 2888 i
937 2864 1059 2896 dlploml
1203 2862 1214 2879 ³
1232 2864 1266 2889 K.
1286 2865 1320 2889 A.
1340 2865 1432 2895 Kana,
1450 2864 1506 2888 Zur
1520 2864 1770 2889 Fn'edensurkunde
1782 2864 1936 2891 Friedrichs
1952 2864 1972 2888 I.
1985 2872 2009 2889 v,

165 2907 280 2940 dnn’ag.
304 2913 368 2939 1175
391 2909 420 2932 in
435 2907 495 2941 poi.
532 2906 572 2931 La
592 2906 715 2932 formula
728 2908 808 2931 usats
822 2907 942 2938 quinon
955 2905 970 2932 e
983 2909 1060 2932 certo
1120 2906 1243 2939 Venedtg,
1262 2906 1320 2935 cit..
1340 2914 1367 2939 p.
1387 2906 1446 2939 764.
1467 2915 1493 2930 n.
1517 2914 1538 2934 ι,
1558 2906 1670 2938 riperto
1694 2907 1777 2931 molti
1798 2908 1900 2938 esempj
1927 2907 2009 2931 tratti

167 2957 287 2975 comune
307 2950 383 2974 nella
403 2949 590 2982 diplomatica
610 2949 773 2974 Normanna
792 2948 821 2973 di
842 2949 952 2978 Sicilia.
971 2956 1016 2974 ma
1031 2949 1060 2974 fu
1115 2948 1191 2973 dalla
1205 2949 1391 2981 diplomatica
1402 2949 1567 2973 Normanna
1581 2949 1654 2973 delle
1665 2948 1733 2973 frasi
1747 2947 1759 2960 “
1771 2948 1892 2972 marine!
1903 2951 1976 2972 terra
1986 2957 2011 2979 ,ς

168 2993 248 3017 uasta
268 2991 356 3016 anche
372 2991 417 3016 nei
432 2991 588 3024 privileg10
601 2990 748 3016 rllasciato
763 2989 810 3015 dal
824 2990 1062 3016 Vicecancelliere
1117 2991 1129 3005 ¹⁴
1141 2998 1187 3016 net:
1201 2998 1331 3024 guerram
1349 2991 1438 3022 aliquo
1457 2991 1530 3015 modo
1541 2990 1684 3022 faciemus,
1706 2992 1880 3015 attendantur
1892 2994 1918 3015 ct
1929 2992 2011 3015 obser-

120 2619 134 2646 ς
253 2610 259 2626 “
282 2611 330 2637 Ῐ,’“
342 2612 517 2643 invocatio„
540 2611 616 2636 nella
636 2611 729 2636 forma
751 2611 806 2635 “in
828 2612 944 2635 nomine
964 2612 1059 2636 sancte
1113 2611 1230 2640 Mntteo,
1251 2612 1328 2636 sotto
1348 2611 1512 2644 Guglielmo
1532 2611 1565 2639 ΙΙ,
1587 2612 1630 2636 nel
1651 2613 1760 2644 giugno
1784 2619 1849 2645 1177
1869 2613 1897 2636 al
1913 2613 2010 2637 Mona·
2039 2618 2068 2644 15

161 218 214 257 [A.
231 219 264 250 c.
285 219 380 256 11⁷⁷]
741 214 1033 250 ROMUALDI
1060 213 1422 250 SALERNITANI
1926 216 1997 251 291
2014 227 2088 250 Mun„
2104 233 2137 249 ee.
2152 210 2239 253 2³7-23i3

2085 514 2104 528 c.
2120 510 2159 532 276
2167 514 2181 528 a

2086 1367 2105 1380 c.
2121 1361 2182 1385 ²7⁶⁶

2088 2218 2107 2232 c.
2121 2218 2184 2237 ³77⁶
