2398 3470
188 213 241 247 [A.
261 213 296 242 c.
314 213 469 248 ramos]
772 207 1063 242 ROMUALDI
1090 205 1460 243 SALERNITANI
1973 200 2043 240 147
2063 212 2138 237 uun..
2154 217 2188 232 ce·
2205 213 2287 237 1⁴s-1⁴⁶

191 271 2039 283 ..........................................................................................................................................................................................................

187 325 327 368 quitatis
350 335 481 357 morem
506 325 664 358 omnibus
685 335 808 368 pacem
833 323 965 363 tribuit,
990 330 1023 356 et
1046 324 1096 356 sic
1121 323 1234 356 statim
1266 322 1302 354 in
1333 322 1568 355 Lateranense
1594 322 1869 361 ,introduxerunt
1900 319 2049 363 patriar-

187 377 313 410 chium.
359 376 482 421 Ibique
510 378 525 394 “
540 377 696 411 similiter
717 377 754 410 in
777 376 861 410 sella
884 376 1075 419 pontificali
1097 375 1234 414 sedens,
1258 375 1412 408 tribuens
1436 375 1487 407 eis
1510 375 1637 414 denuo,
1660 380 1698 406 ut
1720 384 1794 407 mos
1830 378 1892 411 est,
1923 381 2047 416 pacem

193 430 378 464 “ascendit
400 440 532 463 sursum
557 437 593 464 et
615 440 781 469 mensam,
803 435 842 463 ut
864 430 1015 462 assolent
1038 429 1229 472 pontifices,
1253 428 1363 461 tenuit
1377 451 1406 469 „.
1432 427 1568 459 Eodem
1596 427 1726 470 quippe
1753 427 1811 459 die
1827 425 1978 460 Romani
1995 425 2050 457 ira

186 483 327 517 accensi
349 483 560 527 expulerunt
583 484 733 516 eundem
757 482 957 525 Philippum
981 483 1027 514 de
1049 481 1260 526 patriarchio
1285 487 1320 514 et
1341 481 1375 512 in
1400 491 1499 512 suum
1526 481 1767 513 monasterium
1793 480 2015 526 rettuderunt
2029 479 2050 511 ¹.

122 538 140 569 5
188 537 358 581 Sequenti
381 547 464 570 uero
487 537 544 570 die
569 538 683 571 clerus
707 543 742 569 et
763 536 913 580 populus
937 537 1117 569 universus
1145 538 1160 554 “
1174 544 1312 578 unoque
1335 543 1510 567 consensu
1533 535 1569 566 in
1597 544 1749 576 persona
1771 533 1864 567 beati
1882 532 2052 575 Stephani

188 590 204 607 ‘⁴
219 590 500 623 acclamauerunt
523 596 558 624 et
580 596 767 634 pergentes
789 589 835 622 ad
858 589 1040 621 ecclesiam
1066 588 1167 622 beate
1191 587 1333 623 Cecilie,
1357 587 1392 618 in
1420 597 1489 630 qua
1513 586 1698 631 presbyter
1720 587 1870 620 existens
1892 585 2053 629 spiritua-

191 645 206 660 “
219 643 288 676 lem
310 643 464 687 degebat
486 645 606 683 uitam,
629 643 742 676 statim
765 653 844 675 eum
872 642 1072 685 pontificem
1089 642 1272 686 elegerunt
1285 665 1315 680 „.
1363 640 1479 679 Quem
1498 650 1575 672 cum
1594 639 1752 672 laudibus
1767 640 1801 671 in
1818 640 2053 673 Lateranense

186 696 461 740 deportauerunt
482 696 743 739 patriarchium,
766 701 799 728 et
822 694 885 728 rite
910 695 1070 728 omnibus
1093 695 1129 727 in
1161 694 1233 727 eius
1263 693 1436 727 electione
1467 693 1628 735 peractis,
1659 692 1881 735 pontificatus
1913 692 2052 725 culmen

187 749 347 783 ascendit
357 748 380 783 ¹.
404 749 568 783 Prefatus
590 759 674 782 uero
697 748 942 782 Constantinus
966 748 1139 781 deductus
1162 748 1198 781 in
1229 747 1414 781 ecclesiam
1439 746 1548 778 sancti
1574 745 1777 785 Saluatoris,
1808 746 1845 778 in
1877 755 1946 789 qua
1978 745 2051 788 epi-

125 803 163 843 iO
187 802 285 846 scopi
308 808 345 835 et
366 802 559 847 presbyteri
583 812 661 835 cum
685 801 814 845 populo
839 807 937 834 erant
955 801 1168 845 congregati,
1191 800 1387 844 “lectisque
1404 799 1532 832 sanctis
1549 798 1742 831 canonibus
1759 798 1934 841 depositus
1950 790 2004 831 est
2016 821 2048 838 „.

186 855 290 888 Tunc
316 855 332 872 “
346 855 520 888 accedens
551 855 691 899 quidam
722 853 955 888 subdiaconus
986 855 1125 887 nomine
1149 853 1331 892 Martinus,
1359 853 1546 885 oratorium
1561 851 1571 869 ³
1605 853 1648 884 de
1680 852 1771 884 collo
1803 851 1879 884 eius
1909 851 2050 884 abstulit

191 912 206 926 ⁸
218 914 254 941 et
269 914 350 941 ante
365 908 476 952 pedes
490 908 563 941 eius
577 907 740 951 proiecit,
763 913 799 941 et
822 917 1012 951 compagos
1034 907 1140 950 ipsius
1164 906 1314 940 abscidit
1326 932 1341 948 „
1357 907 1379 945 ⁴,
1404 917 1553 949 eumque
1577 906 1610 937 in
1635 905 1878 938 monasterium
1893 905 2052 938 retrudit.

188 961 318 1005 Sicque
341 961 410 994 alio
434 961 491 994 die
515 961 692 994 dominico
716 959 912 993 antedictus
936 960 1057 993 beatus
1082 960 1279 1002 Stephanus
1302 970 1322 992 a
1344 958 1455 992 tribus
1479 958 1657 1001 episcopis
1678 964 1716 990 ut
1739 968 1815 990 mos
1847 963 1899 990 est
1929 967 2053 990 conse-

172 1020 304 1047 „cratus
326 1021 386 1047 est.
440 1016 455 1032 “
468 1015 578 1047 Facta
601 1013 714 1046 statim
738 1013 782 1046 ab
805 1013 967 1046 uniuerso
990 1013 1123 1056 populo
1145 1022 1289 1046 romano
1313 1012 1503 1056 penitentie
1532 1011 1833 1054 confessionisque
1866 1010 2045 1053 de'preca—

124 1068 161 1100 15
191 1067 314 1100 “tione
338 1068 431 1111 apud
455 1067 608 1100 diuinam
633 1066 865 1103 clementiam.
890 1078 954 1109 per
977 1077 1079 1110 quam
1104 1077 1141 1099 se
1166 1076 1285 1099 omnes
1307 1074 1474 1108 peccasse
1497 1065 1534 1097 in
1558 1065 1708 1107 predicti
1722 1064 1943 1098 Constantini
1957 1065 2056 1096 inua-

191 1115 306 1154 “soris
328 1120 521 1164 apostolice
546 1119 638 1153 sedis
660 1119 769 1163 impia
793 1119 1013 1152 ordinatione
1041 1119 1262 1158 consitentes‚
1293 1129 1357 1162 pro
1388 1128 1431 1151 eo
1464 1118 1558 1161 quod
1589 1129 1659 1151 non
1685 1118 1717 1150 ei
1748 1118 1958 1150 restiterunt.
2005 1118 2057 1150 Ita

192 1176 207 1192 ‘¹
221 1174 361 1208 excelsa
383 1182 472 1207 uoce
495 1175 531 1207 in
555 1173 706 1206 ambone
730 1172 873 1206 basilice
899 1173 990 1206 beati
1014 1173 1110 1206 Petri
1134 1184 1155 1205 a
1177 1172 1323 1206 Leone⁶
1347 1172 1531 1205 scriniario
1555 1172 1678 1205 eadem
1695 1171 1826 1204 relecta
1843 1178 1894 1204 est
1909 1172 2049 1204 confes-

192 1227 269 1260 “sio
284 1251 313 1267 „.
361 1226 445 1260 Post
469 1227 685 1270 aliquantum
709 1236 795 1260 uero
819 1227 984 1269 temporis
1007 1227 1148 1270 quidam
1176 1226 1286 1270 iniqui
1316 1225 1431 1258 Deum
1462 1235 1532 1257 non
1560 1225 1720 1258 timentes
1752 1230 1981 1267 perrexerunt
2013 1225 2057 1257 ad

186 1281 441 1319 monasterium,
465 1280 503 1313 in
527 1291 596 1324 quo
619 1280 714 1313 idem
737 1279 986 1313 Constantinus
1008 1286 1163 1312 retrusus
1186 1285 1272 1319 erat,
1296 1289 1444 1322 eumque
1470 1280 1514 1311 de
1538 1279 1613 1321 ipso
1637 1278 1846 1312 monasterio
1878 1278 2057 1317 eicientes,

121 1336 162 1367 20
187 1335 260 1367 eius
283 1334 403 1367 oculos
426 1340 601 1373 eruerunt,
627 1339 662 1367 et
683 1334 734 1366 ita
756 1334 792 1366 in
816 1333 932 1376 platea
957 1333 1176 1372 dimiserunt3
1201 1333 1308 1366 multa
1331 1333 1460 1377 quippe
1484 1332 1574 1365 mala
1598 1332 1754 1375 quotidie
1767 1342 1832 1375 per
1847 1342 1936 1370 eum,
1953 1338 2059 1375 atque

187 1387 374 1421 homicidia
395 1388 434 1431 in*
456 1387 557 1420 Italia
579 1387 872 1430 perpetrabantur
885 1386 907 1420 ⁰.
956 1386 1018 1419 His
1040 1388 1089 1419 ita
1112 1386 1219 1430 gestis
1244 1385 1364 1419 beatus
1381 1396 1473 1429 papa
1489 1386 1689 1428 Stephanus
1713 1386 1842 1418 direxit
1857 1386 1892 1417 in
1909 1385 2059 1418 Francie

186 1446 301 1484 partes
323 1439 482 1484 Sergium
505 1440 784 1473 secundicerium
808 1440 853 1473 ad
877 1440 1192 1472 excellentissimos
1215 1439 1308 1472 uiros
1333 1440 1549 1472 Francorum
1573 1449 1674 1482 reges
1691 1439 1854 1472 Carolum
1883 1444 1917 1471 et
1934 1438 2056 1472 Carlo-

186 1504 360 1532 mannum,
387 1495 401 1510 ⁵
418 1494 612 1537 deprecans
627 1500 662 1526 et
689 1503 837 1526 exorans
853 1504 917 1536 per
933 1504 1011 1525 suas
1027 1493 1237 1535 apostolicas
1253 1493 1395 1531 litteras,
1413 1498 1449 1524 ut
1465 1492 1665 1536 aliquantos
1681 1493 1866 1535 episcopos
1896 1491 2060 1535 <gnaros

190 1546 399 1590 “Deumque
424 1546 615 1580 timentes>
641 1553 677 1579 et
700 1547 738 1580 in
761 1546 888 1579 diuinis
912 1546 1091 1588 scripturis
1114 1552 1218 1590 atque
1243 1552 1443 1578 sanctorum
1475 1555 1647 1578 canonum
1680 1545 1951 1578 institutionibus
1982 1554 2061 1577 eru-

191 1603 207 1618 “
220 1599 407 1634 ditissimos
431 1598 623 1643 dirigerent
646 1599 692 1632 ad
707 1600 912 1632 faciendum
929 1599 963 1631 in
978 1599 1143 1635 ,Romana
1159 1598 1244 1632 urbe
1263 1599 1447 1632 concilium
1471 1609 1534 1641 pro
1552 1598 1675 1630 eadem
1691 1598 1800 1640 impia
1824 1598 1907 1631 noui
1932 1599 2059 1631 erroris

188 1654 203 1670 “
217 1664 260 1686 ac
277 1653 481 1686 temeritatis
503 1652 775 1696 presumptione,
800 1663 904 1696 quam
930 1652 1103 1692 antefatus
1127 1652 1374 1685 Constantinus
1397 1651 1587 1694 apostolice
1612 1652 1706 1684 sedis
1723 1662 1891 1694 peruasor
1905 1662 1986 1684 usus
2008 1660 2059 1685 est

191 1708 422 1750 “perpetrare
436 1730 466 1746 „.
490 1706 593 1739 Tunc
624 1706 717 1749 “ipsi
742 1706 1015 1739 christianissimi
1039 1715 1141 1749 reges
1172 1705 1374 1738 direxerunt
1398 1704 1441 1737 de
1466 1705 1595 1737 eisdem
1621 1705 1834 1738 Francorum
1857 1705 2057 1748 regionibus

192 1762 206 1778 ‘⁶
220 1759 409 1794 duodecim
433 1760 618 1803 episcopos
640 1760 767 1792 diuinis
789 1760 984 1802 scripturis,
1007 1765 1043 1792 et
1065 1765 1263 1792 sanctorum
1278 1758 1475 1791 cerimoniis
1492 1769 1662 1791 canonum
1681 1759 1803 1792 doctos
1820 1769 1861 1791 ac
1884 1759 2058 1801 probatis-

191 1813 322 1847 “simos
344 1814 437 1846 uiros
459 1814 497 1845 in
520 1813 641 1846 urbem
666 1814 841 1853 Romam„
859 1812 882 1846 ⁷.
930 1813 1175 1846 Sanctissimus
1198 1813 1316 1856 itaque
1349 1812 1548 1854 Stephanus
1578 1823 1671 1855 papa
1701 1814 1923 1856 congregatis
1955 1813 2057 1846 Italie

190 1866 364 1911 episcopis
386 1868 423 1900 in
447 1866 590 1900 basilica
614 1865 817 1901 Salua'toris
832 1867 996 1900 Laterani
1014 1877 1078 1910 per
1094 1866 1322 1900 indictionem
1337 1866 1406 1898 VII
1422 1867 1596 1910 synodum
1613 1865 1803 1900 celebrauit
1815 1866 1838 1897 ⁸.
1890 1868 1904 1884 ‘⁴
1918 1867 2058 1899 Deduc-
2110 1886 2116 1897 ι
2151 1885 2156 1897 1
2179 1882 2185 1895 s

193 1922 276 1953 ‘tus
298 1925 350 1953 est
372 1927 488 1954 autem
512 1921 558 1953 ad
580 1920 733 1954 medium
758 1931 840 1963 sepe
864 1920 1022 1962 prefatus
1046 1920 1295 1953 Constantinus
1318 1919 1508 1962 apostolice
1532 1919 1624 1952 sedis
1647 1920 1797 1957 inuasor,
1821 1920 1890 1952 iam
1920 1919 2062 1953 orbatus

196 1973 334 2007 “oculis
356 1979 394 2006 et
414 1973 576 2006 subtilius
597 1974 791 2017 inquisitus,
817 1984 879 2006 cur
902 1973 1129 2016 apostolicam
1152 1974 1272 2006 sedem
1297 1973 1406 2005 laicus
1439 1973 1588 2006 existens
1620 1973 1886 2015 presumpsisset
1916 1973 2063 2007 inuade-

197 2029 212 2045 “
224 2037 264 2060 re
275 2026 298 2067 ⁹,
322 2033 358 2060 et
381 2027 487 2061 talem
511 2027 631 2071 inique
647 2027 810 2060 nouitatis
833 2037 984 2060 errorem
1009 2027 1046 2059 in
1062 2027 1212 2060 ecclesia
1228 2026 1292 2059 Dei
1310 2033 1525 2070 perpetrare.
1549 2026 1620 2066 Qui
1636 2026 1658 2044 ¹⁰
1675 2037 1792 2059 coram
1809 2027 1968 2060 omnibus
1983 2038 2064 2071 pro-

190 2082 205 2098 “
222 2081 331 2114 fessus
364 2081 433 2114 uim
458 2091 495 2114 se
520 2092 540 2113 a
562 2081 694 2124 populo
717 2081 910 2124 pertulisse,
934 2086 969 2114 et
992 2081 1137 2114 brachio
1162 2081 1268 2113 fuisse
1300 2080 1431 2113 eiectus
1462 2086 1567 2124 atque
1596 2087 1740 2114 coactus
1763 2081 1799 2113 in
1823 2081 2063 2114 Lateranense

2092 1020 2116 1044 s.
2132 1021 2173 1045 178
2186 1027 2200 1040 u

121 1600 162 1632 25

122 1868 164 1899 30

277 2220 303 2246 3.
321 2221 433 2239 rursum
454 2215 478 2239 C
495 2228 528 2232 -—
547 2222 573 2246 4.
593 2214 780 2239 includerunt
800 2215 823 2239 C
835 2227 868 2232 —
882 2219 908 2245 5.
921 2214 1072 2239 uniuersus
1085 2221 1149 2239 cum
1162 2214 1322 2248 optimatus
1336 2222 1406 2239 voce
1419 2214 1554 2239 concordi
1576 2215 1726 2239 unanimes
1746 2221 1860 2246 unoque
1880 2222 2020 2240 consensu
2037 2217 2060 2241 C

190 2263 216 2288 9.
235 2257 390 2289 assumpsit
411 2257 435 2281 C
452 2269 463 2275 ·
482 2256 638 2291 prephatus
659 2257 684 2282 C
700 2271 733 2274 —
757 2263 796 2281 11.
816 2264 969 2289 compages
990 2258 1016 2281 B
1034 2265 1047 2281 e
1068 2258 1148 2282 sasso
1162 2271 1195 2274 —
1212 2264 1253 2290 13.
1265 2259 1444 2289 penitentiae
1465 2258 1489 2282 C
1507 2270 1539 2275 -—
1564 2264 1602 2290 15.
1624 2258 1793 2282 invasor-ens
1814 2271 1825 2276 -
1844 2257 2060 2283 ordinationem

192 2301 217 2325 C
233 2313 265 2318 -
289 2305 328 2332 ¹7·
347 2307 481 2326 ammone
500 2301 619 2326 basilice
641 2302 665 2326 C
683 2315 691 2319 -
712 2301 813 2326 relicta
832 2310 879 2326 con
898 2309 913 2326 e
931 2302 1111 2333 svprascritta
1131 2303 1203 2327 sulla
1224 2303 1232 2326 i
1256 2302 1323 2327 C—
1340 2309 1380 2335 19.
1395 2302 1544 2336 ejicientes
1565 2303 1592 2326 Β
1610 2311 1623 2326 e
1648 2301 1729 2327 Sasso
1744 2315 1776 2320 -
1792 2309 1835 2327 20.
1854 2303 1963 2327 cotidie
1985 2305 2008 2327 C
2025 2318 2057 2321 —

189 2347 232 2368 21.
245 2343 385 2368 omicidia
407 2344 431 2369 C
447 2357 480 2363 —
500 2350 543 2369 22.
562 2345 643 2368 uiros
662 2345 687 2368 A
702 2344 728 2368 Β
749 2352 844 2369 manca
865 2358 897 2361 —
918 2350 960 2376 23.
981 2344 1080 2369 literas
1099 2345 1126 2369 B
1146 2353 1159 2369 e
1179 2344 1259 2370 Sasso
1279 2358 1311 2363 —
1334 2351 1375 2377 24.
1395 2347 1559 2370 sanctorum
1574 2353 1668 2369 manca
1685 2346 1710 2369 B
1723 2354 1737 2369 e
1750 2345 1831 2370 Sasso
1846 2358 1879 2363 —
1893 2351 1935 2376 25.
1957 2345 2063 2379 diriget

145 2389 158 2416 5
192 2385 233 2410 C·
245 2392 298 2419 pro
317 2386 435 2411 eandem
458 2386 522 2410 C·—
538 2385 581 2412 26.
601 2388 667 2411 ante
687 2386 841 2420 prephatus
863 2387 886 2410 C
904 2400 913 2404 -
932 2386 1049 2411 inuasor
1069 2387 1095 2411 Β
1114 2396 1128 2411 e
1147 2387 1237 2412 Sasso.
1252 2388 1285 2412 L.
1297 2389 1331 2412 P.
1345 2387 1366 2411 I.
1381 2395 1449 2419 472:
1473 2388 1576 2412 “ausus
1588 2406 1611 2419 „‚
1632 2396 1702 2412 come
1722 2388 1817 2412 almoth
1838 2388 1925 2412 Sasso.
1946 2389 1989 2413 La
2004 2396 2021 2412 u
2036 2389 2067 2413 di

190 2434 256 2453 usus
275 2429 303 2452 in
324 2429 348 2453 C
363 2429 397 2453 ka
416 2437 450 2453 un
469 2432 555 2454 tratto
574 2429 686 2454 rie-urvo
705 2436 718 2452 e
737 2429 915 2459 soprascritto
945 2430 1025 2454 nisus
1045 2442 1078 2447 —
1099 2427 1141 2453 28.
1162 2429 1333 2454 ceremoniis
1354 2431 1380 2454 B
1398 2437 1411 2453 e
1441 2430 1521 2454 Sasso
1543 2444 1575 2448 —
1596 2437 1638 2462 31.
1660 2437 1689 2454 se
1718 2430 1873 2462 prephatus
1901 2431 1936 2460 C3
1962 2430 1991 2455 L.
2022 2432 2064 2461 Γ..

190 2469 211 2500 1,
229 2475 293 2503 4755
315 2469 505 2504 “sepefatus„
529 2484 561 2489 —-
581 2477 623 2502 3².
645 2471 802 2502 inquisitur
822 2471 846 2495 Α
870 2483 903 2489 —
923 2478 964 2503 34.
984 2471 1102 2496 brachio
1121 2478 1219 2496 eorum
1241 2471 1328 2497 fuisse
1350 2472 1471 2496 electum
1490 2474 1575 2504 atque
1594 2473 1724 2496 coactum
1747 2472 1798 2496 Be
1818 2471 1901 2497 Sasso

277 2543 284 2558 ¹
307 2546 338 2571 L.
358 2547 402 2576 P„
422 2547 445 2570 I.
467 2547 521 2571 cit.
550 2547 610 2571 Vita
632 2546 763 2577 Stephani
779 2545 827 2575 111,
847 2545 860 2575 ξ
878 2546 928 2578 XI,
947 2554 974 2579 p.
993 2553 1053 2580 47¹-
1240 2546 1250 2562 ⁷
1269 2546 1357 2577 ΙυιῑΜ,
1376 2548 1390 2579 ,ξ
1409 2547 1505 2573 XVII:
1526 2547 1715 2580 “Dirigentes
1730 2547 1842 2573 scilicet
1857 2548 1914 2581 ipsi
1929 2548 2061 2573 christia-

276 2585 287 2603 ¹
307 2586 341 2613 R.
359 2589 467 2614 omette
483 2590 561 2614 tutto
580 2588 602 2612 il
623 2588 637 2619 §
655 2587 709 2613 XII
728 2595 743 2612 e
764 2588 897 2622 rIprende
910 2596 963 2613 con
977 2589 1096 2621 qualche

130 2630 162 2648 ¹⁰
189 2629 262 2654 irase
282 2630 327 2655 dei
346 2629 426 2656 xm.

276 2670 288 2689 ³
307 2672 391 2698 Sasso
416 2675 607 2706 giustamente
632 2676 750 2705 anneta,
774 2674 905 2703 orarium,
931 2674 982 2699 che
1009 2674 1046 2699 ha
1074 2675 1096 2699 il

188 2723 272 2741 senso
291 2715 320 2741 di
336 2715 473 2747 paL'x'um5
492 2715 537 2741 Cf.
558 2717 630 2741 nota
649 2721 684 2740 πο
702 2716 747 2741 del
767 2716 962 2742 Duc-mna
975 2723 1002 2750 p.
1016 2715 1078 2750 481.

278 2756 291 2773 ⁴
311 2758 343 2783 L.
364 2758 399 2783 P.
418 2757 447 2789 1.‚
467 2765 494 2791 p.
514 2763 575 2790 472,
588 2757 602 2789 §
614 2757 696 2783 xm:
719 2757 732 2771 “
742 2775 750 2783 .
761 2777 767 2783 .
778 2774 801 2783 ..
814 2758 940 2791 prefatus
954 2756 1096 2784 Constan—

192 2800 295 2825 “tinus
313 2799 350 2824 sd
369 2800 493 2824 medium
514 2800 640 2824 adfer-tus
660 2800 715 2829 est;
736 2799 874 2832 lectisque
892 2801 1095 2826 sacratissimis

131 2842 162 2869 ¹3
191 2842 204 2855 “
216 2842 376 2868 canonibus
394 2843 436 2867 lta
455 2841 603 2876 depositus
627 2843 670 2867 est
682 2858 708 2873 „.

279 2884 292 2903 ⁵
309 2883 396 2914 Imm,
410 2883 429 2909 i.
441 2891 473 2909 c:
495 2883 525 2916 Ἥ
538 2903 544 2909 .
555 2901 563 2909 .
573 2901 580 2910 .
600 2892 615 2909 n
635 2885 758 2910 Leontio
773 2885 913 2910 scrinero
926 2903 940 2917 ,,
958 2892 1038 2910 come
1048 2885 1096 2918 gia

189 2924 300 2952 annoto
319 2925 414 2951 Sasso.
522 2917 526 2924 ‘

279 2966 292 2984 ⁶
310 2968 396 2997 Inna,
416 2968 436 2998 1,
456 2974 517 3002 472,
537 2967 551 3000 §
569 2967 646 2994 XIV.

1151 2588 1266 2615 nissimi
1285 2597 1363 2623 reges
1381 2589 1434 2615 XII
1453 2590 1604 2622 episcopos
1626 2597 1661 2614 ex
1685 2589 1791 2614 eisdem
1818 2590 1991 2615 Francorum
2023 2598 2062 2615 re·
2092 2601 2104 2618 2

1150 2630 1295 2663 gionibus,
1316 2631 1403 2655 nimis
1423 2630 1533 2655 divinis
1555 2631 1704 2663 scripturis
1730 2631 1759 2655 et
1786 2632 1950 2655 sanctorum
1975 2639 2063 2656 cano-

1151 2680 1219 2697 num
1238 2674 1405 2698 cerimoniis
1425 2673 1526 2698 doctos
1545 2679 1577 2697 ac
1598 2672 1817 2705 probatissimos
1844 2674 2025 2706 viros....„.

1240 2712 1252 2731 ⁸
1271 2715 1358 2746 Imm,
1379 2723 1406 2748 p.
1425 2722 1458 2748 47
1477 2724 1493 2740 e
1512 2721 1574 2749 475.
1593 2713 1640 2740 Cf.
1655 2723 1704 2747 per
1724 2716 1751 2740 ia
1771 2715 1839 2740 data
1853 2716 1899 2740 del
1916 2715 2062 2746 Concilio,

1151 2757 1323 2787 Ducnnan,
1343 2760 1411 2782 nota
1431 2757 1473 2790 46
1495 2757 1552 2782 vol
1573 2758 1621 2782 cit.
1642 2765 1668 2790 p.
1689 2756 1749 2790 483.

1240 2798 1252 2815 ⁹
1271 2800 1356 2831 tum,
1377 2801 1395 2825 1.
1414 2801 1463 2825 cit.
1484 2799 1497 2831 ξ
1522 2799 1629 2825 xvm:
1659 2800 1672 2813 ⁴⁴

1151 2841 1186 2867 Et
1205 2842 1340 2867 subtilius
1369 2843 1528 2874 exquisitus
1552 2849 1602 2867 cur
1630 2843 1848 2876 presumpsisset
1874 2844 2063 2875 apostolicam

1152 2884 1244 2909 sedem
1265 2884 1356 2909 laicus
1376 2885 1512 2909 invadere
1523 2901 1619 2916 ......

1241 2923 1264 2941 ¹⁰
1282 2925 1369 2957 Ioum,
1384 2926 1401 2950 1.
1416 2925 1480 2950 cit.:
1504 2925 1517 2938 ‘⁴
1530 2945 1534 2950 .
1547 2942 1554 2950 .
1565 2942 1572 2950 .
1583 2942 1590 2950 .
1611 2927 1782 2958 perpetrare,
1805 2926 1846 2950 ita
1862 2933 1957 2950 coram
1971 2945 1976 2951 .
1989 2945 1994 2950 .
2006 2943 2013 2951 .
2023 2942 2031 2950 .
2042 2943 2065 2957 „.

1723 2816 1746 2824 ..
1769 2801 1822 2824 inm
1849 2802 1931 2824 extra
1957 2802 2064 2826 oculos.
2095 2813 2125 2834 ῖς
