2398 3470
35 229 37 231 ι
95 278 98 281 .
151 245 200 282 [Α-
220 245 253 273 C·
275 245 367 281 ι177]
729 240 1016 277 ROMUALDI
1045 239 1410 276 SALERNITANI
1912 237 2072 277 279Μυκ.,
2088 255 2120 270 cc.
2138 255 2161 269 22
2177 256 2210 270 .22

154 312 1987 323 ..................................................................................................................................................................................................

150 361 302 395 sessione
325 361 449 404 posita,
471 362 501 394 si
523 362 714 405 imperator
727 361 835 395 uellet
858 362 903 394 de
926 360 1140 404 proprietate
1162 367 1254 394 terre
1277 360 1370 393 illius
1392 370 1508 404 agere,
1524 359 1673 393 libenter
1687 360 1718 392 ei
1734 359 1919 393 ecclesiam
1935 360 1988 393 iu-

151 414 277 447 stitiam
300 414 447 447 faceret.

236 467 423 510 Postquam
448 474 560 500 autem
584 469 640 501 hic
664 468 786 500 modus
809 467 986 510 petitionis
1007 467 1186 510 implende
1209 477 1271 510 per
1293 467 1494 510 episcopum
1520 465 1740 500 Clarimontis
1763 472 1798 499 et
1828 466 1988 499 abbatem

151 521 196 554 de
219 519 407 553 Bonaualle
429 521 496 554 fuit
519 520 718 564 imperatori
740 520 948 564 propositus,
971 521 1154 564 plurimum
1177 520 1228 552 illi
1253 519 1439 563 displicuit,
1463 526 1498 553 et
1520 520 1570 553 sic
1597 520 1788 553 concordia
1818 530 1883 562 per
1911 518 1990 553 illos

49 596 51 598 -
104 575 122 605 5
147 579 294 606 tractata
316 574 491 607 remansit.
538 574 753 608 Christianus
775 579 890 607 autem
913 573 1141 607 cancellarius
1162 580 1197 605 et
1219 573 1356 616 reliqui,
1379 573 1438 616 qui
1470 584 1547 606 cum
1578 583 1620 606 eo
1651 573 1862 606 mediatores
1891 573 1988 616 pacis

146 627 285 659 fuerant
309 627 498 667 constituti,
522 628 662 672 cognito
686 628 781 670 quod
803 627 993 670 imperator
1007 637 1072 670 per
1085 626 1171 659 alios
1186 636 1309 669 pacem
1326 626 1475 659 ecclesie
1491 632 1641 660 tractare
1657 626 1831 663 uoluisset,
1847 625 1987 658 nimium

148 678 333 713 doluerunt
356 686 391 713 et
414 681 594 713 uenientes
617 681 662 714 ad
685 691 811 724 papam
834 680 1082 718 Alexandrum,
1112 680 1290 713 dixerunt:
1328 682 1342 697 ‘⁴
1357 680 1542 713 Sanctitati
1571 685 1698 718 uestre,
1729 679 1880 719 domine,
1911 688 1987 712 esse

153 732 337 765 “uolumus
360 743 429 766 non
452 733 674 777 incognitum,
698 734 792 776 quod
814 739 932 766 nostro
956 732 1038 766 odio
1070 738 1105 765 et
1134 732 1267 766 inuidia
1296 743 1364 775 pax
1394 732 1542 765 ecclesie
1572 732 1786 775 prepeditur.
1833 731 1986 770 Quidam

151 787 166 803 ⁸
179 786 271 818 enim
296 787 404 820 nostri
429 788 532 820 emuli
555 787 645 819 falsa
666 787 710 819 de
734 786 834 820 nobis
855 786 1056 829 imperatori
1079 791 1267 830 suggerunt
1284 792 1319 819 et
1333 786 1455 819 uolunt
1470 786 1506 818 in
1522 786 1589 818 hac
1604 792 1703 828 parte
1720 796 1784 818 nos
1800 786 1833 818 ei
1849 786 1988 818 odiosos

48 867 53 880 ἱ
87 838 124 871 10
153 838 328 872 “reddere
351 840 481 882 pariter
504 846 539 873 et
560 845 751 882 suspectos.
798 840 844 873 Et
858 839 948 872 ideo
970 850 1127 872 ueremur
1153 839 1350 882 plurimum,
1382 849 1436 878 ne,
1468 839 1548 872 dum
1579 848 1641 871 nos
1671 838 1830 871 absentes
1859 849 1986 878 sumus,

41 887 43 891 '
149 893 164 909 ⁸
178 893 238 935 qui
262 903 383 935 pacem
408 893 584 938 diligimus
606 899 640 926 et
663 893 775 926 nuntii
797 894 835 926 in
859 894 974 926 eundo
998 898 1035 926 et
1056 892 1236 926 redeundo
1259 893 1332 925 sine
1347 893 1464 925 fructu
1478 898 1637 934 tempora
1652 892 1756 936 longa
1772 899 1987 931 consumunt,

149 945 368 988 “imperator
389 946 588 988 prolixitate
611 947 781 990 temporis
803 947 951 980 affectus
973 947 1070 980 tedio
1093 946 1327 979 desideratam
1349 956 1471 988 pacem
1495 945 1679 978 abhorreat
1702 951 1736 978 et
1765 946 1985 990 suggestione

151 1000 363 1041 “prauorum
388 1000 562 1033 hominum
586 1000 719 1033 infecta
742 1010 830 1043 pace
854 1000 1008 1033 recedat.
1055 999 1276 1033 Consulimus
1297 1009 1380 1043 ergo
1404 998 1608 1032 discretioni
1631 1004 1758 1037 uestre‚
1781 1005 1819 1032 ut
1841 999 1870 1031 si
1885 999 1986 1032 uobis

4 1083 15 1098 ,ρ
45 1082 52 1096 Ἃ
149 1054 164 1070 ‘⁴
177 1052 356 1095 placuerit,
379 1053 524 1096 propius
545 1054 734 1096 imperator
756 1053 914 1092 accedat,
938 1059 975 1086 ut
997 1053 1118 1086 uestris
1141 1058 1176 1085 et
1199 1052 1269 1086 suis
1291 1053 1421 1086 nuntiis
1444 1052 1513 1086 cito
1535 1053 1587 1085 ire
1610 1058 1644 1085 et
1660 1052 1775 1085 redire
1791 1053 1987 1086 ualentibus

8 1105 13 1139 3
37 1115 51 1145 ,ζ
82 1105 120 1137 15
150 1105 340 1138 “inchoata
362 1117 443 1149 pax,
465 1106 605 1140 uolente
627 1107 788 1146 Domino,
813 1108 882 1140 cito
906 1107 1020 1139 ualeat
1043 1107 1274 1140 consummari
1287 1104 1327 1146 „.'

35 1151 45 1163 ³
232 1159 328 1202 Papa
350 1166 474 1198 autem,
498 1159 616 1193 habito
640 1171 719 1193 cum
742 1160 868 1193 nuntiis
890 1160 983 1204 regis
1006 1159 1124 1193 Sicilie
1145 1165 1181 1192 et
1202 1158 1410 1192 Lombardis
1432 1158 1587 1195 consilio.
1610 1159 1809 1202 respondit:
1846 1161 1861 1176 ⁸
1874 1159 1984 1193 Nobis

152 1213 322 1255 “quidem
345 1212 463 1255 placet
487 1213 686 1251 admodum,
708 1219 745 1246 ut
767 1214 955 1256 imperator
977 1212 1112 1258 Clojam
1126 1211 1147 1252 ¹,
1171 1208 1238 1256 que
1262 1223 1282 1245 a
1305 1212 1463 1245 Uenetiis
1486 1211 1685 1256 quindecim
1709 1213 1814 1245 distat
1837 1213 1986 1253 milibus,

148 1265 164 1281 ⁸
178 1275 256 1298 cum
280 1266 402 1308 paucis
423 1266 552 1305 ueniat,
576 1276 618 1299 ea
641 1273 757 1299 tamen
780 1266 994 1306 conditione,
1017 1267 1112 1310 quod
1133 1276 1196 1299 uos
1218 1266 1253 1298 in
1277 1265 1392 1298 anima
1414 1272 1530 1298 uestra
1545 1266 1659 1298 iurare
1675 1265 1823 1305 faciatis,
1839 1271 1877 1298 ut
1892 1272 1985 1308 post-

42 1352 47 1354 ,
147 1319 279 1363 “quam
302 1318 386 1352 illuc
408 1319 555 1358 uenerit,
579 1320 709 1363 absque
732 1326 849 1353 nostro
872 1320 1036 1353 mandato
1058 1325 1094 1352 et
1114 1319 1258 1352 licentia
1279 1319 1423 1352 ulterius
1445 1329 1516 1352 non
1530 1319 1700 1362 procedat
1713 1343 1743 1359 „.
1789 1319 1985 1352 Iuramento

25 1372 49 1418 ,ᾗ
79 1371 122 1404 20
145 1371 261 1415 itaque
284 1372 321 1404 in
344 1372 437 1405 hunc
460 1372 600 1405 modum
623 1373 782 1415 prestito,
805 1371 1022 1405 Coloniensis
1045 1372 1330 1415 archiepiscopus
1352 1382 1430 1404 cum
1453 1371 1659 1415 quibusdam
1684 1372 1758 1404 aliis
1789 1371 1958 1406 Cesenam
1971 1372 1984 1390 ¹

142 1424 188 1457 ad
212 1424 456 1467 imperatorem
479 1426 576 1458 uenit
597 1430 632 1458 et
656 1436 735 1458 eum
758 1436 837 1458 cum
863 1425 932 1458 suis
963 1424 1098 1470 Clojam
1127 1435 1236 1468 usque
1268 1425 1421 1458 deduxit.
1469 1423 1621 1463 Quidam
1652 1431 1766 1457 autem
1796 1425 1984 1468 populares

143 1476 281 1516 Ueneti,
306 1477 446 1522 cognito
469 1478 689 1521 imperatoris
711 1479 872 1516 aduentu,
895 1479 940 1511 ad
962 1489 1040 1511 eum
1063 1478 1274 1511 accedentes
1298 1483 1467 1521 ceperunt
1489 1478 1541 1510 illi
1562 1478 1714 1511 studiose
1738 1486 1924 1522 suggerere
1947 1485 1985 1511 ut

143 1530 272 1574 absque
296 1531 458 1564 mandato
482 1541 574 1574 pape
598 1538 632 1564 et
655 1532 795 1565 licentia
818 1532 986 1565 Uenetias
1008 1541 1150 1564 securus
1164 1531 1319 1570 intraret,
1335 1531 1478 1564 firmiter
1492 1531 1742 1580 promittentes,
1758 1533 1852 1575 quod
1868 1542 1986 1565 eorum

141 1584 292 1617 consilio
314 1590 349 1617 et
371 1585 499 1618 auxilio
523 1595 647 1628 pacem
670 1591 785 1628 posset
808 1595 886 1619 cum
909 1585 1058 1618 ecclesia
1081 1590 1116 1618 et
1137 1584 1344 1618 Lombardis
1366 1595 1431 1627 pro
1462 1595 1524 1617 sua
1554 1584 1732 1618 uoluntate
1763 1595 1983 1628 componere,

36 1672 38 1674 ,
78 1636 120 1670 25
233 1636 390 1676 Quorum
413 1638 533 1671 uerbis
555 1638 743 1681 imperator
766 1638 1014 1683 aliquantulum
1038 1638 1273 1682 acquiescens,
1297 1638 1456 1681 precepit
1479 1637 1539 1676 eis,
1555 1643 1593 1670 ut
1609 1637 1703 1671 dicta
1720 1638 1884 1681 operibus
1900 1648 1982 1671 con·

140 1697 362 1730 summarent,
386 1691 509 1724 dantes
532 1701 684 1734 operam,
708 1698 745 1724 ut
766 1698 877 1725 totum
899 1692 1064 1735 populum
1087 1692 1133 1725 ad
1156 1691 1411 1734 perfectionem
1442 1690 1543 1724 huius
1572 1691 1704 1735 negotii
1735 1697 1836 1724 caute
1867 1697 1902 1724 et
1929 1702 1985 1724 sa-

143 1745 281 1787 pienter
302 1745 518 1778 inducerent.
562 1743 765 1778 Alexander
787 1751 901 1778 autem
923 1755 1016 1787 papa
1039 1744 1192 1783 audiens,
1216 1744 1310 1788 quod
1333 1744 1467 1788 Clojam
1490 1744 1678 1787 imperator
1698 1744 1861 1782 uenisset,
1884 1745 1983 1778 Guil-

140 1797 286 1830 lelmum
309 1797 353 1831 de
376 1797 486 1841 Papia
507 1798 733 1831 Portuensem
758 1799 959 1841 episcopum
983 1803 1018 1830 et
1041 1798 1231 1831 Iohannem
1254 1797 1524 1840 Neapolitanum
1547 1803 1582 1830 et
1607 1797 1828 1831 Theodinum
1852 1804 1888 1831 et
1917 1797 1983 1830 Pe-

44 1877 47 1880 «
141 1856 232 1884 trum
254 1851 299 1884 de
322 1851 420 1884 Bona
442 1851 664 1895 presbyteros
694 1852 891 1884 cardinales
921 1858 956 1884 et
986 1850 1207 1895 Iaquinthum
1238 1850 1422 1884 diaconum
1446 1850 1660 1883 cardinalem
1684 1861 1762 1883 cum
1786 1849 1982 1884 Christiano

40 1924 44 1927 >
77 1904 120 1936 30
144 1904 354 1938 cancellario
378 1911 414 1937 et
435 1904 513 1937 aliis
536 1905 776 1944 Theotonicis‚
800 1905 858 1949 qui
883 1904 978 1947 pacis
1000 1904 1206 1937 mediatores
1228 1909 1336 1943 erant,
1360 1902 1406 1936 ad
1429 1914 1507 1936 eum
1531 1903 1668 1946 direxit,
1691 1904 1870 1943 mandans,
1893 1910 1932 1937 ut
1953 1904 1983 1936 si

53 1955 55 1958 ’
139 1957 185 1991 de
208 1957 430 2001 beneplacito
453 1958 547 1990 illius
570 1964 671 1996 esset,
693 1959 768 2001 ipse
791 1958 931 1990 nuntios
951 1957 1045 2002 regis
1069 1957 1189 1991 Sicilie
1212 1962 1248 1990 et
1272 1957 1439 2000 quosdam
1456 1957 1501 1990 de
1516 1956 1722 1990 Lombardis
1737 1957 1873 2002 Clojam
1889 1963 1983 1990 tran-

138 2011 316 2052 smitteret,
339 2017 377 2044 ut
399 2011 476 2044 'illis
498 2012 717 2054 presentibus
739 2012 925 2054 imperator
947 2012 983 2044 in
1008 2011 1122 2044 anima
1144 2021 1205 2044 sua
1227 2020 1292 2054 per
1306 2010 1486 2054 principes
1500 2020 1580 2043 suos
1594 2011 1709 2043 iurare
1725 2011 1872 2049 faceret,
1888 2012 1983 2054 quod

143 2075 265 2107 pacem
289 2065 441 2098 ecclesie
465 2071 499 2098 et
520 2075 644 2108 pacem
667 2065 762 2109 regis
785 2065 904 2098 Sicilie
927 2075 1037 2108 usque
1060 2065 1107 2097 ad
1128 2074 1238 2097 annos
1260 2064 1462 2107 quindecim
1478 2069 1513 2096 et
1529 2070 1692 2107 treuguas
1706 2064 1982 2098 Lombardorum

140 2127 250 2161 usque
274 2118 319 2150 ad
341 2128 452 2152 annos
474 2129 535 2151 sex
559 2119 703 2151 firmiter
726 2118 934 2151 obseruaret.
980 2118 1061 2157 Quo
1084 2117 1190 2160 facto,
1214 2117 1382 2151 Uenetias
1404 2123 1521 2160 posset
1543 2127 1684 2150 securus
1708 2117 1888 2156 accedere,
1912 2118 1984 2151 eius

46 2204 49 2206 .
73 2171 115 2204 35
139 2171 263 2215 procul
287 2171 395 2205 dubio
418 2171 700 2205 benedictionem
724 2177 760 2204 et
783 2171 929 2215 gratiam
952 2171 1142 2204 habiturus.
1187 2171 1381 2214 Imperator
1410 2180 1507 2210 uero,
1534 2171 1616 2214 quia
1646 2180 1747 2203 aures
1775 2181 1838 2204 sua
1867 2171 1984 2204 uerbis

141 2223 313 2257 Uenetum
337 2225 591 2268 quodammodo
615 2224 844 2257 inclinauerat
867 2230 903 2257 et
925 2234 1043 2257 eorum
1067 2233 1232 2267 responsa
1254 2223 1378 2257 diebus
1399 2223 1544 2267 singulis
1565 2223 1781 2266 expectabat,
1799 2224 1891 2267 cepit
1907 2235 1983 2257 car-

139 2277 316 2311 dinalibus
338 2278 382 2310 de
405 2278 514 2311 uerbo
537 2278 644 2320 pacis,
668 2278 767 2321 quasi
788 2288 915 2311 nouum
939 2282 1030 2310 esset
1053 2282 1089 2310 et
1111 2277 1175 2310 sibi
1198 2276 1424 2321 incognitum,
1448 2276 1659 2319 respondere
1690 2282 1725 2309 et
1755 2277 1868 2320 longis
1899 2287 1983 2310 con-

138 2331 380 2365 sultationibus
404 2331 448 2364 de
472 2331 530 2364 die
553 2332 589 2364 in
621 2331 713 2364 diem
744 2342 804 2364 sua
835 2340 1001 2374 responsa
1031 2330 1188 2364 differre.
1235 2329 1317 2370 Quo
1348 2331 1490 2374 cognito
1520 2330 1717 2363 cardinales
1746 2330 1874 2363 turbati
1905 2337 1984 2364 sunt

50 2409 53 2418 2
137 2384 327 2427 plurimum
351 2390 385 2417 et
408 2384 537 2423 mirati,
562 2390 597 2417 et
619 2384 784 2428 quidnam
809 2383 978 2418 deberent
1000 2383 1132 2424 facere,
1155 2383 1367 2418 nesciebant.

49 2447 55 2456 2
74 2438 119 2470 40
229 2437 366 2470 Interea
388 2437 576 2480 populares
598 2437 728 2471 Ueneti
752 2448 773 2470 a
795 2436 896 2482 Cloja
918 2437 1087 2470 Venetia.
1108 2437 1303 2477 redeuntes,
1326 2437 1363 2470 in
1384 2437 1496 2471 sancti
1517 2436 1631 2469 Marci
1656 2436 1806 2470 ecclesia
1833 2447 1981 2481 congre-

139 2490 223 2535 gati,
246 2490 354 2524 totius
375 2500 466 2534 pene
489 2491 611 2533 populi
633 2490 842 2523 seditionem
864 2497 899 2523 et
920 2490 1099 2523 tumultum
1124 2497 1245 2524 contra
1267 2491 1393 2524 ducem
1416 2501 1513 2523 suum
1538 2490 1791 2530 excitauerunt,
1808 2490 1977 2524 dicentes:

143 2544 319 2577 “Domine
343 2544 423 2582 dux,
447 2554 517 2577 non
542 2543 630 2577 bene
654 2543 775 2577 honori
799 2549 834 2576 et
857 2544 1040 2578 commodo
1062 2544 1234 2578 commissi
1255 2543 1357 2578 uobis
1378 2544 1498 2588 populi
1522 2544 1725 2587 prouidetis.
1770 2544 1865 2577 Ecce
1889 2544 1980 2577 enim

144 2597 362 2640 “imperator
383 2597 563 2631 Romanus
586 2597 679 2640 apud
703 2596 838 2642 Clojam
861 2598 930 2630 iam
953 2597 1075 2631 diebus
1099 2597 1281 2642 aliquantis
1304 2603 1356 2631 est
1379 2598 1588 2636 demoratus,
1611 2597 1672 2630 ubi
1694 2597 1819 2631 caloris
1842 2597 1981 2630 distem-

232 2717 271 2734 11.
291 2711 393 2735 nuncii
410 2710 442 2742 B,
467 2710 494 2739 C.
515 2710 592 2735 Sauo
610 2718 623 2734 e
641 2710 732 2735 Amat
752 2725 780 2728 —
805 2716 845 2735 η.
863 2711 993 2736 aborreat
1010 2710 1035 2735 A
1055 2723 1087 2729 —
1110 2717 1149 2742 ¹4.
1169 2711 1282 2736 nunciis
1301 2711 1335 2741 B,
1357 2711 1385 2742 C,
1405 2710 1481 2735 Sauo
1498 2711 1532 2734 ad
1548 2710 1640 2735 Arndt
1658 2723 1691 2728 —
1713 2709 1752 2734 16.
1773 2709 1886 2734 nunciis
1897 2709 1931 2739 B,
1952 2709 1982 2740 C,

141 2753 218 2778 Saso
235 2759 249 2776 ι
265 2752 356 2777 Arndt
375 2765 407 2771 —
430 2757 470 2783 17.
489 2751 603 2778 Clolam
623 2752 660 2782 A;
680 2752 798 2778 Clozam
819 2753 852 2781 B.
872 2752 948 2777 Sauo
967 2766 976 2771 -
995 2752 1127 2778 Veneclls
1143 2753 1168 2778 A
1188 2765 1199 2771 -
1218 2753 1328 2778 distant
1346 2753 1370 2777 A
1392 2766 1422 2770 —
1444 2759 1486 2778 21.
1511 2752 1627 2777 Clolam
1651 2752 1689 2781 A;
1715 2751 1832 2777 Clozam
1852 2752 1888 2782 B,
1906 2751 1982 2776 Sauo

139 2808 171 2813 —
193 2801 234 2819 22.
256 2794 393 2819 VeneeIas
411 2794 436 2819 A
448 2808 480 2813 —
502 2800 543 2826 27.
563 2794 675 2820 Clolam
693 2794 733 2820 A:
748 2794 866 2820 Clozam
883 2794 918 2823 B,
937 2795 1013 2820 Sauo
1032 2808 1062 2814 -
1084 2801 1126 2828 ²9·
1145 2795 1308 2828 laquintum
1326 2795 1367 2826 Δς
1387 2795 1577 2829 Hiacynthum
1596 2794 1629 2824 Β,
1648 2793 1724 2818 Sauo
1747 2807 1773 2812 —-
1797 2801 1839 2826 3¹·
1860 2795 1981 2819 nuncios

138 2836 172 2868 B,
193 2837 223 2868 C,
241 2836 318 2861 Sauo
335 2844 349 2860 a
366 2837 458 2862 Arndt
475 2850 488 2857 -
505 2837 617 2862 Clolam
636 2837 676 2867 Ag
695 2837 811 2862 Clozam
832 2838 858 2862 B
875 2845 889 2862 c
907 2836 985 2862 Sam
1004 2850 1037 2856 —
1055 2844 1098 2870 34.
1117 2837 1253 2864 Veneclas
1272 2838 1296 2863 A
1317 2852 1349 2856 —
1370 2838 1411 2871 38.
1430 2839 1530 2863 audito
1549 2838 1601 2867 Α4
1619 2850 1652 2856 -
1671 2843 1714 2869 4ο.
1733 2835 1816 2861 cloia
1833 2836 1871 2865 A;
1892 2835 1981 2861 Cloza

49 2899 51 2902 .
92 2885 107 2911 5
140 2878 172 2909 B,
191 2878 267 2903 Sasso
286 2891 297 2898 —
315 2879 453 2904 Veneclss
470 2879 495 2904 A
515 2893 548 2899 —
568 2886 610 2912 43.
629 2878 742 2905 Cloiam
761 2878 800 2908 A:
821 2877 940 2904 cluzam
960 2880 994 2911 B,
1012 2879 1089 2905 Sos-ro
1106 2894 1139 2899 —
1158 2881 1227 2914 43-1.
1250 2888 1260 2906 1
1282 2888 1308 2912 p.
1329 2888 1385 2913 seg.
1403 2880 1630 2913 distemperatus
1647 2879 1672 2903 A

229 2974 235 2990 ¹
257 2975 341 3005 Boso,
359 2975 440 3000 liber
458 2975 574 3006 Pontifi,
593 2975 628 3008 11,
646 2983 707 3010 439,
727 2977 754 3002 la
773 2977 835 3002 dlce
863 2975 876 2990 “
888 2976 992 3011 Clogla
1002 2994 1027 3009 ,μ
1083 2977 1251 3012 ‘Chloggin
1261 2995 1285 3010 ,,.

140 3017 190 3043 che
220 3017 355 3051 risponde
385 3018 532 3044 all'antiea
566 3017 720 3052 “Clodla,‚
756 3026 770 3044 e
803 3018 858 3044 alla
893 3018 1028 3045 modern·
1170 3018 1181 3035 ²
1203 3019 1299 3045 Cema
1316 3022 1431 3045 castrum
1451 3020 1481 3045 in
1500 3019 1649 3046 territorio
1669 3020 1697 3045 dl
1717 3017 1806 3044 Forli.

2066 1177 2086 1192 c.
2101 1172 2162 1195 203a

2064 2027 2084 2041 c.
2100 2026 2140 2045 205
2147 2021 2159 2041 h
