2398 3470
185 942 206 958 c.
222 935 284 960 2311ae

311 1743 344 1762 10

313 1953 342 1979 15

311 2169 346 2188 20

312 2379 344 2404 25

314 2594 349 2620 30

316 2802 348 2830 35

317 3019 352 3045 40

360 816 519 864 'habebat
542 815 636 854 odio,
660 826 681 847 a
703 825 788 858 rege
813 820 1008 858 caperetur,
1032 814 1155 848 dolens
1179 819 1214 847 et
1229 814 1358 847 inuitus
1374 824 1395 846 a
1409 824 1493 858 rege
1508 814 1654 847 recessit
1666 816 1688 847 ⁴.

1140 206 1454 246 CHRONICON
2003 214 2054 251 [Α.
2075 214 2108 243 c.
2130 215 2224 251 ussl

366 333 448 367 bata
470 339 522 366 est
546 339 581 366 et
605 338 778 366 commota
793 332 812 364 ¹.
860 331 940 364 Rex
962 337 1080 364 autem
1104 331 1282 365 celebrata
1298 331 1488 364 festiuitate
1504 331 1662 374 paschali
1677 330 1852 366 Ascittino
1867 331 2091 368 Catheniensi
2108 333 2224 367 archi-

366 386 515 420 diacono
529 386 552 426 ²,
576 396 680 430 quem
704 385 952 419 cancellarium
975 385 1122 424 fecerat,
1146 385 1274 428 Apulie
1300 384 1646 418 amministrationem
1669 385 1851 424 commisit,
1874 392 1910 420 et
1932 386 2006 430 ipse
2036 397 2116 421 cum
2147 397 2221 420 am-

365 441 490 473 mirato
512 440 548 472 in
572 439 730 472 Siciliam
754 439 867 472 rediit.
914 438 1156 472 Cancellarius
1179 444 1295 472 autem
1318 449 1362 471 ex
1388 439 1553 471 mandato
1569 438 1726 472 eiusdem
1742 439 1847 483 regis,
1863 446 2077 485 congregato
2092 451 2220 485 magno

368 493 523 527 exercitu
544 492 783 526 Beneuentum
807 491 946 525 obsedit
969 499 1005 526 et
1032 502 1110 525 eum
1141 502 1250 536 usque
1283 491 1328 524 ad
1359 492 1474 525 menia
1505 491 1738 526 deuastauit⁸.
1783 492 1889 526 Ciues
1919 498 2032 526 autem
2062 494 2219 527 eiusdem

366 547 515 581 ciuitatis
538 546 653 579 eidem
675 545 823 578 uiriliter
839 546 1038 579 restiterunt
1055 551 1090 579 et
1106 545 1250 579 Petrum
1266 545 1581 589 archiepiscopum,
1597 555 1701 589 quem
1716 555 1781 589 pro
1797 551 1898 588 parte
1914 546 2008 590 regis
2021 552 2222 590 suspectum

365 600 552 639 habebant,
575 599 839 636 iaertecerunt.
885 601 1043 643 Cumque
1068 599 1192 633 ciuitas
1215 598 1275 632 illa
1299 599 1477 642 aliquanto
1501 605 1659 642 tempore
1683 598 1807 632 fuisset
1831 599 1982 639 obsessa,
2005 600 2144 644 quidam
2177 601 2222 635 de

366 653 553 687 baronibus
575 652 727 687 rebellu
748 653 881 691 effecti,
906 652 1087 686 ciuitatem
1119 653 1265 697 ingressi
1295 652 1452 685 hostibus
1481 653 1704 686 adheserunt.
1750 651 1824 684 Alii
1853 663 1939 686 uero
1969 653 2046 687 sine
2076 654 2224 688 licencia

365 708 490 741 relicto
513 708 671 740 exercitu
694 707 740 740 ad
762 707 906 751 propria
927 706 1118 739 redierunt.
1165 706 1295 750 Sicque
1321 706 1494 740 exercitus
1518 706 1649 739 diuisus
1675 712 1726 739 est
1749 713 1785 740 et
1815 706 1938 740 ciuitas
1967 706 2012 740 ab
2042 706 2223 741 obsidione

366 761 525 795 liberata.
570 760 698 794 Comes
721 767 836 794 autem
859 760 1061 794 Robbertus
1086 761 1129 794 de
1153 760 1347 794 Lauritello
1370 760 1496 793 timens
1518 771 1561 793 ne
1586 760 1809 804 suggestione
1840 761 2023 800 ammirati,
2054 762 2113 804 qui
2143 772 2222 795 eum

1735 813 1838 847 Multi
1856 814 1959 847 etiam
1977 815 2021 848 de
2036 814 2225 848 baronibus

365 869 493 913 Apulie
517 869 666 902 rebelles
689 869 811 902 effecti
833 878 996 912 guerram
1020 868 1206 901 maximam
1222 868 1259 900 in
1283 867 1412 910 Apulia
1435 867 1676 901 excitauerant
1689 867 1711 899 ⁵.
1759 865 1841 906 Quo
1864 868 1982 901 audito
2005 868 2155 902 barones
2169 868 2226 903 Si-

368 921 463 956 cilie'
485 928 519 956 et
540 922 606 966 ipsi
629 922 787 955 similiter
810 932 972 965 guerram
997 927 1118 955 contra
1134 931 1252 965 regem
1269 922 1304 954 in
1321 921 1444 954 Sicilia
1459 927 1735 954 commouerunt.
1779 920 1860 954 Rex
1875 926 1992 954 autem
2009 927 2225 966 congregato

369 977 525 1011 exercitu
549 982 671 1010 contra
693 987 754 1009 eos
775 975 884 1015 uenit,
908 976 967 1018 qui
990 987 1068 1008 eum
1094 980 1284 1018 expectare
1307 975 1480 1013 timentes,
1504 976 1540 1007 in
1562 975 1705 1008 Buteria
1727 986 1764 1008 se
1781 981 2002 1018 receperunt,
2018 981 2053 1008 et
2068 985 2147 1008 cum
2162 975 2226 1008 ali-

365 1036 496 1074 quanto
520 1036 677 1073 tempore
702 1039 762 1062 eos
785 1029 990 1068 obsedisset,
1013 1028 1190 1061 mediante
1213 1027 1357 1060 Maione
1381 1028 1573 1067 ammirato,
1596 1028 1646 1061 eis
1669 1028 1884 1062 condonauit
1908 1032 1943 1060 et
1966 1028 2003 1061 in
2026 1038 2123 1061 suam
2145 1037 2227 1073 gra-

366 1085 450 1118 tiam
473 1084 551 1117 illos
573 1084 710 1126 recepit
722 1086 744 1115 ⁶.
790 1083 930 1115 Interea
952 1087 1062 1115 estate
1085 1082 1247 1125 proxima
1269 1081 1480 1115 Fredericus
1502 1093 1565 1115 rex
1587 1081 1887 1115 Theotonicorum
1902 1081 2052 1115 Romam
2067 1081 2175 1122 uenit,
2191 1088 2228 1116 et

367 1138 411 1171 ab
434 1137 593 1171 Adriano
615 1147 709 1180 papa
731 1138 829 1170 facto
851 1135 901 1168 illi
926 1141 1156 1175 sacramento,
1179 1141 1217 1168 ut
1240 1135 1347 1168 moris
1369 1141 1421 1168 est
1444 1135 1481 1168 in
1506 1135 1657 1169 ecclesia
1681 1135 1775 1169 beati
1796 1135 1894 1169 Petri
1917 1135 2159 1179 sollempniter
2174 1141 2228 1170 est

460 1296 482 1313 1.
501 1288 634 1313 Assitino
653 1288 695 1317 A;
713 1287 840 1312 Scitinio
859 1287 902 1318 B3
921 1285 1070 1310 Ascittino
1090 1287 1114 1311 C
1130 1293 1145 1309 e
1162 1286 1269 1315 Ανηᾰίς
1289 1286 1473 1310 Aschittinus
1498 1285 1669 1310 Askettinus
1693 1286 1707 1309 ἑ
1733 1287 1802 1311 detto
1826 1287 1856 1310 in
1881 1287 1932 1310 due
1956 1285 2070 1319 diplomi
2091 1286 2160 1319 orig.
2184 1284 2231 1310 del

365 1338 452 1356 marso
463 1338 477 1354 a
494 1330 583 1363 april«
602 1334 661 1360 1155
681 1344 714 1348 -
735 1336 759 1355 2.
777 1329 970 1354 cancelarium
991 1329 1014 1353 C
1031 1336 1045 1352 e
1062 1328 1155 1352 Arndt
1173 1342 1206 1345 —
1227 1334 1250 1361 7.
1271 1328 1363 1353 effecti
1380 1329 1550 1359 suprascr-itta
1568 1328 1600 1351 a!
1616 1335 1692 1352 mano
1712 1328 1755 1353 del
1773 1335 1820 1353 sec.
1839 1327 1927 1352 XVII
1945 1329 1969 1354 C
1985 1342 2017 1346 —
2041 1334 2082 1353 η.
2094 1327 2226 1354 SIciliam

369 1373 427 1398 AC
443 1387 478 1391 —
500 1380 539 1406 14.
559 1379 622 1398 seos
641 1373 673 1396 di
686 1372 778 1404 prima
797 1379 873 1396 mano
891 1379 905 1395 ε
922 1373 1034 1396 corr-etto
1051 1378 1084 1394 su
1101 1378 1200 1395 rasura
1220 1372 1245 1396 C
1262 1384 1270 1388 -
1291 1370 1458 1395 obsessisset
1476 1370 1500 1394 A
1522 1383 1531 1388 —
1550 1370 1684 1395 Amirato
1705 1371 1729 1395 C
1744 1378 1758 1394 e
1775 1371 1868 1396 Arndt

368 1481 467 1507 Hist.
488 1481 632 1510 Klasse,
655 1487 732 1513 1901,
752 1480 828 1505 Hert.
849 1487 873 1512 3.
893 1487 921 1513 p.
941 1486 1001 1512 259,
1022 1479 1107 1504 Bolla
1120 1478 1273 1503 d’Anasta-

368 1524 413 1549 sio
433 1524 480 1553 IV,
500 1529 532 1555 25
554 1530 621 1548 nov.
643 1529 725 1555 1154=
746 1522 880 1547 Hem-icus
895 1523 983 1554 presb.
1001 1522 1076 1546 card.
1093 1522 1137 1546 m.
1162 1529 1195 1545 ss.
1221 1522 1273 1545 Ne-

369 1574 417 1598 rey
434 1569 461 1591 et
477 1566 604 1599 ΑεΙιιῚιγς
625 1566 711 1595 IDEM,
730 1565 858 1591 Pasturk.
871 1565 901 1589 in
914 1565 1048 1589 Benevent
1065 1564 1130 1589 und.
1149 1564 1176 1589 d.
1199 1564 1275 1596 Capi-

368 1611 470 1638 tmeda,
490 1609 520 1633 in
539 1607 733 1633 Nachrich.
754 1608 811 1639 cit.,
836 1606 910 1640 1898,
938 1607 1014 1639 Hert,
1041 1606 1063 1636 Ι,
1082 1614 1109 1639 p.
1129 1612 1171 1639 79,
1192 1607 1274 1632 Bolia

371 1659 398 1676 n.
421 1658 450 1675 11
472 1651 502 1676 di
521 1651 653 1676 Adriano
672 1650 712 1675 IV
732 1650 800 1675 data
819 1649 855 1674 da
873 1650 1039 1674 Benevento
1052 1648 1069 1674 6
1084 1649 1176 1682 luglio
1192 1649 1273 1682 1156;

369 1693 453 1722 Boso,
478 1693 538 1717 Vtra
556 1693 714 1723 Alexandri,
733 1692 791 1718 uo.
810 1691 921 1724 Pontifi,
940 1692 974 1722 ΙΙ,
994 1699 1055 1725 403.

459 1736 592 1761 Adriano
612 1735 715 1761 d’altra
733 1737 824 1768 parte,
844 1736 867 1759 si
888 1742 927 1765 sa,
947 1734 1078 1760 riteneva
1097 1735 1148 1759 che
1163 1735 1235 1759 tutte
1249 1735 1275 1759 le

371 1779 443 1804 isole
463 1780 634 1813 spettassero
653 1778 684 1803 di
703 1778 808 1803 diritto
821 1778 878 1803 alla
893 1777 999 1803 Chiesa
1012 1777 1151 1808 Romana,
1165 1777 1201 1804 ne
1214 1784 1274 1802 ma-

369 1822 496 1855 raviglia
514 1823 607 1855 punto
627 1821 677 1846 che
697 1821 808 1846 volesse
822 1821 850 1846 la
864 1821 1084 1846 sottomissione
1098 1821 1157 1846 alla
1171 1820 1275 1846 Chiesa

371 1863 402 1888 di
420 1862 588 1897 Guglielmo
607 1864 628 1896 1,
648 1864 698 1888 che
725 1870 785 1888 nou
812 1863 999 1888 riconosceva
1025 1871 1104 1888 come
1129 1871 1172 1893 rep
1191 1864 1275 1888 tanto

372 1903 423 1938 piii
441 1906 491 1931 che
512 1906 533 1930 il
553 1907 641 1940 padre
655 1913 706 1930 suo
719 1905 866 1938 Ruggiero
881 1905 1043 1937 nell’aprile
1058 1911 1124 1937 1151
1140 1906 1171 1930 lo
1185 1912 1276 1930 aveva

372 1949 447 1974 fatto
465 1956 606 1973 coronare
631 1955 716 1974 senza
740 1948 870 1973 chiedere
895 1947 1125 1973 l’assentimento
1152 1948 1198 1972 del
1223 1955 1275 1973 suo

371 1991 568 2024 predecessore
587 1991 715 2024 Eugenio
734 1991 783 2016 111.
820 1989 972 2016 Giovanni
992 1990 1020 2015 di
1041 1990 1189 2023 Salisbury
1208 1992 1233 2016 ci
1247 1990 1275 2015 fa

372 2041 478 2067 sapere,
499 2034 614 2063 inoltre,
633 2034 685 2059 che
705 2035 736 2058 in
755 2034 887 2067 generale
906 2033 1039 2058 Adriano
1058 2033 1097 2058 1V
1116 2032 1218 2066 perche
1231 2035 1276 2058 in-

371 2077 448 2110 glese
466 2084 482 2102 e
501 2078 619 2110 pregato
638 2077 803 2101 vivamente
828 2075 864 2101 da
889 2076 940 2105 lui,
966 2077 1017 2101 che
1040 2076 1085 2109 gli
1109 2084 1156 2101 era
1182 2077 1275 2101 amico

371 2118 582 2149 dall’insanzia,
610 2119 776 2144 concedette
806 2118 841 2143 ad
869 2118 976 2143 Enrico
1004 2118 1274 2151 11'd’1ngh11terra‚

375 2160 388 2174 ⁶¹
398 2161 563 2186 Hiberniam
579 2162 640 2185 iure
648 2160 805 2185 ereditario
818 2159 1063 2193 possidendam...
1073 2177 1080 2185 .
1094 2161 1166 2185 Nam
1177 2168 1275 2185 omnes

374 2203 494 2228 “insule
513 2203 547 2228 de
566 2204 627 2228 iure
647 2204 769 2236 antiquo
783 2210 817 2227 ex
831 2203 993 2227 donacione
1012 2202 1212 2233 Constantini,
1226 2202 1276 2235 qui

375 2246 460 2272 “eam
480 2246 616 2271 fundavit
635 2247 664 2271 et
683 2246 814 2278 donavit,
836 2245 972 2270 dicuntur
991 2245 1028 2270 ad
1047 2245 1206 2271 Romanam
1233 2253 1274 2270 ec-

374 2290 388 2303 “
398 2290 514 2314 clesIam
533 2290 691 2323 pertinere}
705 2289 741 2313 cf.
756 2287 886 2313 01⁴va
895 2288 1008 2321 Josem
1021 2287 1197 2318 Tnarcmza,
1213 2290 1275 2314 &u-

373 2332 429 2356 ates
446 2339 545 2356 cancer.
564 2330 672 2356 Adria„
690 2331 744 2360 JV,
763 2331 822 2360 cit„
842 2338 868 2364 p.
892 2337 932 2355 12.

462 2371 469 2388 ¹
484 2374 570 2404 Boso,
583 2373 642 2398 Hb.
655 2372 765 2405 Pontis„
776 2373 812 2403 11,
825 2372 885 2406 389,
898 2375 960 2398 tace
973 2374 1066 2406 questi
1081 2373 1157 2403 fatti,
1169 2382 1195 2399 v.
1210 2381 1237 2398 n.
1252 2381 1277 2406 3.

461 2414 473 2432 ¹
491 2416 534 2441 La
553 2414 604 2449 pii:
622 2416 720 2441 antica
740 2416 851 2441 notizia
870 2416 899 2440 di
921 2414 1083 2448 “magister
1101 2415 1276 2441 Aschetinus

375 2459 624 2484 “archidiaconus
643 2458 811 2492 Cathanie„
833 2459 920 2483 risale
940 2459 967 2483 al
986 2460 1096 2492 giugno
1123 2466 1207 2492 11452
1232 2460 1276 2484 uf-

374 2502 439 2527 ficio
458 2502 508 2526 che
525 2502 567 2535 gli
588 2502 712 2526 rendeva
733 2508 803 2526 1200
822 2502 877 2526 tari
898 2501 979 2526 d’oro
1000 2501 1147 2526 all'annoz
1167 2508 1220 2534 400
1246 2503 1275 2526 in

374 2544 451 2569 vitto
471 2551 490 2569 o
508 2544 540 2568 ln
554 2544 661 2569 denaro
676 2544 722 2568 nel
737 2551 811 2569 mese
824 2544 853 2569 di
867 2545 979 2577 agosto‚
995 2550 1028 2576 50
1041 2551 1121 2569 come
1135 2544 1277 2576 prebenda

374 2587 451 2612 della
470 2587 565 2612 chiesa
584 2587 613 2611 dl
627 2586 655 2612 S.
669 2586 797 2612 Martino
811 2595 825 2611 e
838 2587 863 2611 ii
874 2587 1036 2611 rimanente
1048 2584 1123 2612 meta
1137 2595 1152 2612 a
1165 2586 1278 2619 Pasqua

374 2638 388 2655 e
408 2629 483 2655 meta
502 2637 519 2654 a
538 2630 655 2659 Natale;
676 2631 713 2655 cf.
733 2629 859 2662 Gutum,
882 2631 902 2654 Ι
915 2630 969 2655 doc.
988 2629 1060 2655 (ned.
1073 2629 1191 2662 dell¹Ep.
1208 2631 1276 2655 Nor-

376 2681 475 2697 manna
492 2673 522 2697 ln
541 2673 609 2702 Sic..
628 2674 685 2704 cit.,
707 2681 734 2706 p.
754 2677 802 2705 53;
824 2672 950 2704 CASPAR,
977 2672 1041 2704 Reg.
1063 2680 1090 2697 n.
1120 2671 1177 2704 198.
1215 2673 1277 2698 Due

376 2716 445 2741 anni
466 2715 552 2747 dopo,
572 2723 639 2740 nov.
662 2722 738 2748 1147,
758 2723 796 2740 un
816 2715 945 2748 diploma
973 2715 1118 2747 originale
1144 2715 1175 2739 di
1200 2714 1278 2748 Rug-

374 2759 455 2791 giero
474 2764 524 2791 per
543 2757 666 2782 Ravello
687 2758 717 2783 lo
738 2757 816 2783 dicer
836 2757 1068 2789 “Ascettinus„;
1089 2758 1112 2782 si
1133 2757 1190 2781 han
1209 2764 1279 2789 pure

377 2799 447 2825 altre
462 2800 551 2824 forme
573 2799 587 2814 a
597 2799 809 2833 Aschet[tinus]
823 2800 1098 2825 vicencancellarius
1110 2818 1122 2831 ,,
1139 2801 1169 2824 in
1184 2799 1278 2832 diplo-

376 2850 422 2868 ma
441 2843 515 2875 orig.
535 2842 566 2867 di
585 2842 802 2868 Montecassino
823 2842 867 2868 del
889 2850 985 2868 marzo
1010 2848 1076 2876 1155
1099 2841 1150 2874 (cf.
1169 2850 1196 2874 p.
1217 2847 1276 2874 237,

378 2893 406 2910 n.
426 2884 462 2919 7),
481 2892 497 2909 e
517 2883 707 2914 “Asketinus,
726 2885 918 2917 Ascettinus,
941 2885 986 2910 nel
1013 2885 1121 2919 placito
1148 2891 1162 2917 5
1189 2885 1280 2917 aprile

380 2934 456 2961 1155,
475 2928 548 2960 orig.
567 2927 654 2953 Arch.
674 2928 704 2952 di
723 2927 750 2953 S.
770 2927 876 2953 Nicola
895 2927 926 2952 di
946 2927 1011 2952 Bari
1032 2926 1108 2959 (Coa.
1131 2926 1196 2958 Dt'p.
1224 2927 1280 2951 Ba-

378 2977 441 3000 nu,
460 2969 519 2995 vol.
537 2970 571 2999 V,
592 2968 668 3004 ¹9²)=
690 2970 717 2994 la
730 2971 823 3003 prima
839 2970 931 2995 forma
952 2969 997 2995 nel
1016 2970 1101 2999 testo,
1115 2969 1143 2994 ln
1157 2968 1280 2994 secontia

380 3012 454 3038 nella
475 3013 713 3038 sottoscrizione.

1417 1479 1504 1511 Dopo
1529 1478 1558 1503 la
1584 1486 1634 1503 sua
1659 1478 1809 1511 prigionIa
1834 1478 1951 1503 l‘ufficio
1976 1479 2005 1503 di
2032 1478 2229 1504 Areldiacono

1329 1521 1359 1546 di
1379 1520 1504 1547 Catania
1524 1522 1554 1546 su
1574 1521 1641 1546 dato
1661 1521 1698 1546 ad
1717 1521 1825 1546 Enrico
1839 1521 2038 1555 Arist1ppo.11
2052 1521 2161 1547 celebre
2173 1523 2230 1547 tra·

1329 1563 1445 1589 duttore
1463 1564 1508 1589 dei
1529 1565 1583 1589 due
1602 1564 1734 1596 dialoghi
1753 1564 1906 1597 platonici,
1926 1564 2049 1589 Menone
2068 1572 2083 1589 e
2107 1563 2229 1594 Fedone,

1329 1607 1374 1632 del
1394 1607 1433 1631 1v
1452 1606 1529 1632 libro
1549 1607 1626 1632 della
1645 1606 1852 1639 Metereologia
1877 1607 1906 1632 di
1932 1606 2092 1633 Aristotele
2115 1614 2130 1632 e
2155 1606 2232 1632 della

1330 1650 1344 1664 ‘¹
1353 1649 1478 1675 Sintassi
1497 1649 1681 1675 Matematica
1692 1668 1705 1681 n
1722 1662 1755 1668 -—
1768 1650 1934 1682 Almageste
1946 1663 1980 1668 —
1994 1649 2023 1675 di
2038 1649 2163 1675 Claudlo
2175 1649 2231 1674 Το-

1329 1693 1441 1718 lomeo:
1459 1692 1496 1718 cf.
1510 1691 1565 1718 C1-1.
1578 1692 1612 1717 H.
1625 1691 1766 1724 Hamus,
1787 1692 1896 1717 Studia:
1907 1692 1938 1716 in
1954 1692 1998 1717 the
2012 1692 2124 1725 fflseory
2134 1689 2232 1723 dufl-

1328 1735 1436 1760 dz'aeval
1452 1734 1569 1764 Seianae,
1587 1735 1646 1764 cit„
1666 1742 1728 1768 cap.
1746 1734 1813 1759 VIII
1833 1743 1847 1759 e
1865 1734 1912 1760 IX.

1418 1775 1430 1793 ³
1449 1777 1536 1810 Boso,
1558 1777 1615 1803 Lib.
1628 1776 1742 1808 Pontis„
1755 1777 1789 1809 ΙΙ,
1810 1777 1945 1810 389-39o=
1961 1777 2090 1803 “Eodem
2102 1779 2231 1812 tempore

1332 1820 1345 1833 α
1356 1818 1431 1852 (εἰοὲ
1451 1820 1528 1845 neila
1545 1820 1657 1852 Pasqua
1670 1818 1750 1852 1155)
1769 1820 1940 1845 Wilhelmus
1952 1827 2003 1845 rex
2016 1820 2117 1846 Sicilie
2129 1821 2232 1846 contra

1332 1861 1346 1875 ‘¹
1357 1864 1475 1888 matrem
1494 1870 1525 1888 ac
1539 1863 1685 1888 dominam
1699 1870 1779 1888 suam
1789 1864 2001 1888 sacrosanctam
2015 1862 2176 1888 Romanam
2189 1870 2233 1887 ec-

1332 1905 1345 1919 “
1357 1905 1473 1930 clesiam
1492 1905 1653 1938 procaciter
1673 1912 1779 1930 cornua
1799 1905 1899 1934 erexit,
1918 1906 1947 1930 et
1966 1906 2140 1939 congregato
2153 1911 2233 1931 exer-

1332 1947 1417 1973 “citu
1441 1949 1547 1973 terram
1566 1948 1643 1973 beati
1663 1948 1743 1972 Petri
1767 1948 1915 1973 hostiliter
1942 1949 2011 1973 fecit
2037 1948 2146 1973 invadi.
2182 1947 2233 1972 Be·

1330 1991 1344 2005 “
1354 1992 1546 2016 neventanam
1560 1992 1656 2023 itaque
1667 1991 1815 2015 civitatem
1829 1991 2005 2023 aliquamdiu
2019 1991 2158 2016 exercItus
2171 1990 2232 2015 elus

1332 2033 1345 2046 ⁸
1358 2034 1471 2059 obsedit
1484 2036 1513 2059 et
1523 2034 1629 2066 burgos
1644 2035 1703 2058 eius
1719 2034 1864 2064 incendit3
1878 2034 1980 2058 deinde
1992 2033 2061 2058 fines
2075 2032 2233 2066 CampanIe

1330 2076 1497 2102 “violenter
1516 2076 1692 2109 ingrediens,
1711 2076 1813 2101 villam
1833 2075 1975 2109 Ceperani
1994 2078 2022 2101 et
2042 2078 2167 2101 castrum
2178 2076 2232 2101 Ba-

1334 2119 1459 2144 “bucum
1479 2121 1563 2152 atque
1582 2119 1643 2144 alia
1670 2119 1815 2144 inmunita
1841 2119 1905 2144 loca
1932 2119 2139 2144 nichilominus
2164 2125 2234 2143 con-

1332 2161 1505 2186 “cremavit.
1542 2161 1598 2186 Pro
1623 2162 1682 2186 hiis
1706 2168 1775 2193 ergo
1800 2162 1829 2186 et
1853 2161 1922 2186 aliis
1946 2161 2063 2186 offensis
2087 2159 2233 2194 predictus

1333 2204 1504 2229 “Adrianus
1524 2211 1598 2237 papa
1616 2203 1696 2229 Petri
1720 2204 1849 2237 gladium
1875 2211 1991 2228 exerens
2017 2203 2111 2236 ipsum
2137 2209 2231 2236 regem

1332 2247 1666 2272 “excommunicationis
1685 2254 1820 2271 mucrone
1838 2246 1980 2280 percussit
1989 2263 2012 2278 ,.
2049 2236 2071 2270 Ε
2091 2246 2162 2271 bene
2188 2252 2235 2270 av·

1331 2289 1436 2314 vertire
1455 2290 1506 2314 che
1524 2290 1556 2315 di
1575 2290 1727 2323 proposito
1747 2289 1843 2322 scelgo
1858 2290 1866 2313 i
1881 2289 2021 2314 riscontri
2035 2289 2065 2313 in
2079 2295 2138 2314 una
2150 2287 2233 2313 fonte

1331 2332 1526 2357 ecclesIastica
1545 2332 1677 2357 ufficiale.

1420 2373 1430 2390 ⁴
1453 2375 1539 2406 Boso,
1563 2374 1621 2400 La.
1648 2373 1763 2405 Pontis„
1788 2374 1824 2406 11,
1849 2381 1918 2407 393:
1939 2373 2070 2399 “Eodem
2095 2375 2235 2407 tempore,

1333 2417 1538 2451 “supradictus
1557 2425 1607 2442 rex
1625 2417 1735 2447 Sicilie,
1757 2419 1909 2451 postquam
1923 2416 2234 2442 excommunicationis

1333 2460 1500 2486 “sententia
1525 2468 1674 2494 percussus
1698 2462 1750 2491 est,
1777 2462 1806 2485 in
1833 2462 2001 2492 contemptu
2014 2460 2092 2492 cepit
2103 2459 2202 2484 haberi
2217 2466 2233 2484 a

1334 2502 1348 2516 ⁸
1358 2504 1431 2532 suis;
1450 2505 1480 2528 et
1498 2511 1561 2528 cum
1582 2503 1708 2528 salubria
1726 2502 1854 2528 fidelium
1873 2509 1990 2528 suorum
2004 2502 2129 2527 consilia
2144 2502 2180 2527 de
2191 2509 2233 2527 sa-

1334 2545 1527 2571 “tisfactione
1550 2546 1703 2579 prestanda
1726 2546 1949 2579 contempneret,
1974 2545 2006 2570 in
2033 2552 2083 2570 sua
2107 2544 2234 2570 elatione

1332 2586 1346 2600 ⁸
1359 2595 1390 2612 ac
1410 2587 1546 2612 fatuitate
1560 2588 1618 2612 fere
1631 2587 1710 2612 solus
1724 2588 1869 2613 remansit.
1906 2585 2021 2619 Quippe
2036 2587 2160 2611 maiores
2171 2585 2234 2611 eius

1335 2630 1478 2655 “comites
1497 2632 1584 2662 atque
1601 2630 1725 2655 barones
1745 2637 1808 2655 cum
1828 2630 1986 2655 maioribus
2005 2629 2113 2662 Apulie
2132 2629 2234 2654 civita-

2251 815 2291 848 10

2254 1082 2292 1115 15

2259 1655 2293 1683 45

2260 1870 2295 1897 5⁰

2260 2083 2293 2110 55

1335 2673 1436 2698 “tibus
1455 2674 1505 2698 ubi
1525 2682 1540 2698 a
1559 2675 1642 2699 tanta
1660 2681 1722 2698 eum
1742 2675 1930 2707 perversitate
1950 2680 2082 2698 revocare
2108 2672 2235 2697 nullate·
2273 2685 2283 2696 ·

1334 2716 1346 2728 ‘⁴
1358 2723 1410 2740 nus
1429 2717 1594 2748 potueruut,
1612 2723 1646 2741 eo
1666 2716 1769 2741 relicto
1795 2716 1920 2740 nuncios
1940 2722 2007 2740 suos
2036 2715 2070 2740 ad
2096 2714 2234 2739 domnum

1331 2759 1344 2772 “
1355 2758 1517 2784 Adrianum
1538 2766 1641 2792 papam
1660 2760 1799 2791 tanquam
1818 2758 1854 2783 ad
1873 2758 2064 2792 principalem
2083 2757 2231 2783 dominum

1335 2800 1549 2831 “destinarunt‚
1578 2803 1713 2834 rogantes
1741 2802 1773 2826 ut
1800 2800 1837 2826 ad
1856 2801 1951 2834 partes
1972 2800 2038 2825 illas
2065 2799 2235 2832 dIgnaretur

1335 2842 1490 2868 “accedere
1507 2845 1536 2868 et
1555 2845 1659 2868 terram
1680 2844 1780 2876 ipsam,
1806 2849 1859 2875 que
1880 2843 1951 2867 iuris
1970 2842 2046 2867 beati
2070 2841 2137 2866 Petr
2162 2841 2234 2867 iesse

1335 2885 1531 2916 “dinoscItur,
1551 2894 1582 2911 ac
1601 2893 1738 2920 personas
1763 2888 1791 2911 et
1815 2893 1913 2911 eorum
1937 2886 2013 2910 bona
2040 2886 2069 2910 in
2096 2891 2181 2910 manu
2206 2886 2235 2909 et

1334 2929 1500 2961 “potestate
1521 2936 1572 2954 sua
1591 2930 1730 2963 reciperet
1740 2945 1766 2961 „.
2060 2936 2077 2946 -

1423 2972 1434 2989 ⁵
1451 2971 1516 2997 Uoo
1535 2971 1708 3001 Fanemno,
1727 2971 1770 2996 ed.
1790 2971 1848 3001 cit„
1868 2978 1894 3003 p.
1918 2978 1947 2995 ιι
1969 2979 1983 2995 e
2003 2977 2044 3003 sg.

1424 3010 1435 3027 θ
1455 3012 1540 3042 inan,
1561 3020 1608 3046 pp.
1630 3013 1718 3038 18·2o.

2262 2717 2297 2743 70

2264 2930 2295 2957 75
