2398 3470
419 369 558 401 minem.
604 367 688 399 Post
710 366 778 398 hec
801 376 879 398 cum
896 364 1030 397 senatui
1044 362 1188 406 populo,
1204 367 1379 405 postremo
1404 361 1538 394 cunctis
1562 361 1721 394 amabilis
1744 372 1785 395 ac
1800 361 1973 405 jocundus
1996 367 2099 402 esset,
2114 362 2286 406 profluuio

418 422 547 455 uentris
570 421 741 453 extinctus
764 425 816 452 est
838 419 873 450 in
896 418 979 450 uilla
1002 417 1154 460 propria,
1178 416 1272 448 circa
1304 415 1463 454 Sabinos,
1489 425 1598 448 annos
1620 426 1729 459 agens
1753 415 1852 448 etatis
1875 425 1966 448 thx
1988 416 2204 460 principatus
2233 418 2286 450 sui

421 485 512 508 anno
536 484 629 507 nono
653 473 710 506 die
734 478 860 505 octauo
873 471 893 504 ¹.
939 471 1037 503 Beda
1059 469 1177 503 scribit
1200 469 1298 501 illum
1322 478 1486 511 regnasse
1510 469 1609 502 annis
1631 478 1682 508 xr,
1705 468 1831 501 mensis
1854 478 1905 509 x1,
1929 469 2005 502 dies
2027 478 2109 502 xxn
2122 470 2144 503 ¹.

269 527 318 567 „asc
335 526 380 566 ⁴825}
505 529 609 561 Anno
632 525 810 560 dominice
833 523 1083 558 incarnationis
1113 522 1269 554 LXXXI
1301 526 1336 553 et
1367 531 1458 553 anno
1489 522 1534 555 ab
1557 522 1644 555 urbe
1674 522 1817 555 condita
1843 522 2140 557 DCCCXXVIII.
2185 524 2287 558 Titus

420 581 628 624 Vespasiani
648 580 757 618 filius,
789 577 981 622 segregatis
1004 587 1025 608 a
1055 585 1198 608 numero
1229 574 1427 617 principum
1458 575 1599 608 Othone
1631 581 1666 608 et
1689 575 1844 615 Vitellio,
1871 575 1915 608 ab
1945 574 2106 619 Augusto
2130 584 2285 619 octauus,

422 634 561 668 biennio
586 639 620 666 et
642 631 777 665 duobus
799 630 972 664 mensibus
994 635 1074 672 post
1095 634 1229 671 patrem
1251 628 1414 671 regnauit
1425 627 1448 668 ³,
1473 628 1532 671 qui
1556 634 1591 661 et
1614 629 1851 672 Vespasianus
1874 635 1926 662 est
1948 628 2071 669 dictus,
2102 630 2183 663 “uir
2212 640 2286 664 om.

423 691 437 707 “
451 689 545 721 nium
567 687 731 719 uirtutum
755 695 884 728 genere
907 682 1084 722 mirabilis,
1108 682 1197 714 adeo
1221 687 1258 713 ut
1275 691 1372 714 amor
1387 687 1423 714 et
1445 681 1573 715 delicie
1595 682 1736 715 humani
1759 682 1899 726 generis
1923 683 2158 724 diceretur„⁴.
2204 683 2288 718 Fuit
2326 684 2328 686 ’

419 742 548 785 quippe
577 737 876 782 eloquentissimus
889 736 901 756 ⁵
931 735 1220 773 bellicosissimus,
1252 734 1554 768 moderatissimus.
1601 736 1641 768 In
1672 736 1933 780 oppugnatione
1964 736 2287 782 Hierusolymorum

419 794 481 827 sub
503 799 602 837 patre
625 792 784 831 militans,
816 790 1002 823 duodecim
1030 793 1318 831 propugnatoreS,
1351 787 1537 821 duodecim
1568 789 1822 833 sagittariorum
1845 789 1971 822 ictibus
2002 790 2177 830 occidit⁶3
2208 801 2288 825 suos

300 865 320 879 c.
337 858 381 883 77⁶
419 857 539 881 omnes
561 847 597 879 in
620 851 752 878 tantum
777 843 906 882 dilexit,
922 848 960 874 ut
981 842 1114 874 nullum
1130 840 1269 872 omnino
1286 840 1497 874 interficeret
1509 840 1531 875 ⁷.
1578 841 1781 875 Conuictos'
1798 843 1964 876 aduersus
1982 854 2020 876 se
2037 844 2288 888 conjurationis

417 900 555 939 dimisit,
580 905 614 931 et
637 899 672 930 in
696 898 819 930 eodem
843 895 1075 928 familiaritate
1097 893 1175 926 illos
1198 893 1329 934 habuit,
1353 905 1423 938 qua
1444 895 1541 937 prius
1564 894 1734 928 habuerat
1746 894 1770 928 ⁸.
1815 896 1931 929 Tante
1955 896 2025 929 fuit
2047 896 2228 940 largitatis,
2250 904 2289 931 ut

418 963 496 984 cum
520 949 606 982 nulli
629 949 816 992 quicquam
839 951 995 990 negaret,
1018 952 1053 978 et
1077 944 1120 977 ab
1145 944 1266 977 amicis
1296 951 1441 988 propter
1465 946 1533 978 hoc
1557 946 1884 989 reprehenderetur,
1912 947 2134 990 respondisse
2157 949 2287 982 fertur:

417 1003 549 1035 nullum
573 1001 701 1033 debere
725 999 769 1032 ab
794 999 1008 1040 Imperatore
1031 997 1164 1029 tristem
1188 995 1384 1029 discedere.
1431 996 1499 1029 Hic
1532 1007 1611 1030 cum
1642 998 1793 1041 quadam
1816 998 1874 1031 die
1904 999 2110 1032 recordatus
2131 1000 2169 1032 in
2200 1010 2290 1033 cena

418 1054 550 1092 fuisset,
573 1051 658 1084 nulli
680 1060 718 1083 se
742 1050 801 1082 illo
825 1049 882 1081 die
906 1048 1092 1091 quicquam
1121 1047 1323 1090 prestitisse,
1356 1047 1457 1080 dixit:
1481 1047 1608 1088 Amici,
1632 1048 1740 1081 hodie
1764 1049 1857 1082 diem
1879 1049 2027 1092 perdidi.
2073 1050 2143 1083 Iste
2174 1051 2290 1084 Rome

419 1106 684 1149 amphiteatrum
706 1102 891 1141 edificanst,
917 1107 951 1134 et
974 1101 1126 1144 quinque
1150 1100 1243 1132 milia
1265 1100 1420 1133 ferarum
1443 1101 1480 1133 in
1504 1101 1578 1145 ejus
1602 1101 1824 1135 dedicatione
1849 1102 1979 1136 occidit
1991 1101 2014 1136 ⁹.
2059 1103 2144 1137 Post
2166 1105 2234 1137 hec
2253 1104 2290 1138 in

422 1161 544 1194 eadem
567 1158 659 1196 uina,
684 1168 752 1200 qua
775 1162 809 1188 et
832 1161 931 1199 pater
954 1155 1039 1199 ejus,
1063 1153 1184 1186 morbo
1207 1159 1362 1186 mortuus
1385 1160 1452 1193 est3
1477 1160 1592 1188 tantus
1614 1161 1739 1194 autem,
1764 1166 1808 1188 eo
1831 1162 1978 1197 mortuo,
2001 1157 2117 1190 luctus
2130 1157 2291 1201 publicus

240 1227 312 1247 Linus
323 1228 384 1251 papa
420 1214 496 1252 fuit,
513 1218 550 1245 ut
573 1220 694 1244 omnes
718 1208 891 1242 doluerint
913 1214 1086 1251 tamquam
1109 1208 1145 1239 in
1167 1207 1310 1250 propria
1334 1207 1480 1241 orbitate
1494 1207 1527 1241 ¹⁰.
1574 1208 1687 1252 Hujus
1709 1214 1823 1242 autem
1845 1209 1981 1253 imperii
2003 1221 2097 1243 anno
2124 1211 2291 1251 secundo,

239 1280 314 1300 Clelus
327 1281 387 1304 papa
424 1266 619 1300 decedente
649 1263 739 1297 Lino
771 1272 873 1305 papa,
905 1260 1025 1294 Cletus
1047 1261 1186 1293 natione
1217 1271 1391 1301 romanus,
1418 1271 1462 1294 ex
1493 1268 1593 1305 patre
1620 1262 1792 1296 Emiliano
1823 1263 2058 1306 pontificalem
2089 1265 2291 1298 cathedram

421 1318 683 1365 gubernandam
706 1317 868 1359 suscepit,
892 1315 1049 1358 seditque
1074 1325 1183 1348 annos
1206 1324 1248 1347 1x
1271 1325 1425 1348 mensem
1449 1327 1565 1350 unum.
1611 1316 1681 1350 Hic
1706 1316 1879 1350 ordinauit
1902 1327 1980 1350 xxv
2001 1317 2139 1352 Titulos
2153 1318 2190 1351 in
2203 1318 2291 1352 urbe

421 1375 547 1413 Roma,
571 1377 606 1404 et
628 1370 686 1402 hic
709 1369 865 1402 martirio
898 1373 1082 1401 coronatus
1106 1374 1159 1401 est
1190 1374 1225 1400 et
1247 1368 1403 1411 sepultus
1424 1369 1523 1413 juxta
1553 1379 1680 1413 corpus
1703 1369 1796 1402 beati
1827 1369 1923 1403 Petri
1950 1370 1986 1403 in
2015 1371 2200 1411 Vaticano,
2231 1371 2292 1406 ubi
2314 1373 2359 1405 20

424 1434 460 1462 et
482 1428 592 1460 Linus
606 1425 639 1457 ¹².

2315 845 2354 878 10

2317 1104 2354 1138 15
2369 1115 2372 1116 ⁷

265 1473 335 1520 „⁸35-
351 1474 377 1519 ssg
502 1478 599 1514 Anni
622 1477 763 1510 Domini
785 1475 987 1509 Lxxxffl.
1034 1476 1138 1509 Anno
1170 1476 1214 1509 ab
1246 1475 1332 1508 urbe
1365 1476 1506 1509 condita
1531 1476 1777 1520 Dcccxxx.
1823 1477 2042 1512 Domitianus
2078 1479 2187 1513 stater
2217 1479 2292 1513 Titi
2341 1486 2343 1489 ·
2396 1466 2398 1496 ¹

420 1535 544 1580 junior,
569 1531 613 1565 ab
635 1531 793 1574 Augusto
817 1539 927 1562 nonus
940 1529 973 1569 ¹²,
990 1530 1137 1568 Neroni,
1156 1536 1213 1562 aut
1231 1529 1402 1563 Callicule
1418 1530 1563 1563 similior
1579 1540 1684 1574 quam
1698 1530 1803 1574 patri,
1826 1537 1886 1564 aut
1908 1531 2018 1571 fratri,
2035 1538 2109 1565 toto
2124 1533 2294 1566 successit
2348 1546 2351 1550 ·

422 1590 458 1621 in
475 1597 620 1632 regnum
632 1584 668 1618 ¹³.
702 1585 771 1616 Hic
786 1583 953 1627 paulatim
967 1594 1032 1626 per
1048 1592 1098 1615 xv
1114 1593 1236 1623 annos,
1253 1582 1378 1627 quibus
1393 1584 1566 1627 regnauit,
1583 1594 1647 1627 per
1663 1594 1783 1618 omnes
1795 1585 1967 1618 scelerum
1983 1586 2112 1630 gradus
2127 1586 2293 1620 excreuit.

374 1660 387 1673 a
425 1641 549 1674 Primis
571 1647 720 1683 namque
744 1637 852 1669 an'nis
874 1637 1075 1670 moderatus
1098 1637 1244 1679 imperio
1261 1632 1346 1675 ‘suin
1377 1648 1459 1670 mox
1482 1638 1529 1671 ad
1551 1637 1706 1682 ingentia
1732 1638 1818 1672 uitia
1839 1639 2009 1683 prorupit,
2032 1639 2197 1681 libidinis,
2225 1640 2294 1673 ira-
2355 1646 2362 1649 ·

424 1695 562 1733 cundie,
586 1691 810 1729 crudelitatis,
834 1690 991 1723 auaritie.
1037 1690 1190 1723 Tantum
1212 1690 1248 1722 in
1264 1700 1302 1723 se
1320 1691 1402 1723 odia
1426 1691 1624 1732 concitauit,
1647 1698 1685 1725 ut
1707 1692 1832 1725 merito
1848 1692 1956 1735 patris
1971 1702 2109 1733 nomen,
2126 1699 2162 1727 et
2176 1693 2295 1729 tranis

421 1747 577 1781 aboleret
589 1745 625 1778 ¹⁴.
664 1743 837 1787 Superbia
860 1753 999 1787 quoque
1023 1743 1136 1776 effera
1157 1743 1196 1775 in
1219 1753 1262 1776 eo
1285 1743 1492 1777 execrabilis
1515 1744 1595 1778 fuit.
1635 1745 1871 1779 Consobrinos
1893 1756 1974 1779 suos
1996 1745 2216 1788 interfecit¹‘‚
2232 1757 2295 1780 no-

423 1800 605 1835 bilissimos
629 1808 673 1830 ex
694 1802 817 1830 senatu
845 1796 977 1829 inuidie
1007 1796 1110 1829 simul
1140 1807 1182 1829 ac
1206 1797 1317 1840 prede
1351 1807 1457 1830 causa
1488 1797 1577 1831 alios
1607 1798 1724 1841 palam
1755 1798 1943 1838 interfecit,
1974 1799 2062 1833 alios
2092 1800 2130 1833 in
2152 1799 2294 1833 exilium

1249 1848 1370 1856 ο...

424 1902 595 1938 Plurimas
617 1900 712 1933 urbis
735 1900 830 1940 edes,
854 1899 1040 1933 destructis
1062 1900 1184 1943 populi
1206 1900 1359 1933 Romani
1374 1900 1489 1940 rebus,
1505 1901 1665 1935 extruxit.
1703 1902 1841 1935 Bellum
1860 1903 2029 1935 aduersus
2051 1903 2246 1936 Germanos
2261 1909 2296 1937 et

422 1956 541 1988 Dacos
564 1953 681 1997 gessit,
704 1951 782 1995 pari
813 1950 1009 1994 reipublice
1040 1952 1211 1994 pernicie,
1244 1962 1324 1984 cum
1354 1953 1392 1985 in
1422 1950 1509 1986 urbe
1534 1952 1610 1996 ipse
1641 1959 1798 1986 senatum
1828 1954 2066 1998 populumque
2089 1954 2239 1988 laniaret
2261 1960 2297 1988 et

425 2005 510 2039 soris
533 2005 623 2037 male
647 2004 894 2035 circumactum
919 2003 1109 2035 exercitum
1132 2003 1269 2036 assidua
1293 2005 1412 2037 hostes
1436 2004 1524 2037 cede
1550 2005 1764 2038 conficerent
1775 2003 1809 2038 ¹⁸.
1843 2005 2062 2038 Domitianus
2085 2011 2201 2039 tamen
2216 2016 2296 2049 pra-
2351 2026 2355 2031 ‹

426 2057 563 2090 uissima
586 2056 698 2088 elatus
717 2053 897 2098 jactantia,
921 2053 984 2086 sub
1009 2055 1148 2087 nomine
1165 2061 1405 2098 superatorum
1421 2055 1580 2095 hostium,
1606 2056 1651 2089 de
1676 2057 1836 2090 extinctis
1858 2057 1894 2089 in
1916 2057 2036 2101 preliis
2057 2057 2296 2091 Romanorum

428 2106 620 2152 legionibus
642 2105 876 2148 triumphauit.
922 2105 988 2137 His
1009 2106 1047 2137 in
1069 2111 1200 2138 tantam
1222 2106 1419 2139 suberbiam
1443 2106 1626 2150 prolapsus
1647 2107 1726 2147 fuit,
1749 2114 1789 2142 ut
1810 2108 1996 2142 Dominum
2019 2118 2094 2142 sese
2118 2118 2160 2141 ac
2183 2108 2297 2142 Deum
2347 2141 2351 2143 .

426 2161 560 2200 uocari,
582 2159 697 2199 scribi,
721 2159 859 2203 colique
883 2158 1021 2203 jusserit
1033 2158 1065 2192 ¹⁷.

519 2271 544 2297 3.
563 2267 666 2290 octaua
689 2265 712 2289 C
729 2279 760 2283 —
780 2271 805 2296 4.
825 2264 912 2289 Anno
931 2264 1051 2289 Domitii
1074 2264 1098 2289 C
1113 2278 1148 2283 —
1169 2270 1192 2297 5.
1207 2265 1315 2291 Ottone
1338 2265 1361 2290 C
1376 2279 1388 2286 —
1407 2266 1523 2292 Bstelllo
1547 2266 1570 2291 C
1587 2280 1620 2285 —
1632 2265 1689 2298 6-7.
1708 2267 1788 2292 omni
1812 2267 1878 2292 0—-
1894 2274 1935 2292 11.
1953 2266 2051 2299 caopo
2068 2273 2120 2300 qut
2139 2267 2292 2300 aggiungae:
2347 2267 2352 2281 ἶ

430 2310 458 2334 et
478 2321 511 2326 -
534 2314 574 2333 12.
592 2307 700 2332 feratur
718 2308 745 2331 B
764 2319 797 2324 —
819 2312 860 2339 15.
879 2307 1091 2339 anphlteatrum
1115 2308 1138 2332 C
1156 2321 1188 2326 -—
1210 2313 1251 2340 17.
1270 2310 1406 2342 tanquam
1431 2309 1455 2333 C
1472 2322 1505 2327 —
1527 2309 1569 2335 18.
1589 2309 1749 2334 Emelliano
1773 2309 1796 2334 C
1813 2323 1845 2327 —
1869 2317 1910 2341 19.
1924 2316 2019 2334 mense
2038 2315 2051 2334 1
2073 2309 2096 2334 C
2108 2322 2141 2327 —
2160 2315 2203 2334 22.
2216 2315 2295 2334 anno
2346 2332 2349 2333 γ

430 2351 464 2375 ab
484 2350 683 2375 incarnatione
701 2349 821 2374 Domini
844 2349 867 2373 C
877 2361 888 2367 —
901 2349 1087 2375 Domicianus
1105 2350 1131 2373 B
1144 2350 1167 2374 C
1177 2364 1211 2369 —
1226 2357 1269 2383 ²4·
1288 2358 1377 2384 regno
1389 2351 1416 2375 B
1429 2365 1462 2369 —
1478 2357 1519 2383 25.
1539 2351 1653 2385 inperio
1675 2351 1698 2375 C
1714 2364 1727 2370 -
1745 2353 1875 2385 ingencia
1893 2353 1969 2377 uicis
1987 2351 2014 2375 B
2027 2351 2051 2376 C
2062 2365 2094 2370 -
2110 2350 2152 2378 26.
2164 2350 2251 2376 hodio
2274 2350 2299 2375 C
2339 2371 2342 2374 ⁴

431 2406 464 2411 —
485 2399 527 2424 29.
547 2392 773 2425 intemperancIa
791 2392 818 2416 B
831 2391 854 2415 C
873 2406 904 2411 —
923 2398 966 2424 30.
985 2392 1123 2418 adversus
1142 2399 1275 2418 romanos
1288 2393 1316 2418 B
1328 2406 1361 2411 —
1376 2400 1421 2426 31.
1439 2394 1650 2427 plurimumque
1673 2394 1697 2418 C
1709 2397 1760 2425 per
1777 2394 1968 2428 populumque
1987 2407 2019 2412 -—
2040 2401 2084 2427 32.
2108 2393 2295 2420 Domielnnun

389 2441 402 2466 5
431 2435 524 2460 autem
547 2434 613 2458 C-
633 2439 676 2465 34.
696 2434 723 2458 Is
741 2434 804 2458 BC

523 2518 531 2535 ¹
552 2520 731 2552 Eur-Romus,
750 2521 811 2552 VII,
832 2527 875 2547 2ο.
893 2527 912 2546 κ
924 2519 993 2553 pero
1013 2528 1072 2546 non
1091 2528 1175 2553 segue
1195 2521 1337 2555 Eutropio
1471 2521 1491 2538 ¹¹
1510 2522 1567 2548 La.
1587 2523 1675 2552 Pone..
1694 2523 1764 2549 ediz.
1789 2523 1948 2554 Duehane,
1973 2523 1994 2552 1,
2024 2529 2088 2548 1²2:
2110 2521 2188 2549 ”....
2200 2520 2298 2548 Cletufl
2337 2523 2342 2550 ᾗ

434 2563 661 2588 ordinatamente
679 2563 933 2597 nell’eaposizione,
952 2563 1072 2588 sebbene
1090 2564 1118 2588 10
1138 2563 1226 2598 copll.
1392 2565 1406 2580 ¹¹
1417 2565 1535 2591 natione
1556 2566 1759 2592 Romanum...
1783 2573 1817 2590 ex
1838 2567 1918 2599 patre
1939 2566 2116 2592 Emiliano..
2128 2583 2151 2592 ..
2170 2564 2298 2597 seditque
2331 2562 2336 2596 J
2359 2583 2368 2592 η

526 2603 538 2620 ²
556 2606 645 2637 Bana,
663 2608 702 2637 op.
722 2606 781 2634 cit„
799 2613 827 2638 p.
851 2612 909 2631 110.
1393 2607 1509 2633 ⁴¹annos
1529 2614 1583 2639 xxx,
1610 2615 1645 2633 m.
1672 2614 1692 2639 1,
1713 2607 1739 2633 d.
1765 2614 1860 2634 x1....
1880 2607 2020 2642 Martyrio
2045 2608 2209 2634 coronatur.
2246 2606 2299 2632 ch

523 2645 534 2662 ³
553 2647 691 2679 onosma
711 2648 772 2677 vn,
792 2656 818 2681 9,
841 2655 871 2680 ¹3
892 2648 933 2681 (p.
954 2647 1027 2679 251).
1391 2649 1476 2674 “xxv
1495 2650 1667 2682 prenbsteros
1687 2649 1837 2675 ordinatos
1862 2650 1893 2674 ln
1911 2650 1980 2675 urbe
2002 2650 2155 2675 Roma....
2252 2649 2300 2674 tm

378 2702 408 2718 10
524 2687 537 2704 ⁴
556 2690 645 2720 Bana,
670 2693 709 2722 op.
729 2691 785 2718 cit..
805 2697 831 2723 p.
853 2697 918 2721 1113
944 2697 990 2715 ma
1014 2691 1091 2715 Beda
1115 2691 1201 2723 copia
1225 2691 1339 2716 Ευτκο·
1393 2691 1462 2716 “est
1480 2691 1562 2717 luxta
1579 2698 1684 2726 corpus
1704 2691 1779 2717 beati
1800 2691 1880 2716 Petri
1898 2692 1930 2716 in
1951 2692 2218 2724 Vaticanum....„.
2356 2687 2358 2689 ’

437 2738 510 2762 rius,
530 2731 590 2763 VII,
610 2738 641 2756 21
663 2732 701 2765 (p.
724 2733 795 2765 13²)·
1472 2729 1495 2746 ¹²
1515 2731 1655 2763 Οκοειυε,
1675 2731 1737 2763 vn,
1760 2738 1800 2762 10,
1824 2738 1835 2756 1
1857 2731 1896 2765 (p.
1917 2731 1991 2764 251).

525 2772 536 2789 ⁵
556 2774 739 2799 Eurxomus:
759 2774 772 2787 ‘⁴
784 2774 1006 2800 facundissImus
1018 2793 1042 2808 η.
1472 2771 1494 2789 ¹³
1514 2773 1600 2805 inam,
1614 2773 1668 2799 loc.
1681 2773 1747 2805 cit.;
1760 2774 1941 2804 Eun-onus,
1954 2773 2016 2804 vn,
2031 2779 2064 2806 ²3
2084 2772 2124 2807 (p.
2139 2773 2210 2807 134).

526 2813 538 2831 ⁶
558 2816 642 2847 Inna,
656 2817 708 2842 loc.
721 2818 784 2842 cit.:
800 2817 1059 2849 “....sagtttarum
1073 2817 1176 2842 lctibus
1189 2817 1306 2842 confixit
1314 2835 1339 2849 ῃ,
1470 2813 1491 2831 ¹⁴
1511 2815 1686 2846 Eunomus,
1704 2816 1760 2841 loc.
1778 2815 1827 2840 cit.
1846 2822 1866 2840 ιι
1884 2816 1991 2840 omette
2012 2814 2044 2839 ln
2069 2812 2182 2848 segulto
2201 2814 2299 2840 alcuni
2336 2835 2338 2837 .

525 2856 536 2872 ⁷
557 2857 583 2881 R
601 2858 759 2892 parati-asa,
779 2859 882 2884 Orosio
901 2866 916 2883 e
937 2859 1084 2892 Eutropio.
1394 2857 1516 2891 perlodi.

378 2912 408 2938 15
525 2897 537 2914 ⁸
556 2899 646 2925 Inam:
666 2900 782 2926 “....ut
800 2901 830 2924 in
850 2901 948 2925 eadem
973 2899 1185 2932 familiaritate,
1210 2907 1265 2933 qua
1289 2908 1341 2926 an·
1473 2897 1496 2915 ¹⁵
1514 2900 1601 2931 Imm,
1621 2901 1678 2925 loc.
1698 2900 1746 2924 cit.

439 2939 452 2953 ‘¹
465 2942 520 2973 toa,
538 2941 670 2966 habuerit
680 2959 702 2974 „.
1473 2938 1496 2956 ¹⁶
1516 2940 1655 2971 ottonum,
1675 2940 1736 2972 VH,
1759 2947 1799 2972 ιο,
1819 2947 1834 2966 2
1847 2948 1863 2967 e
1875 2947 1900 2972 3,
1914 2942 1996 2973 quasi
2009 2941 2067 2966 alla
2083 2941 2193 2967 lettera.
2342 2965 2346 2967 .

526 2981 537 2997 ⁹
556 2982 639 3014 luxu,
659 2983 719 3015 v11,
739 2991 782 3009 21.
1474 2980 1497 2998 ¹⁷
1516 2982 1589 3007 Fino
1609 2989 1626 3007 a
1645 2983 1881 3015 “triumphavlt„
1894 2990 1911 3007 R
1925 2984 1961 3008 ha
1979 2983 2097 3017 copiato
2115 2983 2171 3008 alla
2188 2981 2299 3014 lettera,

521 3022 542 3040 ¹⁰
560 3024 645 3056 Inna,
659 3025 719 3056 VII,
734 3032 766 3050 22
781 3025 822 3058 (p.
838 3026 911 3059 134),
923 3027 971 3060 qul
983 3033 1001 3051 R
1014 3028 1091 3052 muts
1103 3027 1220 3059 qualche
1234 3027 1342 3059 pax-ola.
1396 3026 1443 3052 nel
1461 3028 1537 3052 resto
1557 3025 1595 3050 ha
1614 3025 1793 3060 pax-arrunte
1812 3026 1823 3050 1
1842 3025 1873 3059 ἐς
1892 3033 1910 3058 4
1929 3033 1944 3051 ο
1964 3031 1978 3058 5
1998 3025 2029 3051 dl
2047 3025 2164 3053 Orouio-
