<?xml version="1.0" encoding="UTF-8"?>
<!DOCTYPE html PUBLIC "-//W3C//DTD XHTML 1.0 Transitional//EN"
    "http://www.w3.org/TR/xhtml1/DTD/xhtml1-transitional.dtd">
<html xmlns="http://www.w3.org/1999/xhtml" xml:lang="en" lang="en">
 <head>
  <title>
</title>
<meta http-equiv="Content-Type" content="text/html;charset=utf-8" />
  <meta name='ocr-system' content='tesseract 3.04.00' />
  <meta name='ocr-capabilities' content='ocr_page ocr_carea ocr_par ocr_line ocrx_word'/>
</head>
<body>
  <div class='ocr_page' id='page_1' title='image "./rerumitalicarums71murauoft_0100.png"; bbox 0 0 2398 3470; ppageno 0'>
   <div class='ocr_carea' id='block_1_1' title="bbox 100 209 2207 262">
    <p class='ocr_par' dir='ltr' id='par_1_1' title="bbox 100 209 2207 262">
     <span class='ocr_line' id='line_1_1' title="bbox 100 209 2207 262; baseline -0.001 -6"><span class='ocrx_word' id='word_1_1' title='bbox 100 230 296 261; x_wconf 43' lang='grc' dir='ltr'><strong>»ΛΜΝ-3,</strong></span> <span class='ocrx_word' id='word_1_2' title='bbox 339 220 387 260; x_wconf 85' lang='lat'><strong>28</strong></span> <span class='ocrx_word' id='word_1_3' title='bbox 923 209 1223 258; x_wconf 64' lang='lat' dir='ltr'><strong>ROMUALDI&#39;</strong></span> <span class='ocrx_word' id='word_1_4' title='bbox 1252 217 1618 256; x_wconf 86' lang='lat' dir='ltr'>SALERN1TAN1</span> <span class='ocrx_word' id='word_1_5' title='bbox 1834 221 1920 261; x_wconf 53' lang='grc' dir='ltr'><strong>[μ</strong></span> <span class='ocrx_word' id='word_1_6' title='bbox 1942 232 1984 254; x_wconf 61' lang='lat' dir='ltr'><strong>m</strong></span> <span class='ocrx_word' id='word_1_7' title='bbox 2005 223 2207 262; x_wconf 58' lang='grc' dir='ltr'><strong>ειυς-πμ]</strong></span> 
     </span>
    </p>
   </div>
   <div class='ocr_carea' id='block_1_2' title="bbox 216 350 2268 823">
    <p class='ocr_par' dir='ltr' id='par_1_2' title="bbox 216 350 2205 557">
     <span class='ocr_line' id='line_1_2' title="bbox 340 350 2205 395; baseline -0.002 -8"><span class='ocrx_word' id='word_1_8' title='bbox 340 354 469 387; x_wconf 86' lang='lat' dir='ltr'><strong>“randi</strong></span> <span class='ocrx_word' id='word_1_9' title='bbox 493 353 670 386; x_wconf 84' lang='lat' dir='ltr'><strong>licentiam</strong></span> <span class='ocrx_word' id='word_1_10' title='bbox 694 362 770 385; x_wconf 90' lang='lat' dir='ltr'><strong>esse</strong></span> <span class='ocrx_word' id='word_1_11' title='bbox 803 350 1113 395; x_wconf 83' lang='lat' dir='ltr'><strong>computandos„¹.</strong></span> <span class='ocrx_word' id='word_1_12' title='bbox 1161 350 1243 389; x_wconf 89' lang='lat' dir='ltr'><strong>Quo</strong></span> <span class='ocrx_word' id='word_1_13' title='bbox 1274 356 1430 392; x_wconf 89' lang='lat' dir='ltr'><strong>tempore</strong></span> <span class='ocrx_word' id='word_1_14' title='bbox 1462 350 1556 392; x_wconf 90' lang='lat' dir='ltr'><strong>apud</strong></span> <span class='ocrx_word' id='word_1_15' title='bbox 1587 350 1770 382; x_wconf 87' lang='lat' dir='ltr'><strong>Romanos</strong></span> <span class='ocrx_word' id='word_1_16' title='bbox 1800 350 1967 392; x_wconf 84' lang='lat' dir='ltr'><strong>septimus</strong></span> <span class='ocrx_word' id='word_1_17' title='bbox 1998 361 2020 383; x_wconf 88' lang='lat' dir='ltr'><strong>a</strong></span> <span class='ocrx_word' id='word_1_18' title='bbox 2049 350 2205 384; x_wconf 89' lang='lat' dir='ltr'><strong>Romulo</strong></span> 
     </span>
     <span class='ocr_line' id='line_1_3' title="bbox 334 402 2204 451; baseline -0.002 -10"><span class='ocrx_word' id='word_1_19' title='bbox 334 407 542 451; x_wconf 83' lang='lat' dir='ltr'>Tarquinius</span> <span class='ocrx_word' id='word_1_20' title='bbox 565 405 745 448; x_wconf 86' lang='lat' dir='ltr'><strong>Superbus</strong></span> <span class='ocrx_word' id='word_1_21' title='bbox 767 404 948 448; x_wconf 83' lang='lat' dir='ltr'><strong>regnabat,</strong></span> <span class='ocrx_word' id='word_1_22' title='bbox 965 404 1100 437; x_wconf 89' lang='lat' dir='ltr'><strong>habens</strong></span> <span class='ocrx_word' id='word_1_23' title='bbox 1115 414 1243 436; x_wconf 91' lang='lat' dir='ltr'><strong>annum</strong></span> <span class='ocrx_word' id='word_1_24' title='bbox 1261 402 1397 445; x_wconf 89' lang='lat' dir='ltr'><strong>imperii</strong></span> <span class='ocrx_word' id='word_1_25' title='bbox 1412 402 1615 435; x_wconf 87' lang='lat' dir='ltr'><strong>uicesimum</strong></span> <span class='ocrx_word' id='word_1_26' title='bbox 1630 402 1826 445; x_wconf 84' lang='lat' dir='ltr'><strong>septimum,</strong></span> <span class='ocrx_word' id='word_1_27' title='bbox 1851 402 1911 446; x_wconf 90' lang='lat' dir='ltr'><strong>qui</strong></span> <span class='ocrx_word' id='word_1_28' title='bbox 1933 408 2013 445; x_wconf 87' lang='lat' dir='ltr'><strong>post</strong></span> <span class='ocrx_word' id='word_1_29' title='bbox 2027 413 2120 437; x_wconf 84' lang='lat' dir='ltr'><strong>anno</strong></span> <span class='ocrx_word' id='word_1_30' title='bbox 2135 414 2204 437; x_wconf 85' lang='lat' dir='ltr'><strong>vm</strong></span> 
     </span>
     <span class='ocr_line' id='line_1_4' title="bbox 216 454 2204 505; baseline -0.001 -12"><span class='ocrx_word' id='word_1_31' title='bbox 216 478 236 493; x_wconf 82' lang='lat' dir='ltr'><strong>c.</strong></span> <span class='ocrx_word' id='word_1_32' title='bbox 251 474 299 498; x_wconf 59' lang='grc' dir='ltr'><strong>«σα</strong></span> <span class='ocrx_word' id='word_1_33' title='bbox 335 462 453 505; x_wconf 85' lang='lat' dir='ltr'><strong>pulsus</strong></span> <span class='ocrx_word' id='word_1_34' title='bbox 476 466 527 492; x_wconf 88' lang='lat' dir='ltr'><strong>est</strong></span> <span class='ocrx_word' id='word_1_35' title='bbox 549 470 570 491; x_wconf 88' lang='lat' dir='ltr'><strong>a</strong></span> <span class='ocrx_word' id='word_1_36' title='bbox 586 459 704 491; x_wconf 88' lang='lat' dir='ltr'><strong>Bruto.</strong></span> <span class='ocrx_word' id='word_1_37' title='bbox 750 457 865 490; x_wconf 86' lang='lat' dir='ltr'><strong>Pulsis</strong></span> <span class='ocrx_word' id='word_1_38' title='bbox 881 458 1031 501; x_wconf 90' lang='lat' dir='ltr'><strong>denique</strong></span> <span class='ocrx_word' id='word_1_39' title='bbox 1048 457 1093 489; x_wconf 93' lang='lat' dir='ltr'><strong>ab</strong></span> <span class='ocrx_word' id='word_1_40' title='bbox 1109 456 1194 489; x_wconf 90' lang='lat' dir='ltr'><strong>urbe</strong></span> <span class='ocrx_word' id='word_1_41' title='bbox 1210 455 1363 500; x_wconf 85' lang='lat' dir='ltr'><strong>regibus,</strong></span> <span class='ocrx_word' id='word_1_42' title='bbox 1380 455 1440 499; x_wconf 93' lang='lat' dir='ltr'><strong>qui</strong></span> <span class='ocrx_word' id='word_1_43' title='bbox 1457 456 1717 498; x_wconf 88' lang='lat' dir='ltr'><strong>imperauerunt</strong></span> <span class='ocrx_word' id='word_1_44' title='bbox 1732 454 1844 488; x_wconf 86' lang='lat' dir='ltr'><strong>annis&#39;</strong></span> <span class='ocrx_word' id='word_1_45' title='bbox 1869 464 2014 490; x_wconf 69' lang='lat' dir='ltr'><strong>ccxnrv,</strong></span> <span class='ocrx_word' id='word_1_46' title='bbox 2061 456 2204 499; x_wconf 86' lang='lat' dir='ltr'><strong>Septem</strong></span> 
     </span>
     <span class='ocr_line' id='line_1_5' title="bbox 334 508 2204 557; baseline -0.002 -10"><span class='ocrx_word' id='word_1_47' title='bbox 334 524 482 557; x_wconf 88' lang='lat' dir='ltr'><strong>namque</strong></span> <span class='ocrx_word' id='word_1_48' title='bbox 506 514 659 545; x_wconf 80' lang='lat' dir='ltr'><strong>fuerunt.</strong></span> <span class='ocrx_word' id='word_1_49' title='bbox 712 513 727 529; x_wconf 74' lang='lat'><strong>‘⁶</strong></span> <span class='ocrx_word' id='word_1_50' title='bbox 739 511 809 544; x_wconf 87' lang='lat' dir='ltr'><strong>Vix</strong></span> <span class='ocrx_word' id='word_1_51' title='bbox 832 522 942 554; x_wconf 89' lang='lat' dir='ltr'><strong>usque</strong></span> <span class='ocrx_word' id='word_1_52' title='bbox 959 511 1005 543; x_wconf 89' lang='lat' dir='ltr'><strong>ad</strong></span> <span class='ocrx_word' id='word_1_53' title='bbox 1022 520 1072 542; x_wconf 89' lang='lat' dir='ltr'><strong>xv</strong></span> <span class='ocrx_word' id='word_1_54' title='bbox 1095 509 1250 552; x_wconf 85' lang='lat' dir='ltr'>lapidem</span> <span class='ocrx_word' id='word_1_55' title='bbox 1266 509 1383 541; x_wconf 89' lang='lat' dir='ltr'><strong>Roma</strong></span> <span class='ocrx_word' id='word_1_56' title='bbox 1397 508 1461 541; x_wconf 83' lang='lat' dir='ltr'><strong>sub</strong></span> <span class='ocrx_word' id='word_1_57' title='bbox 1478 509 1529 542; x_wconf 88' lang='lat' dir='ltr'><strong>eis</strong></span> <span class='ocrx_word' id='word_1_58' title='bbox 1543 508 1687 542; x_wconf 85' lang='lat' dir='ltr'><strong>tenebat</strong></span> <span class='ocrx_word' id='word_1_59' title='bbox 1710 508 1910 551; x_wconf 86' lang='lat' dir='ltr'><strong>Imperium.</strong></span> <span class='ocrx_word' id='word_1_60' title='bbox 1955 508 2042 544; x_wconf 77' lang='lat' dir='ltr'><strong>Post</strong></span> <span class='ocrx_word' id='word_1_61' title='bbox 2061 515 2204 544; x_wconf 80' lang='lat' dir='ltr'><strong>exactos</strong></span> 
     </span>
    </p>

    <p class='ocr_par' dir='ltr' id='par_1_3' title="bbox 337 561 2268 823">
     <span class='ocr_line' id='line_1_6' title="bbox 337 561 2268 612; baseline -0.003 -12"><span class='ocrx_word' id='word_1_62' title='bbox 337 570 351 586; x_wconf 78' lang='lat'><strong>¹⁴</strong></span> <span class='ocrx_word' id='word_1_63' title='bbox 365 578 477 612; x_wconf 86' lang='lat' dir='ltr'><strong>reges,</strong></span> <span class='ocrx_word' id='word_1_64' title='bbox 501 571 535 599; x_wconf 86' lang='lat' dir='ltr'><strong>et</strong></span> <span class='ocrx_word' id='word_1_65' title='bbox 557 577 675 598; x_wconf 88' lang='lat' dir='ltr'><strong>nomen</strong></span> <span class='ocrx_word' id='word_1_66' title='bbox 697 565 802 608; x_wconf 83' lang='lat' dir='ltr'><strong>regie</strong></span> <span class='ocrx_word' id='word_1_67' title='bbox 825 565 1022 607; x_wconf 57' lang='lat' dir='ltr'><strong>dtgm&#39;tatt&#39;s,</strong></span> <span class='ocrx_word' id='word_1_68' title='bbox 1046 563 1195 606; x_wconf 90' lang='lat' dir='ltr'><strong>primum</strong></span> <span class='ocrx_word' id='word_1_69' title='bbox 1228 562 1390 595; x_wconf 89' lang='lat' dir='ltr'><strong>consules</strong></span> <span class='ocrx_word' id='word_1_70' title='bbox 1413 573 1434 595; x_wconf 90' lang='lat' dir='ltr'><strong>a</strong></span> <span class='ocrx_word' id='word_1_71' title='bbox 1457 562 1565 596; x_wconf 88' lang='lat' dir='ltr'><strong>Bruto</strong></span> <span class='ocrx_word' id='word_1_72' title='bbox 1595 573 1669 596; x_wconf 88' lang='lat' dir='ltr'><strong>esse</strong></span> <span class='ocrx_word' id='word_1_73' title='bbox 1701 568 1881 605; x_wconf 88' lang='lat' dir='ltr'><strong>ceperunt,</strong></span> <span class='ocrx_word' id='word_1_74' title='bbox 1913 561 2042 596; x_wconf 83' lang='lat' dir='ltr'><strong>deinde</strong></span> <span class='ocrx_word' id='word_1_75' title='bbox 2072 563 2203 597; x_wconf 84' lang='lat' dir='ltr'><strong>tribuni</strong></span> <span class='ocrx_word' id='word_1_76' title='bbox 2248 562 2268 596; x_wconf 88' lang='grc'>5</span> 
     </span>
     <span class='ocr_line' id='line_1_7' title="bbox 337 615 2203 663; baseline -0.002 -11"><span class='ocrx_word' id='word_1_77' title='bbox 337 624 351 639; x_wconf 86' lang='lat'>“</span> <span class='ocrx_word' id='word_1_78' title='bbox 364 620 487 663; x_wconf 90' lang='lat' dir='ltr'><strong>plebis,</strong></span> <span class='ocrx_word' id='word_1_79' title='bbox 511 619 612 663; x_wconf 82' lang='lat' dir='ltr'><em>quasi</em></span> <span class='ocrx_word' id='word_1_80' title='bbox 630 619 779 663; x_wconf 81' lang='lat' dir='ltr'><strong>proprii</strong></span> <span class='ocrx_word' id='word_1_81' title='bbox 789 618 928 662; x_wconf 80' lang='lat' dir='ltr'><strong>judices</strong></span> <span class='ocrx_word' id='word_1_82' title='bbox 943 615 1203 660; x_wconf 79' lang='lat' dir='ltr'><em>defensoresque</em></span> <span class='ocrx_word' id='word_1_83' title='bbox 1215 616 1360 660; x_wconf 77' lang='lat' dir='ltr'><strong>populi.-</strong></span> <span class='ocrx_word' id='word_1_84' title='bbox 1376 616 1456 648; x_wconf 81' lang='lat' dir='ltr'><strong>inde</strong></span> <span class='ocrx_word' id='word_1_85' title='bbox 1471 617 1604 650; x_wconf 76' lang='lat' dir='ltr'><strong>tribuni</strong></span> <span class='ocrx_word' id='word_1_86' title='bbox 1617 617 1787 648; x_wconf 77' lang='lat' dir='ltr'><strong>militares</strong></span> <span class='ocrx_word' id='word_1_87' title='bbox 1792 628 1805 659; x_wconf 84' lang='lat'><em>;</em></span> <span class='ocrx_word' id='word_1_88' title='bbox 1820 616 1900 648; x_wconf 76' lang='lat' dir='ltr'><strong>hinc</strong></span> <span class='ocrx_word' id='word_1_89' title='bbox 1913 626 2045 660; x_wconf 75' lang='lat' dir='ltr'><strong>quoque</strong></span> <span class='ocrx_word' id='word_1_90' title='bbox 2058 627 2203 659; x_wconf 82' lang='lat' dir='ltr'><strong>quorum</strong></span> 
     </span>
     <span class='ocr_line' id='line_1_8' title="bbox 337 669 2202 718; baseline -0.001 -12"><span class='ocrx_word' id='word_1_91' title='bbox 337 676 352 692; x_wconf 75' lang='lat'><strong>‘⁴</strong></span> <span class='ocrx_word' id='word_1_92' title='bbox 365 674 499 718; x_wconf 81' lang='lat' dir='ltr'><strong>primus</strong></span> <span class='ocrx_word' id='word_1_93' title='bbox 521 673 667 715; x_wconf 83' lang='lat' dir='ltr'><em>Largus</em></span> <span class='ocrx_word' id='word_1_94' title='bbox 689 672 823 704; x_wconf 82' lang='lat' dir='ltr'><strong>nomine</strong></span> <span class='ocrx_word' id='word_1_95' title='bbox 837 671 918 716; x_wconf 77' lang='lat' dir='ltr'><strong>suit</strong></span> <span class='ocrx_word' id='word_1_96' title='bbox 939 671 1083 714; x_wconf 78' lang='lat' dir='ltr'><strong>majoris</strong></span> <span class='ocrx_word' id='word_1_97' title='bbox 1105 670 1252 711; x_wconf 77' lang='lat' dir='ltr'><strong>honoris,</strong></span> <span class='ocrx_word' id='word_1_98' title='bbox 1284 680 1386 713; x_wconf 86' lang='lat' dir='ltr'><strong>quam</strong></span> <span class='ocrx_word' id='word_1_99' title='bbox 1419 669 1596 703; x_wconf 81' lang='lat' dir='ltr'><em>Consules:</em></span> <span class='ocrx_word' id='word_1_100' title='bbox 1619 681 1754 703; x_wconf 84' lang='lat' dir='ltr'><strong>rursum</strong></span> <span class='ocrx_word' id='word_1_101' title='bbox 1782 680 1913 714; x_wconf 79' lang='lat' dir='ltr'><strong>quoque</strong></span> <span class='ocrx_word' id='word_1_102' title='bbox 1935 670 2096 704; x_wconf 79' lang='lat' dir='ltr'><strong>consules</strong></span> <span class='ocrx_word' id='word_1_103' title='bbox 2127 680 2202 704; x_wconf 86' lang='lat' dir='ltr'><strong>rem</strong></span> 
     </span>
     <span class='ocr_line' id='line_1_9' title="bbox 337 722 2204 770; baseline -0.002 -10.956"><span class='ocrx_word' id='word_1_104' title='bbox 337 726 541 770; x_wconf 85' lang='lat' dir='ltr'><strong>“publicam</strong></span> <span class='ocrx_word' id='word_1_105' title='bbox 562 726 787 759; x_wconf 85' lang='lat' dir='ltr'><strong>obtinuerunt</strong></span> <span class='ocrx_word' id='word_1_106' title='bbox 809 736 874 767; x_wconf 89' lang='lat' dir='ltr'><strong>per</strong></span> <span class='ocrx_word' id='word_1_107' title='bbox 890 734 998 757; x_wconf 88' lang='lat' dir='ltr'><strong>annos</strong></span> <span class='ocrx_word' id='word_1_108' title='bbox 1014 722 1258 757; x_wconf 90' lang='lat' dir='ltr'>CCCCLXIV</span> <span class='ocrx_word' id='word_1_109' title='bbox 1273 733 1382 766; x_wconf 89' lang='lat' dir='ltr'><strong>usque</strong></span> <span class='ocrx_word' id='word_1_110' title='bbox 1398 722 1445 755; x_wconf 89' lang='lat' dir='ltr'><strong>ad</strong></span> <span class='ocrx_word' id='word_1_111' title='bbox 1460 723 1592 767; x_wconf 88' lang='lat' dir='ltr'><strong>Julium</strong></span> <span class='ocrx_word' id='word_1_112' title='bbox 1615 723 1792 764; x_wconf 82' lang='lat' dir='ltr'><strong>Cesarem,</strong></span> <span class='ocrx_word' id='word_1_113' title='bbox 1807 724 1867 767; x_wconf 90' lang='lat' dir='ltr'><strong>qui</strong></span> <span class='ocrx_word' id='word_1_114' title='bbox 1883 723 2014 766; x_wconf 80' lang='lat' dir='ltr'><strong>primus</strong></span> <span class='ocrx_word' id='word_1_115' title='bbox 2029 723 2204 767; x_wconf 87' lang='lat' dir='ltr'><strong>singulare</strong></span> 
     </span>
     <span class='ocr_line' id='line_1_10' title="bbox 337 774 2201 823; baseline -0.002 -10"><span class='ocrx_word' id='word_1_116' title='bbox 337 783 351 798; x_wconf 88' lang='lat'>“</span> <span class='ocrx_word' id='word_1_117' title='bbox 365 780 510 823; x_wconf 82' lang='lat' dir='ltr'><strong>arripuit</strong></span> <span class='ocrx_word' id='word_1_118' title='bbox 531 779 718 822; x_wconf 85' lang='lat' dir='ltr'><strong>imperium</strong></span> <span class='ocrx_word' id='word_1_119' title='bbox 750 777 959 822; x_wconf 88' lang='lat' dir='ltr'><strong>Olympiade</strong></span> <span class='ocrx_word' id='word_1_120' title='bbox 982 776 1233 816; x_wconf 85' lang='lat' dir='ltr'>CLXXXIV„</span> <span class='ocrx_word' id='word_1_121' title='bbox 1285 775 1434 809; x_wconf 76' lang='lat' dir='ltr'><strong>Oroscus.</strong></span> <span class='ocrx_word' id='word_1_122' title='bbox 1481 775 1587 809; x_wconf 91' lang='lat' dir='ltr'><strong>Anno</strong></span> <span class='ocrx_word' id='word_1_123' title='bbox 1619 776 1663 809; x_wconf 88' lang='lat' dir='ltr'><strong>ab</strong></span> <span class='ocrx_word' id='word_1_124' title='bbox 1695 776 1782 810; x_wconf 91' lang='lat' dir='ltr'><strong>urbe</strong></span> <span class='ocrx_word' id='word_1_125' title='bbox 1814 776 1959 810; x_wconf 88' lang='lat' dir='ltr'><strong>condita</strong></span> <span class='ocrx_word' id='word_1_126' title='bbox 1990 774 2201 810; x_wconf 90' lang='lat' dir='ltr'>CCLXXV.</span> 
     </span>
    </p>
   </div>
   <div class='ocr_carea' id='block_1_3' title="bbox 331 800 2270 879">
    <p class='ocr_par' dir='ltr' id='par_1_4' title="bbox 331 800 2270 879">
     <span class='ocr_line' id='line_1_11' title="bbox 331 800 2270 879; baseline -0.002 -12"><span class='ocrx_word' id='word_1_127' title='bbox 331 833 540 879; x_wconf 82' lang='lat' dir='ltr'><strong>Olympiade</strong></span> <span class='ocrx_word' id='word_1_128' title='bbox 564 832 747 865; x_wconf 90' lang='lat' dir='ltr'><strong>LXXIIII.</strong></span> <span class='ocrx_word' id='word_1_129' title='bbox 793 831 924 863; x_wconf 83' lang='lat' dir='ltr'><strong>Xerses</strong></span> <span class='ocrx_word' id='word_1_130' title='bbox 946 830 1052 862; x_wconf 89' lang='lat' dir='ltr'><strong>Dario</strong></span> <span class='ocrx_word' id='word_1_131' title='bbox 1075 830 1168 872; x_wconf 89' lang='lat' dir='ltr'><strong>patri</strong></span> <span class='ocrx_word' id='word_1_132' title='bbox 1192 829 1230 861; x_wconf 88' lang='lat' dir='ltr'><strong>in</strong></span> <span class='ocrx_word' id='word_1_133' title='bbox 1240 800 1400 873; x_wconf 41' lang='lat' dir='ltr'><strong>&#39;regnum</strong></span> <span class='ocrx_word' id='word_1_134' title='bbox 1424 828 2024 864; x_wconf 74' lang='lat' dir='ltr'><strong>successit2.111c:CCLXXX1X³.</strong></span> <span class='ocrx_word' id='word_1_135' title='bbox 2229 830 2270 864; x_wconf 86' lang='lat'><strong>10</strong></span> 
     </span>
    </p>
   </div>
   <div class='ocr_carea' id='block_1_4' title="bbox 156 878 2267 1572">
    <p class='ocr_par' dir='ltr' id='par_1_5' title="bbox 156 878 2267 1572">
     <span class='ocr_line' id='line_1_12' title="bbox 160 878 2204 930; baseline -0.004 -4"><span class='ocrx_word' id='word_1_136' title='bbox 160 878 296 930; x_wconf 37' lang='lat' dir='ltr'><strong>afflixi,</strong></span> <span class='ocrx_word' id='word_1_137' title='bbox 422 887 438 905; x_wconf 72' lang='lat'>⁸</span> <span class='ocrx_word' id='word_1_138' title='bbox 453 887 586 920; x_wconf 79' lang='lat' dir='ltr'><strong>Xerses</strong></span> <span class='ocrx_word' id='word_1_139' title='bbox 607 885 705 919; x_wconf 91' lang='lat' dir='ltr'><strong>Darii</strong></span> <span class='ocrx_word' id='word_1_140' title='bbox 728 885 817 918; x_wconf 89' lang='lat' dir='ltr'><strong>filius</strong></span> <span class='ocrx_word' id='word_1_141' title='bbox 840 884 939 917; x_wconf 82' lang='lat' dir='ltr'><strong>annis</strong></span> <span class='ocrx_word' id='word_1_142' title='bbox 962 893 1022 916; x_wconf 86' lang='lat' dir='ltr'><strong>xx.</strong></span> <span class='ocrx_word' id='word_1_143' title='bbox 1069 883 1138 916; x_wconf 92' lang='lat' dir='ltr'><strong>Hic</strong></span> <span class='ocrx_word' id='word_1_144' title='bbox 1161 883 1352 927; x_wconf 86' lang='lat' dir='ltr'><strong>Egyptum,</strong></span> <span class='ocrx_word' id='word_1_145' title='bbox 1368 893 1436 927; x_wconf 89' lang='lat' dir='ltr'><strong>que</strong></span> <span class='ocrx_word' id='word_1_146' title='bbox 1452 895 1473 916; x_wconf 87' lang='lat' dir='ltr'><strong>a</strong></span> <span class='ocrx_word' id='word_1_147' title='bbox 1488 884 1598 916; x_wconf 83' lang='lat' dir='ltr'><strong>Dario</strong></span> <span class='ocrx_word' id='word_1_148' title='bbox 1623 884 1840 924; x_wconf 78' lang='lat' dir='ltr'><strong>discesserat,</strong></span> <span class='ocrx_word' id='word_1_149' title='bbox 1863 884 1970 927; x_wconf 83' lang='lat' dir='ltr'><strong>capit,</strong></span> <span class='ocrx_word' id='word_1_150' title='bbox 1986 890 2022 918; x_wconf 88' lang='lat' dir='ltr'><strong>et</strong></span> <span class='ocrx_word' id='word_1_151' title='bbox 2036 882 2204 918; x_wconf 80' lang='lat' dir='ltr'><strong>aduersus</strong></span> 
     </span>
     <span class='ocr_line' id='line_1_13' title="bbox 334 937 2203 983; baseline -0.001 -9"><span class='ocrx_word' id='word_1_152' title='bbox 334 943 349 959; x_wconf 75' lang='lat'><strong>‘⁶</strong></span> <span class='ocrx_word' id='word_1_153' title='bbox 362 941 525 974; x_wconf 88' lang='lat' dir='ltr'><strong>Greciam</strong></span> <span class='ocrx_word' id='word_1_154' title='bbox 541 945 756 983; x_wconf 82' lang='lat' dir='ltr'><strong>pugnaturus</strong></span> <span class='ocrx_word' id='word_1_155' title='bbox 770 937 865 971; x_wconf 87' lang='lat' dir='ltr'><strong>DCC</strong></span> <span class='ocrx_word' id='word_1_156' title='bbox 881 937 978 969; x_wconf 77' lang='lat' dir='ltr'><strong>milIa</strong></span> <span class='ocrx_word' id='word_1_157' title='bbox 993 942 1203 969; x_wconf 89' lang='lat' dir='ltr'><strong>armatorum</strong></span> <span class='ocrx_word' id='word_1_158' title='bbox 1219 937 1265 970; x_wconf 89' lang='lat' dir='ltr'><strong>de</strong></span> <span class='ocrx_word' id='word_1_159' title='bbox 1279 947 1401 981; x_wconf 82' lang='lat' dir='ltr'><strong>regno,</strong></span> <span class='ocrx_word' id='word_1_160' title='bbox 1419 943 1454 970; x_wconf 91' lang='lat' dir='ltr'><strong>et</strong></span> <span class='ocrx_word' id='word_1_161' title='bbox 1469 937 1562 971; x_wconf 92' lang='lat' dir='ltr'><strong>CCC</strong></span> <span class='ocrx_word' id='word_1_162' title='bbox 1577 938 1675 971; x_wconf 90' lang='lat' dir='ltr'><strong>milia</strong></span> <span class='ocrx_word' id='word_1_163' title='bbox 1691 938 1736 971; x_wconf 91' lang='lat' dir='ltr'><strong>de</strong></span> <span class='ocrx_word' id='word_1_164' title='bbox 1753 937 1901 977; x_wconf 84' lang='lat' dir='ltr'><strong>auxiliis,</strong></span> <span class='ocrx_word' id='word_1_165' title='bbox 1917 943 2082 972; x_wconf 82' lang='lat' dir='ltr'><strong>rostratas</strong></span> <span class='ocrx_word' id='word_1_166' title='bbox 2097 938 2203 973; x_wconf 80' lang='lat' dir='ltr'><strong>etiam</strong></span> 
     </span>
     <span class='ocr_line' id='line_1_14' title="bbox 335 990 2203 1030; baseline -0.002 -2"><span class='ocrx_word' id='word_1_167' title='bbox 335 996 350 1012; x_wconf 89' lang='lat'>“</span> <span class='ocrx_word' id='word_1_168' title='bbox 362 1005 470 1028; x_wconf 85' lang='lat' dir='ltr'><strong>naues</strong></span> <span class='ocrx_word' id='word_1_169' title='bbox 485 994 579 1026; x_wconf 87' lang='lat' dir='ltr'><strong>mille</strong></span> <span class='ocrx_word' id='word_1_170' title='bbox 594 993 777 1030; x_wconf 88' lang='lat' dir='ltr'><strong>ducentas;</strong></span> <span class='ocrx_word' id='word_1_171' title='bbox 795 991 973 1024; x_wconf 89' lang='lat' dir='ltr'><strong>onerarias</strong></span> <span class='ocrx_word' id='word_1_172' title='bbox 988 996 1105 1023; x_wconf 87' lang='lat' dir='ltr'><strong>autem</strong></span> <span class='ocrx_word' id='word_1_173' title='bbox 1121 990 1190 1023; x_wconf 89' lang='lat' dir='ltr'><strong>tria</strong></span> <span class='ocrx_word' id='word_1_174' title='bbox 1205 990 1302 1023; x_wconf 85' lang='lat' dir='ltr'><strong>milia</strong></span> <span class='ocrx_word' id='word_1_175' title='bbox 1319 990 1488 1024; x_wconf 89' lang='lat' dir='ltr'><strong>ducentas</strong></span> <span class='ocrx_word' id='word_1_176' title='bbox 1503 990 1665 1024; x_wconf 74' lang='lat' dir='ltr'><strong>habuisse</strong></span> <span class='ocrx_word' id='word_1_177' title='bbox 1690 998 1860 1025; x_wconf 85' lang='lat' dir='ltr'><strong>narratur.</strong></span> <span class='ocrx_word' id='word_1_178' title='bbox 1906 990 2074 1024; x_wconf 86' lang='lat' dir='ltr'><strong>Attamen</strong></span> <span class='ocrx_word' id='word_1_179' title='bbox 2089 991 2203 1026; x_wconf 79' lang='lat' dir='ltr'><strong>uictus</strong></span> 
     </span>
     <span class='ocr_line' id='line_1_15' title="bbox 332 1039 2203 1091; baseline -0.001 -11"><span class='ocrx_word' id='word_1_180' title='bbox 332 1050 346 1066; x_wconf 85' lang='lat'>“</span> <span class='ocrx_word' id='word_1_181' title='bbox 360 1048 506 1091; x_wconf 85' lang='lat' dir='ltr'><strong>patriam</strong></span> <span class='ocrx_word' id='word_1_182' title='bbox 529 1045 659 1090; x_wconf 75' lang='lat' dir='ltr'><strong>refugit</strong></span> <span class='ocrx_word' id='word_1_183' title='bbox 672 1069 701 1085; x_wconf 89' lang='lat'><strong>„.</strong></span> <span class='ocrx_word' id='word_1_184' title='bbox 748 1045 1001 1077; x_wconf 78' lang='lat' dir='ltr'><strong>Demosthenes</strong></span> <span class='ocrx_word' id='word_1_185' title='bbox 1024 1043 1279 1077; x_wconf 88' lang='lat' dir='ltr'><strong>Lacedemonis</strong></span> <span class='ocrx_word' id='word_1_186' title='bbox 1301 1049 1384 1076; x_wconf 89' lang='lat' dir='ltr'><strong>tunc</strong></span> <span class='ocrx_word' id='word_1_187' title='bbox 1415 1044 1511 1087; x_wconf 84' lang='lat' dir='ltr'><strong>apud</strong></span> <span class='ocrx_word' id='word_1_188' title='bbox 1534 1039 1672 1086; x_wconf 69' lang='lat' dir='ltr'><strong>Xersen</strong></span> <span class='ocrx_word' id='word_1_189' title='bbox 1697 1044 1883 1078; x_wconf 79' lang='lat' dir='ltr'><strong>exultabat.</strong></span> <span class='ocrx_word' id='word_1_190' title='bbox 1936 1044 2062 1078; x_wconf 81' lang='lat' dir='ltr'><strong>“Tunc</strong></span> <span class='ocrx_word' id='word_1_191' title='bbox 2088 1044 2203 1079; x_wconf 87' lang='lat' dir='ltr'><strong>Hero-</strong></span> 
     </span>
     <span class='ocr_line' id='line_1_16' title="bbox 180 1097 2267 1145; baseline -0.001 -12"><span class='ocrx_word' id='word_1_192' title='bbox 180 1118 203 1133; x_wconf 73' lang='grc' dir='ltr'><strong>ιι.</strong></span> <span class='ocrx_word' id='word_1_193' title='bbox 218 1118 238 1133; x_wconf 85' lang='lat' dir='ltr'><strong>c.</strong></span> <span class='ocrx_word' id='word_1_194' title='bbox 253 1117 290 1136; x_wconf 84' lang='lat'><strong>301</strong></span> <span class='ocrx_word' id='word_1_195' title='bbox 334 1102 464 1135; x_wconf 87' lang='lat' dir='ltr'><strong>“dotus</strong></span> <span class='ocrx_word' id='word_1_196' title='bbox 486 1100 718 1145; x_wconf 81' lang='lat' dir='ltr'><strong>hystoriarum</strong></span> <span class='ocrx_word' id='word_1_197' title='bbox 746 1098 906 1141; x_wconf 85' lang='lat' dir='ltr'><strong>scriptor,</strong></span> <span class='ocrx_word' id='word_1_198' title='bbox 930 1103 966 1130; x_wconf 89' lang='lat' dir='ltr'><strong>et</strong></span> <span class='ocrx_word' id='word_1_199' title='bbox 987 1097 1108 1130; x_wconf 86' lang='lat' dir='ltr'><strong>Zeusis</strong></span> <span class='ocrx_word' id='word_1_200' title='bbox 1137 1098 1255 1140; x_wconf 85' lang='lat' dir='ltr'><strong>pictor</strong></span> <span class='ocrx_word' id='word_1_201' title='bbox 1286 1097 1543 1142; x_wconf 83' lang='lat' dir='ltr'><strong>agnoscitur„⁴.</strong></span> <span class='ocrx_word' id='word_1_202' title='bbox 1589 1097 1695 1132; x_wconf 87' lang='lat' dir='ltr'><strong>Anno</strong></span> <span class='ocrx_word' id='word_1_203' title='bbox 1727 1098 1772 1132; x_wconf 85' lang='lat' dir='ltr'><strong>ab</strong></span> <span class='ocrx_word' id='word_1_204' title='bbox 1794 1099 1882 1132; x_wconf 88' lang='lat' dir='ltr'><strong>urbe</strong></span> <span class='ocrx_word' id='word_1_205' title='bbox 1905 1098 2050 1132; x_wconf 88' lang='lat' dir='ltr'><strong>condita</strong></span> <span class='ocrx_word' id='word_1_206' title='bbox 2079 1098 2200 1133; x_wconf 87' lang='lat' dir='ltr'>CCCI.</span> <span class='ocrx_word' id='word_1_207' title='bbox 2228 1097 2267 1131; x_wconf 86' lang='lat'><strong>15</strong></span> 
     </span>
     <span class='ocr_line' id='line_1_17' title="bbox 211 1150 2202 1213; baseline 0 -28"><span class='ocrx_word' id='word_1_208' title='bbox 211 1170 231 1186; x_wconf 72' lang='lat' dir='ltr'><strong>c.</strong></span> <span class='ocrx_word' id='word_1_209' title='bbox 246 1165 292 1191; x_wconf 62' lang='grc' dir='ltr'><strong>«σὺ</strong></span> <span class='ocrx_word' id='word_1_210' title='bbox 328 1155 524 1198; x_wconf 88' lang='lat' dir='ltr'><strong>Olimpiade</strong></span> <span class='ocrx_word' id='word_1_211' title='bbox 540 1153 643 1187; x_wconf 91' lang='lat' dir='ltr'><strong>XCV</strong></span> <span class='ocrx_word' id='word_1_212' title='bbox 657 1158 811 1213; x_wconf 77' lang='lat' dir='ltr'><strong>potestas</strong></span> <span class='ocrx_word' id='word_1_213' title='bbox 827 1151 1006 1185; x_wconf 87' lang='lat' dir='ltr'><strong>consulum</strong></span> <span class='ocrx_word' id='word_1_214' title='bbox 1024 1151 1149 1184; x_wconf 90' lang='lat' dir='ltr'><strong>decem</strong></span> <span class='ocrx_word' id='word_1_215' title='bbox 1171 1151 1255 1184; x_wconf 88' lang='lat' dir='ltr'><strong>uiris</strong></span> <span class='ocrx_word' id='word_1_216' title='bbox 1271 1151 1386 1184; x_wconf 89' lang='lat' dir='ltr'><strong>Rome</strong></span> <span class='ocrx_word' id='word_1_217' title='bbox 1401 1151 1531 1184; x_wconf 87' lang='lat' dir='ltr'><strong>tradita</strong></span> <span class='ocrx_word' id='word_1_218' title='bbox 1547 1157 1634 1185; x_wconf 88' lang='lat' dir='ltr'><strong>est.</strong></span> <span class='ocrx_word' id='word_1_219' title='bbox 1611 1150 1623 1168; x_wconf 77' lang='lat'>⁵</span> <span class='ocrx_word' id='word_1_220' title='bbox 1665 1152 1769 1185; x_wconf 88' lang='lat' dir='ltr'><strong>Tunc</strong></span> <span class='ocrx_word' id='word_1_221' title='bbox 1785 1151 1887 1186; x_wconf 83' lang='lat' dir='ltr'><strong>etiam</strong></span> <span class='ocrx_word' id='word_1_222' title='bbox 1908 1151 2047 1185; x_wconf 85' lang='lat' dir='ltr'><strong>census&#39;</strong></span> <span class='ocrx_word' id='word_1_223' title='bbox 2063 1151 2202 1187; x_wconf 74' lang='lat' dir='ltr'><strong>habitus</strong></span> 
     </span>
     <span class='ocr_line' id='line_1_18' title="bbox 156 1205 2156 1249; baseline -0.002 -6"><span class='ocrx_word' id='word_1_224' title='bbox 156 1223 178 1239; x_wconf 79' lang='grc' dir='ltr'><strong>ι.</strong></span> <span class='ocrx_word' id='word_1_225' title='bbox 194 1224 223 1238; x_wconf 86' lang='lat' dir='ltr'><strong>m·</strong></span> <span class='ocrx_word' id='word_1_226' title='bbox 239 1223 292 1243; x_wconf 80' lang='lat'><strong>³490</strong></span> <span class='ocrx_word' id='word_1_227' title='bbox 329 1214 392 1249; x_wconf 84' lang='lat' dir='ltr'><strong>est,</strong></span> <span class='ocrx_word' id='word_1_228' title='bbox 415 1214 451 1242; x_wconf 86' lang='lat' dir='ltr'><strong>et</strong></span> <span class='ocrx_word' id='word_1_229' title='bbox 472 1209 616 1241; x_wconf 89' lang='lat' dir='ltr'><strong>inuenta</strong></span> <span class='ocrx_word' id='word_1_230' title='bbox 638 1212 715 1240; x_wconf 86' lang='lat' dir='ltr'><strong>suut</strong></span> <span class='ocrx_word' id='word_1_231' title='bbox 738 1205 867 1239; x_wconf 87' lang='lat' dir='ltr'><strong>ciuium</strong></span> <span class='ocrx_word' id='word_1_232' title='bbox 883 1205 1123 1238; x_wconf 89' lang='lat' dir='ltr'><strong>Romanorum</strong></span> <span class='ocrx_word' id='word_1_233' title='bbox 1141 1212 1282 1238; x_wconf 83' lang='lat' dir='ltr'><strong>centum</strong></span> <span class='ocrx_word' id='word_1_234' title='bbox 1298 1205 1419 1238; x_wconf 91' lang='lat' dir='ltr'><strong>decem</strong></span> <span class='ocrx_word' id='word_1_235' title='bbox 1437 1210 1473 1238; x_wconf 86' lang='lat' dir='ltr'><strong>et</strong></span> <span class='ocrx_word' id='word_1_236' title='bbox 1488 1211 1569 1238; x_wconf 88' lang='lat' dir='ltr'><strong>octo</strong></span> <span class='ocrx_word' id='word_1_237' title='bbox 1586 1205 1682 1239; x_wconf 85' lang='lat' dir='ltr'><strong>milia</strong></span> <span class='ocrx_word' id='word_1_238' title='bbox 1706 1205 2156 1240; x_wconf 82' lang='lat' dir='ltr'><strong>cccxx1x.mCCCCXC.</strong></span> 
     </span>
     <span class='ocr_line' id='line_1_19' title="bbox 157 1258 1556 1299; baseline 0 -7"><span class='ocrx_word' id='word_1_239' title='bbox 157 1278 179 1293; x_wconf 73' lang='lat' dir='ltr'><strong>a.</strong></span> <span class='ocrx_word' id='word_1_240' title='bbox 195 1278 224 1292; x_wconf 84' lang='lat' dir='ltr'><strong>m.</strong></span> <span class='ocrx_word' id='word_1_241' title='bbox 240 1277 291 1298; x_wconf 83' lang='lat'><strong>3511</strong></span> <span class='ocrx_word' id='word_1_242' title='bbox 422 1261 643 1295; x_wconf 85' lang='lat' dir='ltr'><strong>“Artabanus</strong></span> <span class='ocrx_word' id='word_1_243' title='bbox 666 1259 840 1293; x_wconf 88' lang='lat' dir='ltr'><strong>mensibus</strong></span> <span class='ocrx_word' id='word_1_244' title='bbox 863 1269 939 1292; x_wconf 85' lang='lat' dir='ltr'><strong>vm.</strong></span> <span class='ocrx_word' id='word_1_245' title='bbox 986 1258 1151 1291; x_wconf 87' lang='lat' dir='ltr'><strong>Socrates</strong></span> <span class='ocrx_word' id='word_1_246' title='bbox 1175 1259 1351 1299; x_wconf 86' lang='lat' dir='ltr'><strong>nascitur„</strong></span> <span class='ocrx_word' id='word_1_247' title='bbox 1381 1258 1556 1292; x_wconf 81' lang='lat' dir='ltr'><strong>111DX1⁶.</strong></span> 
     </span>
     <span class='ocr_line' id='line_1_20' title="bbox 419 1312 2204 1358; baseline -0.001 -10"><span class='ocrx_word' id='word_1_248' title='bbox 419 1315 660 1354; x_wconf 71' lang='lat' dir='ltr'><strong>“Attum-ses,</strong></span> <span class='ocrx_word' id='word_1_249' title='bbox 685 1314 744 1358; x_wconf 89' lang='lat' dir='ltr'><strong>qui</strong></span> <span class='ocrx_word' id='word_1_250' title='bbox 767 1319 802 1346; x_wconf 88' lang='lat' dir='ltr'><strong>et</strong></span> <span class='ocrx_word' id='word_1_251' title='bbox 824 1312 1028 1346; x_wconf 83' lang='lat' dir='ltr'><strong>Macrochir</strong></span> <span class='ocrx_word' id='word_1_252' title='bbox 1050 1313 1145 1345; x_wconf 92' lang='lat' dir='ltr'><strong>idem</strong></span> <span class='ocrx_word' id='word_1_253' title='bbox 1166 1312 1404 1357; x_wconf 85' lang='lat' dir='ltr'><strong>Longimanus</strong></span> <span class='ocrx_word' id='word_1_254' title='bbox 1428 1313 1525 1345; x_wconf 88' lang='lat' dir='ltr'><strong>annis</strong></span> <span class='ocrx_word' id='word_1_255' title='bbox 1549 1312 1629 1347; x_wconf 69' lang='lat' dir='ltr'><strong>xn⁷.</strong></span> <span class='ocrx_word' id='word_1_256' title='bbox 1669 1313 1782 1358; x_wconf 84' lang='lat' dir='ltr'><strong>Hujus</strong></span> <span class='ocrx_word' id='word_1_257' title='bbox 1803 1323 1897 1347; x_wconf 86' lang='lat' dir='ltr'><strong>anno</strong></span> <span class='ocrx_word' id='word_1_258' title='bbox 1920 1314 2068 1357; x_wconf 86' lang='lat' dir='ltr'><strong>septimo</strong></span> <span class='ocrx_word' id='word_1_259' title='bbox 2091 1313 2204 1357; x_wconf 85' lang='lat' dir='ltr'><strong>prima</strong></span> 
     </span>
     <span class='ocr_line' id='line_1_21' title="bbox 331 1365 2266 1412; baseline -0.001 -9"><span class='ocrx_word' id='word_1_260' title='bbox 331 1371 346 1387; x_wconf 80' lang='lat'><strong>‘⁴</strong></span> <span class='ocrx_word' id='word_1_261' title='bbox 359 1369 415 1402; x_wconf 90' lang='lat' dir='ltr'><strong>die</strong></span> <span class='ocrx_word' id='word_1_262' title='bbox 432 1370 558 1403; x_wconf 89' lang='lat' dir='ltr'><strong>mensis</strong></span> <span class='ocrx_word' id='word_1_263' title='bbox 572 1368 675 1412; x_wconf 86' lang='lat' dir='ltr'><strong>primi</strong></span> <span class='ocrx_word' id='word_1_264' title='bbox 691 1367 804 1401; x_wconf 86' lang='lat' dir='ltr'><strong>Esdra</strong></span> <span class='ocrx_word' id='word_1_265' title='bbox 827 1366 994 1400; x_wconf 88' lang='lat' dir='ltr'><strong>sacerdos</strong></span> <span class='ocrx_word' id='word_1_266' title='bbox 1011 1372 1045 1399; x_wconf 89' lang='lat' dir='ltr'><strong>et</strong></span> <span class='ocrx_word' id='word_1_267' title='bbox 1061 1365 1178 1399; x_wconf 87' lang='lat' dir='ltr'><strong>scriba</strong></span> <span class='ocrx_word' id='word_1_268' title='bbox 1194 1366 1280 1411; x_wconf 87' lang='lat' dir='ltr'><strong>legis</strong></span> <span class='ocrx_word' id='word_1_269' title='bbox 1295 1366 1442 1399; x_wconf 82' lang='lat' dir='ltr'><strong>Domini</strong></span> <span class='ocrx_word' id='word_1_270' title='bbox 1454 1367 1642 1400; x_wconf 85' lang='lat' dir='ltr'><strong>descendit</strong></span> <span class='ocrx_word' id='word_1_271' title='bbox 1665 1368 1711 1401; x_wconf 90' lang='lat' dir='ltr'><strong>de</strong></span> <span class='ocrx_word' id='word_1_272' title='bbox 1726 1367 1923 1412; x_wconf 87' lang='lat' dir='ltr'><strong>Babylonia</strong></span> <span class='ocrx_word' id='word_1_273' title='bbox 1945 1377 2026 1401; x_wconf 90' lang='lat' dir='ltr'><strong>cum</strong></span> <span class='ocrx_word' id='word_1_274' title='bbox 2041 1367 2200 1410; x_wconf 75' lang='lat' dir='ltr'><strong>epistolis</strong></span> <span class='ocrx_word' id='word_1_275' title='bbox 2222 1367 2266 1401; x_wconf 89' lang='lat'><strong>20</strong></span> 
     </span>
     <span class='ocr_line' id='line_1_22' title="bbox 332 1420 2200 1468; baseline -0.001 -12"><span class='ocrx_word' id='word_1_276' title='bbox 332 1425 346 1441; x_wconf 67' lang='lat'><strong>⁴</strong></span> <span class='ocrx_word' id='word_1_277' title='bbox 360 1424 463 1468; x_wconf 85' lang='lat' dir='ltr'><strong>regis,</strong></span> <span class='ocrx_word' id='word_1_278' title='bbox 487 1429 523 1456; x_wconf 87' lang='lat' dir='ltr'><strong>et</strong></span> <span class='ocrx_word' id='word_1_279' title='bbox 542 1423 580 1455; x_wconf 91' lang='lat' dir='ltr'><strong>in</strong></span> <span class='ocrx_word' id='word_1_280' title='bbox 602 1422 715 1465; x_wconf 85' lang='lat' dir='ltr'><strong>prima</strong></span> <span class='ocrx_word' id='word_1_281' title='bbox 737 1421 866 1454; x_wconf 87' lang='lat' dir='ltr'><strong>mensis</strong></span> <span class='ocrx_word' id='word_1_282' title='bbox 889 1420 1001 1464; x_wconf 88' lang='lat' dir='ltr'><strong>quinti</strong></span> <span class='ocrx_word' id='word_1_283' title='bbox 1031 1420 1128 1452; x_wconf 85' lang='lat' dir='ltr'><strong>uenit</strong></span> <span class='ocrx_word' id='word_1_284' title='bbox 1159 1420 1196 1452; x_wconf 91' lang='lat' dir='ltr'><strong>in</strong></span> <span class='ocrx_word' id='word_1_285' title='bbox 1227 1420 1446 1453; x_wconf 83' lang='lat' dir='ltr'><strong>Hierusalem</strong></span> <span class='ocrx_word' id='word_1_286' title='bbox 1469 1431 1547 1454; x_wconf 91' lang='lat' dir='ltr'><strong>cum</strong></span> <span class='ocrx_word' id='word_1_287' title='bbox 1578 1420 1662 1453; x_wconf 88' lang='lat' dir='ltr'><strong>uiris</strong></span> <span class='ocrx_word' id='word_1_288' title='bbox 1684 1421 1779 1453; x_wconf 88' lang='lat' dir='ltr'><strong>mille</strong></span> <span class='ocrx_word' id='word_1_289' title='bbox 1809 1431 1888 1454; x_wconf 80' lang='lat' dir='ltr'><strong>occ.</strong></span> <span class='ocrx_word' id='word_1_290' title='bbox 1935 1421 1982 1454; x_wconf 88' lang='lat' dir='ltr'><strong>Et</strong></span> <span class='ocrx_word' id='word_1_291' title='bbox 2008 1421 2100 1454; x_wconf 87' lang='lat' dir='ltr'><strong>inter</strong></span> <span class='ocrx_word' id='word_1_292' title='bbox 2128 1420 2200 1454; x_wconf 78' lang='lat' dir='ltr'><strong>alia</strong></span> 
     </span>
     <span class='ocr_line' id='line_1_23' title="bbox 332 1473 2199 1520; baseline -0.001 -10"><span class='ocrx_word' id='word_1_293' title='bbox 332 1478 496 1511; x_wconf 84' lang='lat' dir='ltr'><strong>“strenue</strong></span> <span class='ocrx_word' id='word_1_294' title='bbox 519 1482 617 1520; x_wconf 84' lang='lat' dir='ltr'><strong>gesta</strong></span> <span class='ocrx_word' id='word_1_295' title='bbox 641 1474 826 1519; x_wconf 85' lang='lat' dir='ltr'><strong>castigauit</strong></span> <span class='ocrx_word' id='word_1_296' title='bbox 849 1473 936 1506; x_wconf 88' lang='lat' dir='ltr'><strong>filios</strong></span> <span class='ocrx_word' id='word_1_297' title='bbox 959 1473 1273 1517; x_wconf 87' lang='lat' dir='ltr'><strong>transmigrationis</strong></span> <span class='ocrx_word' id='word_1_298' title='bbox 1298 1473 1342 1506; x_wconf 88' lang='lat' dir='ltr'><strong>ab</strong></span> <span class='ocrx_word' id='word_1_299' title='bbox 1365 1473 1532 1507; x_wconf 84' lang='lat' dir='ltr'><strong>uxoribus</strong></span> <span class='ocrx_word' id='word_1_300' title='bbox 1548 1474 1765 1518; x_wconf 88' lang='lat' dir='ltr'><strong>alienigenis.</strong></span> <span class='ocrx_word' id='word_1_301' title='bbox 1813 1473 1978 1518; x_wconf 77' lang='lat' dir='ltr'><strong>Ejusdem</strong></span> <span class='ocrx_word' id='word_1_302' title='bbox 1995 1485 2086 1508; x_wconf 84' lang='lat' dir='ltr'><strong>anno</strong></span> <span class='ocrx_word' id='word_1_303' title='bbox 2101 1475 2199 1509; x_wconf 82' lang='lat' dir='ltr'><strong>uice-</strong></span> 
     </span>
     <span class='ocr_line' id='line_1_24' title="bbox 332 1527 2200 1572; baseline -0.001 -9"><span class='ocrx_word' id='word_1_304' title='bbox 332 1532 346 1548; x_wconf 87' lang='lat'>“</span> <span class='ocrx_word' id='word_1_305' title='bbox 360 1531 448 1563; x_wconf 89' lang='lat' dir='ltr'><strong>simo</strong></span> <span class='ocrx_word' id='word_1_306' title='bbox 471 1529 636 1563; x_wconf 87' lang='lat' dir='ltr'><strong>Neemias</strong></span> <span class='ocrx_word' id='word_1_307' title='bbox 660 1529 829 1572; x_wconf 85' lang='lat' dir='ltr'><strong>pincerna</strong></span> <span class='ocrx_word' id='word_1_308' title='bbox 851 1528 896 1560; x_wconf 91' lang='lat' dir='ltr'><strong>de</strong></span> <span class='ocrx_word' id='word_1_309' title='bbox 921 1527 1017 1561; x_wconf 85' lang='lat' dir='ltr'><strong>Susis</strong></span> <span class='ocrx_word' id='word_1_310' title='bbox 1042 1534 1155 1561; x_wconf 81' lang='lat' dir='ltr'><strong>castro</strong></span> <span class='ocrx_word' id='word_1_311' title='bbox 1172 1528 1375 1567; x_wconf 84' lang='lat' dir='ltr'><strong>adueniens,</strong></span> <span class='ocrx_word' id='word_1_312' title='bbox 1392 1539 1527 1560; x_wconf 92' lang='lat' dir='ltr'><strong>murum</strong></span> <span class='ocrx_word' id='word_1_313' title='bbox 1551 1528 1772 1562; x_wconf 85' lang='lat' dir='ltr'><strong>Hierusalem</strong></span> <span class='ocrx_word' id='word_1_314' title='bbox 1796 1528 2048 1572; x_wconf 80' lang='lat' dir='ltr'><strong>quinquaginta</strong></span> <span class='ocrx_word' id='word_1_315' title='bbox 2064 1527 2200 1561; x_wconf 86' lang='lat' dir='ltr'><strong>duobus</strong></span> 
     </span>
    </p>
   </div>
   <div class='ocr_carea' id='block_1_5' title="bbox 331 1580 2200 1626">
    <p class='ocr_par' dir='ltr' id='par_1_6' title="bbox 331 1580 2200 1626">
     <span class='ocr_line' id='line_1_25' title="bbox 331 1580 2200 1626; baseline -0.001 -9"><span class='ocrx_word' id='word_1_316' title='bbox 331 1583 482 1617; x_wconf 82' lang='lat' dir='ltr'><strong>“diebus</strong></span> <span class='ocrx_word' id='word_1_317' title='bbox 504 1582 666 1623; x_wconf 83' lang='lat' dir='ltr'><strong>restituit,</strong></span> <span class='ocrx_word' id='word_1_318' title='bbox 690 1588 724 1615; x_wconf 89' lang='lat' dir='ltr'><strong>et</strong></span> <span class='ocrx_word' id='word_1_319' title='bbox 748 1582 911 1616; x_wconf 87' lang='lat' dir='ltr'><strong>ducatum</strong></span> <span class='ocrx_word' id='word_1_320' title='bbox 934 1581 1031 1625; x_wconf 89' lang='lat' dir='ltr'><strong>genti</strong></span> <span class='ocrx_word' id='word_1_321' title='bbox 1055 1591 1109 1613; x_wconf 76' lang='grc' dir='ltr'><strong>ΧΠ</strong></span> <span class='ocrx_word' id='word_1_322' title='bbox 1135 1581 1233 1613; x_wconf 90' lang='lat' dir='ltr'><strong>annis</strong></span> <span class='ocrx_word' id='word_1_323' title='bbox 1257 1580 1456 1624; x_wconf 81' lang='lat' dir='ltr'><strong>prebuit„⁸.</strong></span> <span class='ocrx_word' id='word_1_324' title='bbox 1503 1582 1592 1614; x_wconf 89' lang='lat' dir='ltr'><strong>Item</strong></span> <span class='ocrx_word' id='word_1_325' title='bbox 1615 1582 1728 1615; x_wconf 89' lang='lat' dir='ltr'><strong>aliter.</strong></span> <span class='ocrx_word' id='word_1_326' title='bbox 1775 1582 1947 1626; x_wconf 81' lang='lat' dir='ltr'><strong>joachim,</strong></span> <span class='ocrx_word' id='word_1_327' title='bbox 1971 1581 2032 1625; x_wconf 89' lang='lat' dir='ltr'><strong>qui</strong></span> <span class='ocrx_word' id='word_1_328' title='bbox 2056 1587 2092 1615; x_wconf 87' lang='lat' dir='ltr'><strong>et</strong></span> <span class='ocrx_word' id='word_1_329' title='bbox 2114 1581 2200 1616; x_wconf 76' lang='lat' dir='ltr'><strong>Hie-</strong></span> 
     </span>
    </p>
   </div>
   <div class='ocr_carea' id='block_1_6' title="bbox 325 1627 2283 1680">
    <p class='ocr_par' dir='ltr' id='par_1_7' title="bbox 325 1627 2283 1680">
     <span class='ocr_line' id='line_1_26' title="bbox 325 1627 2283 1680; baseline -0.001 -9"><span class='ocrx_word' id='word_1_330' title='bbox 325 1638 468 1671; x_wconf 86' lang='lat' dir='ltr'><strong>chonias</strong></span> <span class='ocrx_word' id='word_1_331' title='bbox 491 1643 646 1680; x_wconf 84' lang='lat' dir='ltr'><strong>tempore</strong></span> <span class='ocrx_word' id='word_1_332' title='bbox 670 1636 883 1679; x_wconf 83' lang='lat' dir='ltr'><strong>captiuitatis</strong></span> <span class='ocrx_word' id='word_1_333' title='bbox 906 1635 1030 1679; x_wconf 88' lang='lat' dir='ltr'><strong>genuit</strong></span> <span class='ocrx_word' id='word_1_334' title='bbox 1053 1635 1234 1668; x_wconf 85' lang='lat' dir='ltr'><strong>Salathiel.</strong></span> <span class='ocrx_word' id='word_1_335' title='bbox 1282 1635 1450 1668; x_wconf 76' lang='lat' dir='ltr'><strong>Salathiel</strong></span> <span class='ocrx_word' id='word_1_336' title='bbox 1473 1636 1596 1680; x_wconf 87' lang='lat' dir='ltr'><strong>genuit</strong></span> <span class='ocrx_word' id='word_1_337' title='bbox 1622 1635 1821 1669; x_wconf 85' lang='lat' dir='ltr'><strong>Zorobabel</strong></span> <span class='ocrx_word' id='word_1_338' title='bbox 1843 1635 2016 1679; x_wconf 78' lang='lat' dir='ltr'><strong>jechonia</strong></span> <span class='ocrx_word' id='word_1_339' title='bbox 2045 1634 2198 1679; x_wconf 85' lang='lat' dir='ltr'><strong>quidem,</strong></span> <span class='ocrx_word' id='word_1_340' title='bbox 2221 1627 2283 1669; x_wconf 84' lang='lat'><strong>25&#39;</strong></span> 
     </span>
    </p>
   </div>
   <div class='ocr_carea' id='block_1_7' title="bbox 207 1688 2263 2110">
    <p class='ocr_par' dir='ltr' id='par_1_8' title="bbox 207 1688 2263 2110">
     <span class='ocr_line' id='line_1_27' title="bbox 325 1688 2198 1733; baseline -0.002 -9"><span class='ocrx_word' id='word_1_341' title='bbox 325 1697 360 1724; x_wconf 89' lang='lat' dir='ltr'><strong>et</strong></span> <span class='ocrx_word' id='word_1_342' title='bbox 383 1690 553 1724; x_wconf 87' lang='lat' dir='ltr'><strong>Salathiel</strong></span> <span class='ocrx_word' id='word_1_343' title='bbox 575 1690 612 1724; x_wconf 91' lang='lat' dir='ltr'><strong>in</strong></span> <span class='ocrx_word' id='word_1_344' title='bbox 634 1689 803 1723; x_wconf 89' lang='lat' dir='ltr'><strong>Babilone</strong></span> <span class='ocrx_word' id='word_1_345' title='bbox 821 1689 979 1723; x_wconf 81' lang='lat' dir='ltr'><strong>defuncti</strong></span> <span class='ocrx_word' id='word_1_346' title='bbox 996 1695 1087 1722; x_wconf 89' lang='lat' dir='ltr'><strong>sunt.</strong></span> <span class='ocrx_word' id='word_1_347' title='bbox 1133 1688 1331 1722; x_wconf 86' lang='lat' dir='ltr'><strong>Zorobabel</strong></span> <span class='ocrx_word' id='word_1_348' title='bbox 1347 1699 1433 1723; x_wconf 90' lang='lat' dir='ltr'><strong>uero</strong></span> <span class='ocrx_word' id='word_1_349' title='bbox 1450 1695 1530 1732; x_wconf 88' lang='lat' dir='ltr'><strong>post</strong></span> <span class='ocrx_word' id='word_1_350' title='bbox 1546 1689 1679 1723; x_wconf 85' lang='lat' dir='ltr'><strong>obitum</strong></span> <span class='ocrx_word' id='word_1_351' title='bbox 1696 1699 1826 1729; x_wconf 90' lang='lat' dir='ltr'><strong>eorum,</strong></span> <span class='ocrx_word' id='word_1_352' title='bbox 1850 1689 2074 1733; x_wconf 84' lang='lat' dir='ltr'><strong>permittente</strong></span> <span class='ocrx_word' id='word_1_353' title='bbox 2088 1688 2198 1723; x_wconf 81' lang='lat' dir='ltr'><strong>Dario</strong></span> 
     </span>
     <span class='ocr_line' id='line_1_28' title="bbox 324 1742 2197 1789; baseline -0.001 -11"><span class='ocrx_word' id='word_1_354' title='bbox 324 1755 419 1789; x_wconf 87' lang='lat' dir='ltr'><strong>rege,</strong></span> <span class='ocrx_word' id='word_1_355' title='bbox 443 1755 600 1789; x_wconf 85' lang='lat' dir='ltr'><strong>egressus</strong></span> <span class='ocrx_word' id='word_1_356' title='bbox 624 1750 676 1777; x_wconf 88' lang='lat' dir='ltr'><strong>est</strong></span> <span class='ocrx_word' id='word_1_357' title='bbox 706 1744 753 1777; x_wconf 91' lang='lat' dir='ltr'><strong>de</strong></span> <span class='ocrx_word' id='word_1_358' title='bbox 776 1743 957 1788; x_wconf 90' lang='lat' dir='ltr'><strong>Babylone</strong></span> <span class='ocrx_word' id='word_1_359' title='bbox 988 1753 1068 1775; x_wconf 89' lang='lat' dir='ltr'><strong>cum</strong></span> <span class='ocrx_word' id='word_1_360' title='bbox 1093 1742 1266 1782; x_wconf 86' lang='lat' dir='ltr'><strong>omnibus,</strong></span> <span class='ocrx_word' id='word_1_361' title='bbox 1298 1743 1358 1787; x_wconf 88' lang='lat' dir='ltr'><strong>qui</strong></span> <span class='ocrx_word' id='word_1_362' title='bbox 1391 1753 1471 1776; x_wconf 91' lang='lat' dir='ltr'><strong>cum</strong></span> <span class='ocrx_word' id='word_1_363' title='bbox 1502 1743 1563 1777; x_wconf 90' lang='lat' dir='ltr'><strong>illo</strong></span> <span class='ocrx_word' id='word_1_364' title='bbox 1593 1743 1716 1788; x_wconf 87' lang='lat' dir='ltr'><strong>egredi</strong></span> <span class='ocrx_word' id='word_1_365' title='bbox 1746 1743 1935 1776; x_wconf 85' lang='lat' dir='ltr'><strong>uoluerunt</strong></span> <span class='ocrx_word' id='word_1_366' title='bbox 1958 1753 2038 1776; x_wconf 89' lang='lat' dir='ltr'><strong>cum</strong></span> <span class='ocrx_word' id='word_1_367' title='bbox 2068 1752 2197 1787; x_wconf 79' lang='lat' dir='ltr'><strong>magno</strong></span> 
     </span>
     <span class='ocr_line' id='line_1_29' title="bbox 324 1796 2199 1842; baseline -0.001 -11"><span class='ocrx_word' id='word_1_368' title='bbox 324 1799 469 1838; x_wconf 89' lang='lat' dir='ltr'><strong>honore,</strong></span> <span class='ocrx_word' id='word_1_369' title='bbox 493 1803 529 1831; x_wconf 86' lang='lat' dir='ltr'><strong>et</strong></span> <span class='ocrx_word' id='word_1_370' title='bbox 551 1797 674 1842; x_wconf 86' lang='lat' dir='ltr'><strong>gratia,</strong></span> <span class='ocrx_word' id='word_1_371' title='bbox 698 1802 803 1840; x_wconf 87' lang='lat' dir='ltr'><strong>atque</strong></span> <span class='ocrx_word' id='word_1_372' title='bbox 826 1796 1045 1830; x_wconf 85' lang='lat' dir='ltr'><strong>Hierusalem</strong></span> <span class='ocrx_word' id='word_1_373' title='bbox 1061 1802 1140 1829; x_wconf 89' lang='lat' dir='ltr'><strong>sunt</strong></span> <span class='ocrx_word' id='word_1_374' title='bbox 1156 1796 1299 1830; x_wconf 88' lang='lat' dir='ltr'><strong>reuersi.</strong></span> <span class='ocrx_word' id='word_1_375' title='bbox 1345 1797 1429 1830; x_wconf 88' lang='lat' dir='ltr'><strong>Non</strong></span> <span class='ocrx_word' id='word_1_376' title='bbox 1452 1796 1544 1830; x_wconf 88' lang='lat' dir='ltr'><strong>enim</strong></span> <span class='ocrx_word' id='word_1_377' title='bbox 1561 1807 1681 1830; x_wconf 85' lang='lat' dir='ltr'><strong>omnes</strong></span> <span class='ocrx_word' id='word_1_378' title='bbox 1696 1797 1809 1836; x_wconf 85' lang='lat' dir='ltr'><strong>simul,</strong></span> <span class='ocrx_word' id='word_1_379' title='bbox 1834 1796 1898 1830; x_wconf 91' lang='lat' dir='ltr'><strong>sed</strong></span> <span class='ocrx_word' id='word_1_380' title='bbox 1920 1796 2010 1830; x_wconf 87' lang='lat' dir='ltr'><strong>sicut</strong></span> <span class='ocrx_word' id='word_1_381' title='bbox 2032 1806 2098 1840; x_wconf 83' lang='lat' dir='ltr'><strong>per</strong></span> <span class='ocrx_word' id='word_1_382' title='bbox 2112 1802 2199 1830; x_wconf 74' lang='lat' dir='ltr'><strong>tem-</strong></span> 
     </span>
     <span class='ocr_line' id='line_1_30' title="bbox 322 1850 2197 1895; baseline -0.001 -10"><span class='ocrx_word' id='word_1_383' title='bbox 322 1862 409 1895; x_wconf 90' lang='lat' dir='ltr'><strong>pora</strong></span> <span class='ocrx_word' id='word_1_384' title='bbox 433 1852 628 1895; x_wconf 84' lang='lat' dir='ltr'><strong>captiuitati</strong></span> <span class='ocrx_word' id='word_1_385' title='bbox 650 1857 740 1890; x_wconf 87' lang='lat' dir='ltr'><strong>sunt,</strong></span> <span class='ocrx_word' id='word_1_386' title='bbox 764 1851 815 1884; x_wconf 90' lang='lat' dir='ltr'><strong>sic</strong></span> <span class='ocrx_word' id='word_1_387' title='bbox 839 1860 904 1894; x_wconf 88' lang='lat' dir='ltr'><strong>per</strong></span> <span class='ocrx_word' id='word_1_388' title='bbox 927 1856 1085 1893; x_wconf 87' lang='lat' dir='ltr'><strong>tempora</strong></span> <span class='ocrx_word' id='word_1_389' title='bbox 1116 1851 1161 1884; x_wconf 90' lang='lat' dir='ltr'><strong>de</strong></span> <span class='ocrx_word' id='word_1_390' title='bbox 1186 1851 1310 1884; x_wconf 88' lang='lat' dir='ltr'><strong>eadem</strong></span> <span class='ocrx_word' id='word_1_391' title='bbox 1334 1857 1414 1884; x_wconf 84' lang='lat' dir='ltr'><strong>sunt</strong></span> <span class='ocrx_word' id='word_1_392' title='bbox 1444 1851 1647 1894; x_wconf 87' lang='lat' dir='ltr'><strong>captiuitate</strong></span> <span class='ocrx_word' id='word_1_393' title='bbox 1671 1852 1816 1884; x_wconf 87' lang='lat' dir='ltr'><strong>reuersi.</strong></span> <span class='ocrx_word' id='word_1_394' title='bbox 1861 1850 1980 1884; x_wconf 82' lang='lat' dir='ltr'><strong>Primo</strong></span> <span class='ocrx_word' id='word_1_395' title='bbox 2001 1859 2153 1894; x_wconf 78' lang='lat' dir='ltr'><strong>namque</strong></span> <span class='ocrx_word' id='word_1_396' title='bbox 2176 1860 2197 1884; x_wconf 76' lang='lat' dir='ltr'><strong>a</strong></span> 
     </span>
     <span class='ocr_line' id='line_1_31' title="bbox 207 1903 2263 1949; baseline -0.002 -8"><span class='ocrx_word' id='word_1_397' title='bbox 207 1921 226 1936; x_wconf 85' lang='lat' dir='ltr'><strong>c·</strong></span> <span class='ocrx_word' id='word_1_398' title='bbox 241 1920 288 1941; x_wconf 63' lang='grc' dir='ltr'><strong>«γα</strong></span> <span class='ocrx_word' id='word_1_399' title='bbox 324 1905 407 1939; x_wconf 90' lang='lat' dir='ltr'><strong>Ciro</strong></span> <span class='ocrx_word' id='word_1_400' title='bbox 429 1916 514 1949; x_wconf 88' lang='lat' dir='ltr'><strong>rege</strong></span> <span class='ocrx_word' id='word_1_401' title='bbox 536 1905 722 1939; x_wconf 88' lang='lat' dir='ltr'><strong>Persarum</strong></span> <span class='ocrx_word' id='word_1_402' title='bbox 745 1904 878 1938; x_wconf 84' lang='lat' dir='ltr'><strong>dimissi</strong></span> <span class='ocrx_word' id='word_1_403' title='bbox 901 1910 991 1944; x_wconf 87' lang='lat' dir='ltr'><strong>sunt,</strong></span> <span class='ocrx_word' id='word_1_404' title='bbox 1016 1903 1109 1938; x_wconf 89' lang='lat' dir='ltr'><strong>cum&#39;</strong></span> <span class='ocrx_word' id='word_1_405' title='bbox 1132 1905 1332 1938; x_wconf 84' lang='lat' dir='ltr'><strong>mandasset</strong></span> <span class='ocrx_word' id='word_1_406' title='bbox 1355 1904 1405 1938; x_wconf 85' lang='lat' dir='ltr'><strong>eis</strong></span> <span class='ocrx_word' id='word_1_407' title='bbox 1432 1904 1571 1938; x_wconf 89' lang='lat' dir='ltr'><strong>dicens:</strong></span> <span class='ocrx_word' id='word_1_408' title='bbox 1596 1906 1659 1948; x_wconf 83' lang='lat' dir='ltr'><strong>qui</strong></span> <span class='ocrx_word' id='word_1_409' title='bbox 1680 1905 1829 1938; x_wconf 82' lang='lat' dir='ltr'><strong>voluerit</strong></span> <span class='ocrx_word' id='word_1_410' title='bbox 1850 1904 1985 1948; x_wconf 82' lang='lat' dir='ltr'><strong>egredi,</strong></span> <span class='ocrx_word' id='word_1_411' title='bbox 2008 1908 2045 1937; x_wconf 79' lang='lat' dir='ltr'><strong>et</strong></span> <span class='ocrx_word' id='word_1_412' title='bbox 2064 1904 2198 1938; x_wconf 74' lang='lat' dir='ltr'><strong>reverti</strong></span> <span class='ocrx_word' id='word_1_413' title='bbox 2219 1904 2263 1937; x_wconf 80' lang='lat'><strong>³0</strong></span> 
     </span>
     <span class='ocr_line' id='line_1_32' title="bbox 325 1956 2197 2003; baseline -0.001 -11"><span class='ocrx_word' id='word_1_414' title='bbox 325 1960 362 1992; x_wconf 83' lang='lat' dir='ltr'><strong>in</strong></span> <span class='ocrx_word' id='word_1_415' title='bbox 385 1959 616 2002; x_wconf 74' lang='lat' dir='ltr'><strong>Hierusalem,</strong></span> <span class='ocrx_word' id='word_1_416' title='bbox 641 1970 705 2003; x_wconf 78' lang='lat' dir='ltr'><strong>que</strong></span> <span class='ocrx_word' id='word_1_417' title='bbox 726 1959 763 1992; x_wconf 79' lang='lat' dir='ltr'><strong>in</strong></span> <span class='ocrx_word' id='word_1_418' title='bbox 786 1956 903 2000; x_wconf 77' lang='lat' dir='ltr'><strong>Judea</strong></span> <span class='ocrx_word' id='word_1_419' title='bbox 926 1962 987 2001; x_wconf 82' lang='lat' dir='ltr'><strong>est,</strong></span> <span class='ocrx_word' id='word_1_420' title='bbox 1012 1962 1077 2001; x_wconf 82' lang='lat' dir='ltr'><strong>eat,</strong></span> <span class='ocrx_word' id='word_1_421' title='bbox 1102 1962 1137 1991; x_wconf 77' lang='lat' dir='ltr'><strong>et</strong></span> <span class='ocrx_word' id='word_1_422' title='bbox 1151 1958 1321 1991; x_wconf 78' lang='lat' dir='ltr'><strong>Dominus</strong></span> <span class='ocrx_word' id='word_1_423' title='bbox 1335 1958 1408 2002; x_wconf 86' lang='lat' dir='ltr'><strong>ejus</strong></span> <span class='ocrx_word' id='word_1_424' title='bbox 1422 1959 1469 1991; x_wconf 80' lang='lat' dir='ltr'><strong>sit</strong></span> <span class='ocrx_word' id='word_1_425' title='bbox 1490 1969 1566 1992; x_wconf 88' lang='lat' dir='ltr'><strong>cum</strong></span> <span class='ocrx_word' id='word_1_426' title='bbox 1589 1957 1663 1992; x_wconf 83' lang='lat' dir='ltr'><strong>eo⁰.</strong></span> <span class='ocrx_word' id='word_1_427' title='bbox 1709 1958 1787 1991; x_wconf 92' lang='lat' dir='ltr'><strong>Hec</strong></span> <span class='ocrx_word' id='word_1_428' title='bbox 1811 1967 1897 2002; x_wconf 90' lang='lat' dir='ltr'><strong>ergo</strong></span> <span class='ocrx_word' id='word_1_429' title='bbox 1913 1957 2027 2001; x_wconf 82' lang='lat' dir='ltr'><strong>prima</strong></span> <span class='ocrx_word' id='word_1_430' title='bbox 2042 1957 2197 2002; x_wconf 79' lang='lat' dir='ltr'><strong>egressio</strong></span> 
     </span>
     <span class='ocr_line' id='line_1_33' title="bbox 324 2010 2195 2057; baseline -0.001 -11"><span class='ocrx_word' id='word_1_431' title='bbox 324 2013 399 2057; x_wconf 83' lang='lat' dir='ltr'><strong>ejus</strong></span> <span class='ocrx_word' id='word_1_432' title='bbox 415 2013 635 2056; x_wconf 85' lang='lat' dir='ltr'><strong>captiuitatis.</strong></span> <span class='ocrx_word' id='word_1_433' title='bbox 662 2012 785 2046; x_wconf 88' lang='lat' dir='ltr'><strong>Altera</strong></span> <span class='ocrx_word' id='word_1_434' title='bbox 799 2019 914 2046; x_wconf 90' lang='lat' dir='ltr'><strong>autem</strong></span> <span class='ocrx_word' id='word_1_435' title='bbox 931 2012 1029 2046; x_wconf 79' lang='lat' dir='ltr'><strong>facta</strong></span> <span class='ocrx_word' id='word_1_436' title='bbox 1045 2018 1096 2045; x_wconf 86' lang='lat' dir='ltr'><strong>est</strong></span> <span class='ocrx_word' id='word_1_437' title='bbox 1112 2012 1176 2045; x_wconf 89' lang='lat' dir='ltr'><strong>sub</strong></span> <span class='ocrx_word' id='word_1_438' title='bbox 1192 2012 1300 2045; x_wconf 88' lang='lat' dir='ltr'><strong>Dario</strong></span> <span class='ocrx_word' id='word_1_439' title='bbox 1317 2022 1401 2057; x_wconf 88' lang='lat' dir='ltr'><strong>rege</strong></span> <span class='ocrx_word' id='word_1_440' title='bbox 1416 2011 1615 2047; x_wconf 87' lang='lat' dir='ltr'><strong>Medorum.</strong></span> <span class='ocrx_word' id='word_1_441' title='bbox 1648 2012 1770 2046; x_wconf 82' lang='lat' dir='ltr'><strong>Tertia</strong></span> <span class='ocrx_word' id='word_1_442' title='bbox 1783 2022 1869 2045; x_wconf 89' lang='lat' dir='ltr'><strong>uero</strong></span> <span class='ocrx_word' id='word_1_443' title='bbox 1887 2011 1951 2045; x_wconf 85' lang='lat' dir='ltr'><strong>sub</strong></span> <span class='ocrx_word' id='word_1_444' title='bbox 1966 2010 2195 2046; x_wconf 77' lang='lat' dir='ltr'><strong>Artaxersen.</strong></span> 
     </span>
     <span class='ocr_line' id='line_1_34' title="bbox 322 2064 2198 2110; baseline -0.001 -11"><span class='ocrx_word' id='word_1_445' title='bbox 322 2067 395 2100; x_wconf 90' lang='lat' dir='ltr'><strong>Sed</strong></span> <span class='ocrx_word' id='word_1_446' title='bbox 416 2066 478 2107; x_wconf 84' lang='lat' dir='ltr'><strong>illi,</strong></span> <span class='ocrx_word' id='word_1_447' title='bbox 501 2065 560 2110; x_wconf 87' lang='lat' dir='ltr'><strong>qui</strong></span> <span class='ocrx_word' id='word_1_448' title='bbox 583 2065 686 2109; x_wconf 87' lang='lat' dir='ltr'><strong>primi</strong></span> <span class='ocrx_word' id='word_1_449' title='bbox 700 2065 832 2110; x_wconf 85' lang='lat' dir='ltr'><strong>egressi</strong></span> <span class='ocrx_word' id='word_1_450' title='bbox 848 2071 927 2098; x_wconf 88' lang='lat' dir='ltr'><strong>sunt</strong></span> <span class='ocrx_word' id='word_1_451' title='bbox 942 2064 1006 2098; x_wconf 89' lang='lat' dir='ltr'><strong>sub</strong></span> <span class='ocrx_word' id='word_1_452' title='bbox 1022 2065 1118 2104; x_wconf 89' lang='lat' dir='ltr'><strong>Ciro,</strong></span> <span class='ocrx_word' id='word_1_453' title='bbox 1142 2065 1247 2108; x_wconf 84' lang='lat' dir='ltr'><strong>pauci</strong></span> <span class='ocrx_word' id='word_1_454' title='bbox 1268 2070 1378 2104; x_wconf 88' lang='lat' dir='ltr'><strong>erant,</strong></span> <span class='ocrx_word' id='word_1_455' title='bbox 1403 2070 1438 2098; x_wconf 89' lang='lat' dir='ltr'><strong>et</strong></span> <span class='ocrx_word' id='word_1_456' title='bbox 1453 2065 1567 2098; x_wconf 87' lang='lat' dir='ltr'><strong>nullus</strong></span> <span class='ocrx_word' id='word_1_457' title='bbox 1582 2064 1782 2109; x_wconf 87' lang='lat' dir='ltr'><strong>principum</strong></span> <span class='ocrx_word' id='word_1_458' title='bbox 1799 2075 1880 2098; x_wconf 89' lang='lat' dir='ltr'><strong>cum</strong></span> <span class='ocrx_word' id='word_1_459' title='bbox 1903 2064 1954 2097; x_wconf 85' lang='lat' dir='ltr'><strong>eis</strong></span> <span class='ocrx_word' id='word_1_460' title='bbox 1969 2070 2022 2098; x_wconf 89' lang='lat' dir='ltr'><strong>est</strong></span> <span class='ocrx_word' id='word_1_461' title='bbox 2038 2073 2198 2108; x_wconf 75' lang='lat' dir='ltr'><strong>egressus</strong></span> 
     </span>
    </p>
   </div>
   <div class='ocr_carea' id='block_1_8' title="bbox 321 2218 2195 2390">
    <p class='ocr_par' dir='ltr' id='par_1_9' title="bbox 321 2218 2195 2390">
     <span class='ocr_line' id='line_1_35' title="bbox 396 2218 2195 2254; baseline -0.001 -8"><span class='ocrx_word' id='word_1_462' title='bbox 396 2229 418 2247; x_wconf 77' lang='grc' dir='ltr'><strong>ι.</strong></span> <span class='ocrx_word' id='word_1_463' title='bbox 438 2221 586 2248; x_wconf 74' lang='lat' dir='ltr'><strong>licenciam</strong></span> <span class='ocrx_word' id='word_1_464' title='bbox 604 2222 631 2247; x_wconf 85' lang='lat' dir='ltr'><em>B</em></span> <span class='ocrx_word' id='word_1_465' title='bbox 644 2222 668 2247; x_wconf 85' lang='lat' dir='ltr'>C</span> <span class='ocrx_word' id='word_1_466' title='bbox 684 2235 695 2241; x_wconf 98' lang='lat'>-</span> <span class='ocrx_word' id='word_1_467' title='bbox 714 2223 783 2254; x_wconf 66' lang='lat' dir='ltr'><strong>aput</strong></span> <span class='ocrx_word' id='word_1_468' title='bbox 800 2221 828 2247; x_wconf 85' lang='lat' dir='ltr'><em>B</em></span> <span class='ocrx_word' id='word_1_469' title='bbox 840 2221 864 2246; x_wconf 86' lang='lat' dir='ltr'>C</span> <span class='ocrx_word' id='word_1_470' title='bbox 874 2235 907 2241; x_wconf 88' lang='lat'><strong>--</strong></span> <span class='ocrx_word' id='word_1_471' title='bbox 923 2227 947 2248; x_wconf 85' lang='lat'><strong>2.</strong></span> <span class='ocrx_word' id='word_1_472' title='bbox 961 2221 1123 2254; x_wconf 71' lang='lat' dir='ltr'><strong>Tar-quinus</strong></span> <span class='ocrx_word' id='word_1_473' title='bbox 1147 2220 1171 2246; x_wconf 83' lang='lat' dir='ltr'>C</span> <span class='ocrx_word' id='word_1_474' title='bbox 1186 2234 1198 2240; x_wconf 95' lang='lat'>-</span> <span class='ocrx_word' id='word_1_475' title='bbox 1217 2221 1283 2247; x_wconf 81' lang='lat' dir='ltr'><strong>octo</strong></span> <span class='ocrx_word' id='word_1_476' title='bbox 1300 2220 1324 2246; x_wconf 85' lang='lat' dir='ltr'>C</span> <span class='ocrx_word' id='word_1_477' title='bbox 1334 2235 1367 2240; x_wconf 89' lang='lat'><strong>—</strong></span> <span class='ocrx_word' id='word_1_478' title='bbox 1384 2227 1426 2247; x_wconf 72' lang='grc' dir='ltr'><strong>ιο.</strong></span> <span class='ocrx_word' id='word_1_479' title='bbox 1440 2220 1573 2247; x_wconf 75' lang='lat' dir='ltr'><strong>Lxxlm</strong></span> <span class='ocrx_word' id='word_1_480' title='bbox 1584 2228 1632 2246; x_wconf 76' lang='lat' dir='ltr'><strong>om.</strong></span> <span class='ocrx_word' id='word_1_481' title='bbox 1652 2220 1677 2245; x_wconf 83' lang='grc' dir='ltr'><em>Α</em></span> <span class='ocrx_word' id='word_1_482' title='bbox 1692 2233 1725 2239; x_wconf 88' lang='grc'><strong>-</strong></span> <span class='ocrx_word' id='word_1_483' title='bbox 1743 2226 1786 2246; x_wconf 78' lang='lat'><strong>12.</strong></span> <span class='ocrx_word' id='word_1_484' title='bbox 1799 2220 1891 2246; x_wconf 83' lang='lat' dir='ltr'><strong>eciam</strong></span> <span class='ocrx_word' id='word_1_485' title='bbox 1914 2218 1938 2244; x_wconf 87' lang='lat' dir='ltr'>C</span> <span class='ocrx_word' id='word_1_486' title='bbox 1954 2232 1987 2238; x_wconf 93' lang='lat'><strong>-—</strong></span> <span class='ocrx_word' id='word_1_487' title='bbox 2010 2225 2050 2252; x_wconf 83' lang='lat'><strong>14.</strong></span> <span class='ocrx_word' id='word_1_488' title='bbox 2067 2218 2195 2244; x_wconf 81' lang='lat' dir='ltr'><strong>Demon-</strong></span> 
     </span>
     <span class='ocr_line' id='line_1_36' title="bbox 323 2261 2194 2299; baseline -0.003 -8"><span class='ocrx_word' id='word_1_489' title='bbox 323 2266 416 2292; x_wconf 75' lang='lat' dir='ltr'><strong>stenes</strong></span> <span class='ocrx_word' id='word_1_490' title='bbox 438 2266 461 2290; x_wconf 88' lang='lat' dir='ltr'>C</span> <span class='ocrx_word' id='word_1_491' title='bbox 478 2279 511 2284; x_wconf 89' lang='lat'><strong>-—</strong></span> <span class='ocrx_word' id='word_1_492' title='bbox 532 2272 620 2299; x_wconf 83' lang='lat'>14·15·</span> <span class='ocrx_word' id='word_1_493' title='bbox 641 2267 782 2292; x_wconf 87' lang='lat' dir='ltr'><strong>Erodotus</strong></span> <span class='ocrx_word' id='word_1_494' title='bbox 801 2267 828 2290; x_wconf 91' lang='lat' dir='ltr'><em>B</em></span> <span class='ocrx_word' id='word_1_495' title='bbox 845 2279 858 2286; x_wconf 90' lang='lat'>-</span> <span class='ocrx_word' id='word_1_496' title='bbox 876 2266 980 2291; x_wconf 82' lang='lat' dir='ltr'><strong>Xeusis</strong></span> <span class='ocrx_word' id='word_1_497' title='bbox 997 2266 1020 2290; x_wconf 88' lang='lat' dir='ltr'>C</span> <span class='ocrx_word' id='word_1_498' title='bbox 1032 2279 1064 2284; x_wconf 91' lang='lat'>—</span> <span class='ocrx_word' id='word_1_499' title='bbox 1081 2264 1121 2290; x_wconf 89' lang='lat'><strong>16.</strong></span> <span class='ocrx_word' id='word_1_500' title='bbox 1134 2272 1195 2290; x_wconf 88' lang='lat' dir='ltr'><strong>xxv</strong></span> <span class='ocrx_word' id='word_1_501' title='bbox 1208 2265 1232 2290; x_wconf 80' lang='lat' dir='ltr'><em>A</em></span> <span class='ocrx_word' id='word_1_502' title='bbox 1243 2265 1270 2290; x_wconf 88' lang='lat' dir='ltr'><em>B</em></span> <span class='ocrx_word' id='word_1_503' title='bbox 1289 2279 1321 2284; x_wconf 92' lang='lat'><strong>—</strong></span> <span class='ocrx_word' id='word_1_504' title='bbox 1342 2272 1385 2291; x_wconf 86' lang='lat'><strong>21.</strong></span> <span class='ocrx_word' id='word_1_505' title='bbox 1398 2265 1548 2290; x_wconf 78' lang='lat' dir='ltr'><strong>Ierusalem</strong></span> <span class='ocrx_word' id='word_1_506' title='bbox 1566 2266 1593 2290; x_wconf 89' lang='lat' dir='ltr'><em>B</em></span> <span class='ocrx_word' id='word_1_507' title='bbox 1606 2265 1629 2289; x_wconf 85' lang='lat' dir='ltr'>C</span> <span class='ocrx_word' id='word_1_508' title='bbox 1640 2278 1673 2283; x_wconf 92' lang='lat'>—</span> <span class='ocrx_word' id='word_1_509' title='bbox 1694 2271 1737 2297; x_wconf 86' lang='lat'><strong>²3·</strong></span> <span class='ocrx_word' id='word_1_510' title='bbox 1751 2265 1903 2290; x_wconf 81' lang='lat' dir='ltr'><strong>Ierusalem</strong></span> <span class='ocrx_word' id='word_1_511' title='bbox 1920 2264 1947 2288; x_wconf 89' lang='lat' dir='ltr'><em>B</em></span> <span class='ocrx_word' id='word_1_512' title='bbox 1960 2264 1983 2288; x_wconf 90' lang='lat' dir='ltr'>C</span> <span class='ocrx_word' id='word_1_513' title='bbox 1994 2276 2027 2281; x_wconf 92' lang='lat'>—</span> <span class='ocrx_word' id='word_1_514' title='bbox 2047 2266 2139 2295; x_wconf 79' lang='lat'>24-25.</span> <span class='ocrx_word' id='word_1_515' title='bbox 2153 2261 2194 2286; x_wconf 86' lang='lat' dir='ltr'><strong>Ie-</strong></span> 
     </span>
     <span class='ocr_line' id='line_1_37' title="bbox 321 2306 2193 2343; baseline -0.002 -8"><span class='ocrx_word' id='word_1_516' title='bbox 321 2310 439 2336; x_wconf 79' lang='lat' dir='ltr'><strong>uhonias</strong></span> <span class='ocrx_word' id='word_1_517' title='bbox 456 2311 483 2335; x_wconf 93' lang='lat' dir='ltr'><em>B</em></span> <span class='ocrx_word' id='word_1_518' title='bbox 497 2311 520 2335; x_wconf 85' lang='lat' dir='ltr'>C</span> <span class='ocrx_word' id='word_1_519' title='bbox 536 2324 570 2329; x_wconf 96' lang='lat'>—</span> <span class='ocrx_word' id='word_1_520' title='bbox 586 2317 630 2343; x_wconf 85' lang='lat'><strong>27.</strong></span> <span class='ocrx_word' id='word_1_521' title='bbox 642 2311 789 2336; x_wconf 82' lang='lat' dir='ltr'><strong>veluerunt</strong></span> <span class='ocrx_word' id='word_1_522' title='bbox 812 2311 835 2335; x_wconf 86' lang='lat' dir='ltr'>C</span> <span class='ocrx_word' id='word_1_523' title='bbox 852 2324 885 2329; x_wconf 94' lang='lat'><strong>—-</strong></span> <span class='ocrx_word' id='word_1_524' title='bbox 905 2311 948 2337; x_wconf 82' lang='lat'><strong>28.</strong></span> <span class='ocrx_word' id='word_1_525' title='bbox 961 2310 1112 2336; x_wconf 80' lang='lat' dir='ltr'><strong>Ierusalem</strong></span> <span class='ocrx_word' id='word_1_526' title='bbox 1125 2310 1152 2334; x_wconf 88' lang='lat' dir='ltr'><em>B</em></span> <span class='ocrx_word' id='word_1_527' title='bbox 1166 2309 1189 2334; x_wconf 89' lang='lat' dir='ltr'>C</span> <span class='ocrx_word' id='word_1_528' title='bbox 1205 2323 1216 2329; x_wconf 93' lang='lat'>-</span> <span class='ocrx_word' id='word_1_529' title='bbox 1237 2310 1280 2335; x_wconf 79' lang='lat' dir='ltr'><strong>set</strong></span> <span class='ocrx_word' id='word_1_530' title='bbox 1302 2310 1326 2334; x_wconf 88' lang='lat' dir='ltr'>C</span> <span class='ocrx_word' id='word_1_531' title='bbox 1342 2323 1375 2327; x_wconf 98' lang='lat'><strong>—</strong></span> <span class='ocrx_word' id='word_1_532' title='bbox 1396 2317 1440 2343; x_wconf 85' lang='lat'><strong>30.</strong></span> <span class='ocrx_word' id='word_1_533' title='bbox 1457 2310 1572 2343; x_wconf 80' lang='lat' dir='ltr'><strong>eggredi</strong></span> <span class='ocrx_word' id='word_1_534' title='bbox 1596 2310 1620 2334; x_wconf 92' lang='lat' dir='ltr'>C</span> <span class='ocrx_word' id='word_1_535' title='bbox 1636 2323 1669 2327; x_wconf 96' lang='lat'>—</span> <span class='ocrx_word' id='word_1_536' title='bbox 1689 2316 1732 2343; x_wconf 89' lang='lat'><strong>31.</strong></span> <span class='ocrx_word' id='word_1_537' title='bbox 1752 2309 1903 2335; x_wconf 79' lang='lat' dir='ltr'><strong>Ierusalem</strong></span> <span class='ocrx_word' id='word_1_538' title='bbox 1922 2309 1949 2333; x_wconf 86' lang='lat' dir='ltr'><em>B</em></span> <span class='ocrx_word' id='word_1_539' title='bbox 1962 2308 1986 2332; x_wconf 89' lang='lat' dir='ltr'>C</span> <span class='ocrx_word' id='word_1_540' title='bbox 2002 2321 2014 2328; x_wconf 93' lang='lat'>-</span> <span class='ocrx_word' id='word_1_541' title='bbox 2033 2314 2102 2333; x_wconf 76' lang='lat' dir='ltr'><strong>vero</strong></span> <span class='ocrx_word' id='word_1_542' title='bbox 2124 2306 2193 2331; x_wconf 83' lang='lat' dir='ltr'>C—</span> 
     </span>
     <span class='ocr_line' id='line_1_38' title="bbox 321 2355 1021 2390; baseline 0 -10"><span class='ocrx_word' id='word_1_543' title='bbox 321 2361 366 2387; x_wconf 83' lang='lat'><strong>3²·</strong></span> <span class='ocrx_word' id='word_1_544' title='bbox 384 2355 485 2382; x_wconf 73' lang='lat' dir='ltr'><strong>Ten-cio</strong></span> <span class='ocrx_word' id='word_1_545' title='bbox 502 2356 529 2381; x_wconf 87' lang='lat' dir='ltr'><em>B</em></span> <span class='ocrx_word' id='word_1_546' title='bbox 541 2356 565 2381; x_wconf 88' lang='lat' dir='ltr'>C</span> <span class='ocrx_word' id='word_1_547' title='bbox 581 2369 615 2375; x_wconf 95' lang='lat'>—</span> <span class='ocrx_word' id='word_1_548' title='bbox 635 2362 677 2390; x_wconf 86' lang='lat'><strong>33.</strong></span> <span class='ocrx_word' id='word_1_549' title='bbox 696 2357 740 2382; x_wconf 72' lang='lat' dir='ltr'><strong>net</strong></span> <span class='ocrx_word' id='word_1_550' title='bbox 763 2355 787 2380; x_wconf 85' lang='lat' dir='ltr'>C</span> <span class='ocrx_word' id='word_1_551' title='bbox 803 2369 812 2375; x_wconf 95' lang='lat'>-</span> <span class='ocrx_word' id='word_1_552' title='bbox 832 2363 974 2390; x_wconf 72' lang='lat' dir='ltr'><strong>egressum</strong></span> <span class='ocrx_word' id='word_1_553' title='bbox 998 2355 1021 2380; x_wconf 87' lang='lat' dir='ltr'>C</span> 
     </span>
    </p>
   </div>
   <div class='ocr_carea' id='block_1_9' title="bbox 263 2450 2258 2996">
    <p class='ocr_par' dir='ltr' id='par_1_10' title="bbox 279 2450 2258 2617">
     <span class='ocr_line' id='line_1_39' title="bbox 279 2450 2192 2490; baseline -0.001 -10"><span class='ocrx_word' id='word_1_554' title='bbox 279 2457 294 2484; x_wconf 83' lang='lat'>5</span> <span class='ocrx_word' id='word_1_555' title='bbox 412 2452 422 2470; x_wconf 84' lang='lat'><em>¹</em></span> <span class='ocrx_word' id='word_1_556' title='bbox 441 2462 460 2480; x_wconf 76' lang='grc' dir='ltr'><strong>ιι</strong></span> <span class='ocrx_word' id='word_1_557' title='bbox 478 2456 536 2481; x_wconf 80' lang='lat' dir='ltr'><strong>cita</strong></span> <span class='ocrx_word' id='word_1_558' title='bbox 554 2463 605 2481; x_wconf 80' lang='lat' dir='ltr'><strong>san</strong></span> <span class='ocrx_word' id='word_1_559' title='bbox 625 2454 780 2487; x_wconf 80' lang='lat' dir='ltr'><strong>Girolamo,</strong></span> <span class='ocrx_word' id='word_1_560' title='bbox 799 2455 852 2481; x_wconf 88' lang='lat' dir='ltr'><strong>che</strong></span> <span class='ocrx_word' id='word_1_561' title='bbox 872 2456 902 2481; x_wconf 80' lang='lat' dir='ltr'><strong>in</strong></span> <span class='ocrx_word' id='word_1_562' title='bbox 922 2457 1022 2490; x_wconf 76' lang='lat' dir='ltr'><strong>questo</strong></span> <span class='ocrx_word' id='word_1_563' title='bbox 1036 2457 1127 2488; x_wconf 87' lang='lat' dir='ltr'><strong>punto</strong></span> <span class='ocrx_word' id='word_1_564' title='bbox 1146 2456 1227 2482; x_wconf 81' lang='lat' dir='ltr'><strong>diffe-</strong></span> <span class='ocrx_word' id='word_1_565' title='bbox 1373 2453 1383 2471; x_wconf 86' lang='lat'><strong>⁴</strong></span> <span class='ocrx_word' id='word_1_566' title='bbox 1402 2455 1493 2486; x_wconf 69' lang='lat' dir='ltr'><strong>Bam.</strong></span> <span class='ocrx_word' id='word_1_567' title='bbox 1515 2455 1568 2481; x_wconf 88' lang='lat' dir='ltr'><strong>loc.</strong></span> <span class='ocrx_word' id='word_1_568' title='bbox 1587 2456 1741 2489; x_wconf 78' lang='lat' dir='ltr'><strong>clt.,copla</strong></span> <span class='ocrx_word' id='word_1_569' title='bbox 1754 2455 1790 2480; x_wconf 85' lang='lat' dir='ltr'><strong>da</strong></span> <span class='ocrx_word' id='word_1_570' title='bbox 1803 2454 1943 2486; x_wconf 72' lang='lat' dir='ltr'><strong>Onosms,</strong></span> <span class='ocrx_word' id='word_1_571' title='bbox 1957 2453 1991 2485; x_wconf 82' lang='lat'><strong>11,</strong></span> <span class='ocrx_word' id='word_1_572' title='bbox 2011 2459 2038 2485; x_wconf 87' lang='lat'><strong>9,</strong></span> <span class='ocrx_word' id='word_1_573' title='bbox 2052 2459 2067 2478; x_wconf 83' lang='lat'>2</span> <span class='ocrx_word' id='word_1_574' title='bbox 2081 2451 2123 2486; x_wconf 86' lang='lat' dir='ltr'><strong>(p.</strong></span> <span class='ocrx_word' id='word_1_575' title='bbox 2135 2450 2192 2484; x_wconf 85' lang='grc'><strong>45),</strong></span> 
     </span>
     <span class='ocr_line' id='line_1_40' title="bbox 323 2495 2258 2532; baseline 0.001 -12"><span class='ocrx_word' id='word_1_576' title='bbox 323 2496 394 2521; x_wconf 81' lang='lat' dir='ltr'><strong>risce</strong></span> <span class='ocrx_word' id='word_1_577' title='bbox 411 2504 450 2522; x_wconf 88' lang='lat' dir='ltr'><strong>un</strong></span> <span class='ocrx_word' id='word_1_578' title='bbox 469 2504 553 2530; x_wconf 84' lang='lat' dir='ltr'><strong>poco.</strong></span> <span class='ocrx_word' id='word_1_579' title='bbox 588 2498 621 2524; x_wconf 86' lang='lat' dir='ltr'><strong>In</strong></span> <span class='ocrx_word' id='word_1_580' title='bbox 640 2498 713 2523; x_wconf 74' lang='lat' dir='ltr'><strong>tatto</strong></span> <span class='ocrx_word' id='word_1_581' title='bbox 733 2497 801 2532; x_wconf 73' lang='lat' dir='ltr'><strong>pero</strong></span> <span class='ocrx_word' id='word_1_582' title='bbox 821 2498 840 2522; x_wconf 88' lang='grc'><strong>11</strong></span> <span class='ocrx_word' id='word_1_583' title='bbox 858 2500 959 2523; x_wconf 87' lang='lat' dir='ltr'><strong>nostro</strong></span> <span class='ocrx_word' id='word_1_584' title='bbox 978 2497 1116 2525; x_wconf 82' lang='lat' dir='ltr'><strong>Cronista</strong></span> <span class='ocrx_word' id='word_1_585' title='bbox 1142 2499 1228 2530; x_wconf 78' lang='lat' dir='ltr'><strong>copla</strong></span> <span class='ocrx_word' id='word_1_586' title='bbox 1282 2497 1377 2531; x_wconf 71' lang='lat' dir='ltr'><strong>speeie</strong></span> <span class='ocrx_word' id='word_1_587' title='bbox 1396 2497 1432 2522; x_wconf 75' lang='lat' dir='ltr'><strong>da</strong></span> <span class='ocrx_word' id='word_1_588' title='bbox 1452 2497 1723 2531; x_wconf 72' lang='lat' dir='ltr'><strong>¹¹....septingenta</strong></span> <span class='ocrx_word' id='word_1_589' title='bbox 1743 2497 1908 2529; x_wconf 78' lang='lat' dir='ltr'><strong>milia....‚,</strong></span> <span class='ocrx_word' id='word_1_590' title='bbox 1928 2504 1946 2523; x_wconf 83' lang='lat' dir='ltr'><strong>a</strong></span> <span class='ocrx_word' id='word_1_591' title='bbox 1965 2495 1980 2510; x_wconf 79' lang='lat'><strong>‘¹</strong></span> <span class='ocrx_word' id='word_1_592' title='bbox 1990 2495 2158 2526; x_wconf 65' lang='lat' dir='ltr'><strong>nmatur„</strong></span> <span class='ocrx_word' id='word_1_593' title='bbox 2222 2500 2258 2519; x_wconf 79' lang='lat'><strong>20</strong></span> 
     </span>
     <span class='ocr_line' id='line_1_41' title="bbox 323 2537 2193 2575; baseline 0.001 -13"><span class='ocrx_word' id='word_1_594' title='bbox 323 2538 400 2565; x_wconf 82' lang='lat' dir='ltr'><strong>dalla</strong></span> <span class='ocrx_word' id='word_1_595' title='bbox 422 2540 507 2566; x_wconf 75' lang='lat' dir='ltr'><strong>solita</strong></span> <span class='ocrx_word' id='word_1_596' title='bbox 530 2539 611 2565; x_wconf 80' lang='lat' dir='ltr'><strong>fonte</strong></span> <span class='ocrx_word' id='word_1_597' title='bbox 636 2541 745 2566; x_wconf 80' lang='lat' dir='ltr'><strong>bedana</strong></span> <span class='ocrx_word' id='word_1_598' title='bbox 765 2540 832 2573; x_wconf 79' lang='lat' dir='ltr'><strong>(vol.</strong></span> <span class='ocrx_word' id='word_1_599' title='bbox 856 2540 915 2572; x_wconf 69' lang='lat' dir='ltr'><strong>cit„</strong></span> <span class='ocrx_word' id='word_1_600' title='bbox 941 2549 967 2575; x_wconf 88' lang='lat' dir='ltr'><strong>p.</strong></span> <span class='ocrx_word' id='word_1_601' title='bbox 997 2541 1068 2574; x_wconf 87' lang='lat'>108),</span> <span class='ocrx_word' id='word_1_602' title='bbox 1090 2548 1170 2566; x_wconf 89' lang='lat' dir='ltr'><strong>come</strong></span> <span class='ocrx_word' id='word_1_603' title='bbox 1189 2541 1227 2566; x_wconf 88' lang='lat' dir='ltr'><strong>ho</strong></span> <span class='ocrx_word' id='word_1_604' title='bbox 1372 2538 1384 2556; x_wconf 75' lang='lat'>⁵</span> <span class='ocrx_word' id='word_1_605' title='bbox 1405 2541 1546 2572; x_wconf 73' lang='lat' dir='ltr'><strong>onosma,</strong></span> <span class='ocrx_word' id='word_1_606' title='bbox 1566 2540 1602 2573; x_wconf 85' lang='grc' dir='ltr'><strong>Π,</strong></span> <span class='ocrx_word' id='word_1_607' title='bbox 1625 2547 1666 2574; x_wconf 81' lang='lat'><strong>13,</strong></span> <span class='ocrx_word' id='word_1_608' title='bbox 1687 2547 1702 2566; x_wconf 82' lang='lat'>2</span> <span class='ocrx_word' id='word_1_609' title='bbox 1722 2540 1784 2566; x_wconf 75' lang='lat' dir='ltr'><strong>dice</strong></span> <span class='ocrx_word' id='word_1_610' title='bbox 1804 2539 1887 2574; x_wconf 71' lang='lat' dir='ltr'><strong>perot</strong></span> <span class='ocrx_word' id='word_1_611' title='bbox 1907 2537 2193 2566; x_wconf 69' lang='lat' dir='ltr'><strong>³¹....treoentenimo</strong></span> 
     </span>
     <span class='ocr_line' id='line_1_42' title="bbox 323 2580 2194 2617; baseline 0.001 -13"><span class='ocrx_word' id='word_1_612' title='bbox 323 2580 451 2608; x_wconf 80' lang='lat' dir='ltr'><strong>indicato</strong></span> <span class='ocrx_word' id='word_1_613' title='bbox 469 2589 523 2607; x_wconf 90' lang='lat' dir='ltr'><strong>con</strong></span> <span class='ocrx_word' id='word_1_614' title='bbox 542 2583 569 2607; x_wconf 88' lang='lat' dir='ltr'><strong>le</strong></span> <span class='ocrx_word' id='word_1_615' title='bbox 587 2583 671 2608; x_wconf 84' lang='lat' dir='ltr'><strong>solite</strong></span> <span class='ocrx_word' id='word_1_616' title='bbox 691 2582 854 2615; x_wconf 81' lang='lat' dir='ltr'><strong>virgolette.</strong></span> <span class='ocrx_word' id='word_1_617' title='bbox 1283 2583 1298 2598; x_wconf 82' lang='lat'><strong>⁴¹</strong></span> <span class='ocrx_word' id='word_1_618' title='bbox 1307 2590 1394 2614; x_wconf 81' lang='lat' dir='ltr'><strong>anno,</strong></span> <span class='ocrx_word' id='word_1_619' title='bbox 1413 2583 1469 2608; x_wconf 88' lang='lat' dir='ltr'><strong>hoc</strong></span> <span class='ocrx_word' id='word_1_620' title='bbox 1487 2584 1532 2608; x_wconf 84' lang='lat' dir='ltr'><strong>est</strong></span> <span class='ocrx_word' id='word_1_621' title='bbox 1550 2583 1716 2617; x_wconf 75' lang='lat' dir='ltr'><strong>olympiade</strong></span> <span class='ocrx_word' id='word_1_622' title='bbox 1734 2584 1924 2616; x_wconf 76' lang='lat' dir='ltr'><strong>nonagesima</strong></span> <span class='ocrx_word' id='word_1_623' title='bbox 1941 2582 2045 2615; x_wconf 73' lang='lat' dir='ltr'><strong>quinta</strong></span> <span class='ocrx_word' id='word_1_624' title='bbox 2064 2581 2194 2615; x_wconf 68' lang='lat' dir='ltr'><strong>pote-tu</strong></span> 
     </span>
    </p>

    <p class='ocr_par' dir='ltr' id='par_1_11' title="bbox 263 2621 2254 2870">
     <span class='ocr_line' id='line_1_43' title="bbox 412 2621 1995 2658; baseline 0 -9"><span class='ocrx_word' id='word_1_625' title='bbox 412 2621 424 2639; x_wconf 74' lang='lat'>²</span> <span class='ocrx_word' id='word_1_626' title='bbox 444 2625 602 2657; x_wconf 82' lang='lat' dir='ltr'><strong>Tarquinio</strong></span> <span class='ocrx_word' id='word_1_627' title='bbox 622 2625 643 2650; x_wconf 85' lang='lat' dir='ltr'><strong>il</strong></span> <span class='ocrx_word' id='word_1_628' title='bbox 660 2624 796 2658; x_wconf 87' lang='lat' dir='ltr'><strong>Superbo,</strong></span> <span class='ocrx_word' id='word_1_629' title='bbox 822 2633 902 2650; x_wconf 88' lang='lat' dir='ltr'><strong>come</strong></span> <span class='ocrx_word' id='word_1_630' title='bbox 922 2624 985 2650; x_wconf 76' lang='lat' dir='ltr'><strong>dice</strong></span> <span class='ocrx_word' id='word_1_631' title='bbox 1003 2625 1121 2656; x_wconf 77' lang='lat' dir='ltr'><strong>szws,</strong></span> <span class='ocrx_word' id='word_1_632' title='bbox 1141 2625 1162 2656; x_wconf 85' lang='grc' dir='ltr'><strong>Ι,</strong></span> <span class='ocrx_word' id='word_1_633' title='bbox 1182 2624 1226 2656; x_wconf 84' lang='grc'><strong>60,</strong></span> <span class='ocrx_word' id='word_1_634' title='bbox 1283 2624 1456 2650; x_wconf 69' lang='lat' dir='ltr'><strong>‘consulum</strong></span> <span class='ocrx_word' id='word_1_635' title='bbox 1474 2624 1643 2651; x_wconf 68' lang='lat' dir='ltr'><strong>decemviru</strong></span> <span class='ocrx_word' id='word_1_636' title='bbox 1662 2625 1800 2651; x_wconf 79' lang='lat' dir='ltr'><strong>tradita..</strong></span> <span class='ocrx_word' id='word_1_637' title='bbox 1813 2642 1858 2657; x_wconf 83' lang='lat'><em>..‚,</em></span> <span class='ocrx_word' id='word_1_638' title='bbox 1880 2624 1920 2657; x_wconf 85' lang='lat' dir='ltr'><strong>(p.</strong></span> <span class='ocrx_word' id='word_1_639' title='bbox 1940 2623 1995 2657; x_wconf 82' lang='lat'>50).</span> 
     </span>
     <span class='ocr_line' id='line_1_44' title="bbox 263 2665 2194 2701; baseline -0.001 -9"><span class='ocrx_word' id='word_1_640' title='bbox 263 2666 297 2686; x_wconf 81' lang='lat'><strong>10</strong></span> <span class='ocrx_word' id='word_1_641' title='bbox 324 2666 338 2680; x_wconf 68' lang='lat'><strong><em>⁸</em></strong></span> <span class='ocrx_word' id='word_1_642' title='bbox 348 2667 477 2699; x_wconf 71' lang='lat' dir='ltr'><strong>regnavit</strong></span> <span class='ocrx_word' id='word_1_643' title='bbox 495 2674 587 2692; x_wconf 77' lang='lat' dir='ltr'><strong>annos</strong></span> <span class='ocrx_word' id='word_1_644' title='bbox 603 2667 728 2700; x_wconf 79' lang='lat' dir='ltr'><strong>quinque</strong></span> <span class='ocrx_word' id='word_1_645' title='bbox 747 2669 776 2692; x_wconf 81' lang='lat' dir='ltr'><strong>et</strong></span> <span class='ocrx_word' id='word_1_646' title='bbox 794 2667 902 2700; x_wconf 66' lang='lat' dir='ltr'><strong>vigIntl</strong></span> <span class='ocrx_word' id='word_1_647' title='bbox 912 2686 936 2700; x_wconf 84' lang='lat'><strong>,„</strong></span> <span class='ocrx_word' id='word_1_648' title='bbox 956 2675 1015 2693; x_wconf 84' lang='lat' dir='ltr'><strong>non</strong></span> <span class='ocrx_word' id='word_1_649' title='bbox 1036 2674 1078 2701; x_wconf 85' lang='lat'><strong>27,</strong></span> <span class='ocrx_word' id='word_1_650' title='bbox 1098 2675 1177 2694; x_wconf 89' lang='lat' dir='ltr'><strong>come</strong></span> <span class='ocrx_word' id='word_1_651' title='bbox 1188 2668 1227 2693; x_wconf 80' lang='lat' dir='ltr'><strong>ha</strong></span> <span class='ocrx_word' id='word_1_652' title='bbox 1371 2665 1383 2683; x_wconf 78' lang='lat'>⁶</span> <span class='ocrx_word' id='word_1_653' title='bbox 1402 2674 1422 2692; x_wconf 77' lang='lat' dir='ltr'>R</span> <span class='ocrx_word' id='word_1_654' title='bbox 1440 2668 1491 2700; x_wconf 87' lang='lat' dir='ltr'><strong>qui</strong></span> <span class='ocrx_word' id='word_1_655' title='bbox 1509 2667 1684 2693; x_wconf 76' lang='lat' dir='ltr'><strong>s&#39;allontana</strong></span> <span class='ocrx_word' id='word_1_656' title='bbox 1702 2668 1778 2693; x_wconf 70' lang='lat' dir='ltr'><strong>dalla</strong></span> <span class='ocrx_word' id='word_1_657' title='bbox 1793 2666 1970 2700; x_wconf 79' lang='lat' dir='ltr'><strong>Crouologla</strong></span> <span class='ocrx_word' id='word_1_658' title='bbox 1982 2666 2012 2692; x_wconf 76' lang='lat' dir='ltr'><strong>di</strong></span> <span class='ocrx_word' id='word_1_659' title='bbox 2026 2665 2103 2692; x_wconf 70' lang='lat' dir='ltr'><strong>Beda</strong></span> <span class='ocrx_word' id='word_1_660' title='bbox 2114 2672 2131 2691; x_wconf 84' lang='lat' dir='ltr'><strong>e</strong></span> <span class='ocrx_word' id='word_1_661' title='bbox 2149 2671 2194 2690; x_wconf 74' lang='lat' dir='ltr'><strong>se-</strong></span> 
     </span>
     <span class='ocr_line' id='line_1_45' title="bbox 324 2708 2254 2744; baseline 0.001 -11"><span class='ocrx_word' id='word_1_662' title='bbox 324 2709 344 2734; x_wconf 82' lang='lat' dir='ltr'><strong>il</strong></span> <span class='ocrx_word' id='word_1_663' title='bbox 367 2710 467 2734; x_wconf 84' lang='lat' dir='ltr'><strong>nostro</strong></span> <span class='ocrx_word' id='word_1_664' title='bbox 492 2709 639 2735; x_wconf 83' lang='lat' dir='ltr'><strong>Cronista.</strong></span> <span class='ocrx_word' id='word_1_665' title='bbox 676 2710 728 2735; x_wconf 73' lang='lat' dir='ltr'><strong>Ne}</strong></span> <span class='ocrx_word' id='word_1_666' title='bbox 754 2711 831 2735; x_wconf 83' lang='lat' dir='ltr'><strong>resto</strong></span> <span class='ocrx_word' id='word_1_667' title='bbox 856 2710 899 2735; x_wconf 84' lang='lat' dir='ltr'><strong>del</strong></span> <span class='ocrx_word' id='word_1_668' title='bbox 918 2710 1081 2744; x_wconf 76' lang='lat' dir='ltr'><strong>paragrafo,</strong></span> <span class='ocrx_word' id='word_1_669' title='bbox 1106 2709 1164 2735; x_wconf 85' lang='lat' dir='ltr'><strong>fino</strong></span> <span class='ocrx_word' id='word_1_670' title='bbox 1189 2710 1226 2735; x_wconf 75' lang='lat' dir='ltr'><strong>sd</strong></span> <span class='ocrx_word' id='word_1_671' title='bbox 1280 2718 1336 2744; x_wconf 87' lang='lat' dir='ltr'><strong>gue</strong></span> <span class='ocrx_word' id='word_1_672' title='bbox 1349 2710 1532 2741; x_wconf 80' lang='lat' dir='ltr'><strong>l’eusebisna‚</strong></span> <span class='ocrx_word' id='word_1_673' title='bbox 1551 2710 1676 2736; x_wconf 84' lang='lat' dir='ltr'><strong>secondo</strong></span> <span class='ocrx_word' id='word_1_674' title='bbox 1691 2711 1719 2736; x_wconf 86' lang='lat' dir='ltr'><strong>la</strong></span> <span class='ocrx_word' id='word_1_675' title='bbox 1738 2710 1908 2736; x_wconf 70' lang='lat' dir='ltr'><strong>traduzione</strong></span> <span class='ocrx_word' id='word_1_676' title='bbox 1927 2709 1956 2734; x_wconf 81' lang='lat' dir='ltr'><strong>dl</strong></span> <span class='ocrx_word' id='word_1_677' title='bbox 1970 2717 2022 2735; x_wconf 82' lang='lat' dir='ltr'><strong>san</strong></span> <span class='ocrx_word' id='word_1_678' title='bbox 2036 2708 2194 2734; x_wconf 77' lang='lat' dir='ltr'><strong>Girolamo.</strong></span> <span class='ocrx_word' id='word_1_679' title='bbox 2220 2712 2254 2741; x_wconf 77' lang='lat'><strong>25</strong></span> 
     </span>
     <span class='ocr_line' id='line_1_46' title="bbox 324 2749 2192 2787; baseline -0.001 -11"><span class='ocrx_word' id='word_1_680' title='bbox 324 2750 515 2784; x_wconf 69' lang='lat' dir='ltr'><strong>“Olympiade</strong></span> <span class='ocrx_word' id='word_1_681' title='bbox 542 2751 591 2784; x_wconf 78' lang='lat'><strong>184</strong></span> <span class='ocrx_word' id='word_1_682' title='bbox 603 2768 616 2782; x_wconf 56' lang='grc' dir='ltr'><em>η</em></span> <span class='ocrx_word' id='word_1_683' title='bbox 635 2751 782 2785; x_wconf 70' lang='lat' dir='ltr'><strong>pai-arrasa</strong></span> <span class='ocrx_word' id='word_1_684' title='bbox 801 2751 916 2782; x_wconf 79' lang='lat' dir='ltr'><strong>Oresio,</strong></span> <span class='ocrx_word' id='word_1_685' title='bbox 938 2752 974 2782; x_wconf 79' lang='grc' dir='ltr'><strong>ΙΙ,</strong></span> <span class='ocrx_word' id='word_1_686' title='bbox 1001 2761 1025 2784; x_wconf 81' lang='grc'><strong>4,</strong></span> <span class='ocrx_word' id='word_1_687' title='bbox 1050 2757 1176 2784; x_wconf 80' lang='lat' dir='ltr'><strong>12-15,.e</strong></span> <span class='ocrx_word' id='word_1_688' title='bbox 1195 2754 1225 2778; x_wconf 81' lang='lat' dir='ltr'><strong>in</strong></span> <span class='ocrx_word' id='word_1_689' title='bbox 1371 2751 1382 2768; x_wconf 84' lang='lat'><strong>&#39;¹</strong></span> <span class='ocrx_word' id='word_1_690' title='bbox 1402 2753 1492 2784; x_wconf 61' lang='lat' dir='ltr'><strong>Bana,</strong></span> <span class='ocrx_word' id='word_1_691' title='bbox 1511 2753 1564 2779; x_wconf 89' lang='lat' dir='ltr'><strong>loc.</strong></span> <span class='ocrx_word' id='word_1_692' title='bbox 1583 2754 1642 2784; x_wconf 80' lang='lat' dir='ltr'><strong>cit..</strong></span> <span class='ocrx_word' id='word_1_693' title='bbox 1661 2754 1771 2787; x_wconf 75' lang='lat' dir='ltr'><strong>rlporta</strong></span> <span class='ocrx_word' id='word_1_694' title='bbox 1786 2754 1816 2779; x_wconf 74' lang='lat' dir='ltr'><strong>in</strong></span> <span class='ocrx_word' id='word_1_695' title='bbox 1835 2760 1919 2786; x_wconf 74' lang='lat' dir='ltr'><strong>greco</strong></span> <span class='ocrx_word' id='word_1_696' title='bbox 1938 2752 1959 2777; x_wconf 93' lang='grc'><strong>11</strong></span> <span class='ocrx_word' id='word_1_697' title='bbox 1977 2750 2149 2785; x_wconf 76' lang='lat' dir='ltr'><strong>nomlgnolo</strong></span> <span class='ocrx_word' id='word_1_698' title='bbox 2162 2749 2192 2775; x_wconf 83' lang='lat' dir='ltr'><strong>dl</strong></span> 
     </span>
     <span class='ocr_line' id='line_1_47' title="bbox 323 2794 1993 2827; baseline 0.001 -8"><span class='ocrx_word' id='word_1_699' title='bbox 323 2795 403 2827; x_wconf 70' lang='lat' dir='ltr'><strong>parte</strong></span> <span class='ocrx_word' id='word_1_700' title='bbox 421 2794 506 2826; x_wconf 73' lang='lat' dir='ltr'><strong>copia</strong></span> <span class='ocrx_word' id='word_1_701' title='bbox 524 2794 560 2819; x_wconf 73' lang='lat' dir='ltr'><strong>da</strong></span> <span class='ocrx_word' id='word_1_702' title='bbox 578 2794 661 2819; x_wconf 75' lang='lat' dir='ltr'><strong>Beda.</strong></span> <span class='ocrx_word' id='word_1_703' title='bbox 698 2794 721 2819; x_wconf 88' lang='lat'><strong>11</strong></span> <span class='ocrx_word' id='word_1_704' title='bbox 739 2794 829 2819; x_wconf 81' lang='lat' dir='ltr'><strong>brano</strong></span> <span class='ocrx_word' id='word_1_705' title='bbox 848 2794 900 2820; x_wconf 88' lang='lat' dir='ltr'><strong>che</strong></span> <span class='ocrx_word' id='word_1_706' title='bbox 919 2795 974 2827; x_wconf 81' lang='lat' dir='ltr'><strong>egli</strong></span> <span class='ocrx_word' id='word_1_707' title='bbox 994 2796 1054 2820; x_wconf 78' lang='lat' dir='ltr'><strong>cita</strong></span> <span class='ocrx_word' id='word_1_708' title='bbox 1072 2796 1102 2820; x_wconf 82' lang='lat' dir='ltr'><strong>&lt;n</strong></span> <span class='ocrx_word' id='word_1_709' title='bbox 1121 2796 1225 2821; x_wconf 85' lang='lat' dir='ltr'><strong>Oroslo</strong></span> <span class='ocrx_word' id='word_1_710' title='bbox 1281 2794 1427 2827; x_wconf 76' lang='grc' dir='ltr'>μακρόχειρ</span> <span class='ocrx_word' id='word_1_711' title='bbox 1447 2795 1517 2821; x_wconf 75' lang='lat' dir='ltr'><strong>dato</strong></span> <span class='ocrx_word' id='word_1_712' title='bbox 1536 2795 1572 2820; x_wconf 82' lang='lat' dir='ltr'><strong>da</strong></span> <span class='ocrx_word' id='word_1_713' title='bbox 1590 2796 1725 2821; x_wconf 71' lang='lat' dir='ltr'><strong>Plutarco</strong></span> <span class='ocrx_word' id='word_1_714' title='bbox 1744 2795 1782 2821; x_wconf 76' lang='lat' dir='ltr'><strong>ad</strong></span> <span class='ocrx_word' id='word_1_715' title='bbox 1800 2795 1952 2821; x_wconf 73' lang='lat' dir='ltr'><strong>Artuerse</strong></span> <span class='ocrx_word' id='word_1_716' title='bbox 1971 2794 1993 2820; x_wconf 92' lang='lat'><strong>1.</strong></span> 
     </span>
     <span class='ocr_line' id='line_1_48' title="bbox 324 2834 2192 2870; baseline 0.001 -10"><span class='ocrx_word' id='word_1_717' title='bbox 324 2834 371 2867; x_wconf 81' lang='grc' dir='ltr'>(ΙΙ,</span> <span class='ocrx_word' id='word_1_718' title='bbox 389 2834 415 2866; x_wconf 89' lang='lat'><strong>8,</strong></span> <span class='ocrx_word' id='word_1_719' title='bbox 437 2842 468 2868; x_wconf 84' lang='lat'><strong>¹3</strong></span> <span class='ocrx_word' id='word_1_720' title='bbox 487 2843 502 2860; x_wconf 88' lang='lat' dir='ltr'><strong>e</strong></span> <span class='ocrx_word' id='word_1_721' title='bbox 520 2842 546 2868; x_wconf 85' lang='lat'><strong>9,</strong></span> <span class='ocrx_word' id='word_1_722' title='bbox 569 2834 593 2867; x_wconf 84' lang='grc' dir='ltr'><strong>ι)</strong></span> <span class='ocrx_word' id='word_1_723' title='bbox 612 2835 685 2860; x_wconf 77' lang='lat' dir='ltr'><strong>dice:</strong></span> <span class='ocrx_word' id='word_1_724' title='bbox 712 2835 829 2861; x_wconf 72' lang='lat' dir='ltr'><strong>“....in</strong></span> <span class='ocrx_word' id='word_1_725' title='bbox 853 2837 917 2868; x_wconf 75' lang='lat' dir='ltr'><strong>ipso</strong></span> <span class='ocrx_word' id='word_1_726' title='bbox 935 2837 1078 2870; x_wconf 80' lang='lat' dir='ltr'><strong>apparatu</strong></span> <span class='ocrx_word' id='word_1_727' title='bbox 1097 2836 1226 2862; x_wconf 72' lang='lat' dir='ltr'><strong>concidit</strong></span> <span class='ocrx_word' id='word_1_728' title='bbox 1369 2835 1381 2854; x_wconf 79' lang='lat'>⁸</span> <span class='ocrx_word' id='word_1_729' title='bbox 1399 2838 1507 2869; x_wconf 67' lang='lat' dir='ltr'><strong>Esou.</strong></span> <span class='ocrx_word' id='word_1_730' title='bbox 1529 2837 1592 2869; x_wconf 83' lang='lat' dir='ltr'><strong>vn,</strong></span> <span class='ocrx_word' id='word_1_731' title='bbox 1611 2837 1673 2869; x_wconf 70' lang='lat'><strong>6-73</strong></span> <span class='ocrx_word' id='word_1_732' title='bbox 1693 2838 1826 2863; x_wconf 72' lang='lat' dir='ltr'><strong>FLAvxus</strong></span> <span class='ocrx_word' id='word_1_733' title='bbox 1838 2836 1988 2867; x_wconf 73' lang='lat' dir='ltr'><strong>Iosmius.</strong></span> <span class='ocrx_word' id='word_1_734' title='bbox 2008 2838 2049 2869; x_wconf 76' lang='lat' dir='ltr'><strong>op.</strong></span> <span class='ocrx_word' id='word_1_735' title='bbox 2067 2836 2126 2865; x_wconf 62' lang='lat' dir='ltr'><strong>cit„</strong></span> <span class='ocrx_word' id='word_1_736' title='bbox 2138 2835 2192 2862; x_wconf 82' lang='lat' dir='ltr'><strong>loc.</strong></span> 
     </span>
    </p>

    <p class='ocr_par' dir='ltr' id='par_1_12' title="bbox 265 2873 2254 2996">
     <span class='ocr_line' id='line_1_49' title="bbox 265 2873 2193 2914; baseline 0 -11"><span class='ocrx_word' id='word_1_737' title='bbox 265 2873 296 2903; x_wconf 73' lang='lat'><strong>¹⁵</strong></span> <span class='ocrx_word' id='word_1_738' title='bbox 325 2877 338 2890; x_wconf 82' lang='lat'><em>“</em></span> <span class='ocrx_word' id='word_1_739' title='bbox 349 2877 509 2911; x_wconf 78' lang='lat' dir='ltr'><strong>olympiade</strong></span> <span class='ocrx_word' id='word_1_740' title='bbox 527 2884 646 2909; x_wconf 77' lang='lat' dir='ltr'><strong>Lxxmr,</strong></span> <span class='ocrx_word' id='word_1_741' title='bbox 664 2878 719 2903; x_wconf 86' lang='lat' dir='ltr'><strong>hoe</strong></span> <span class='ocrx_word' id='word_1_742' title='bbox 737 2879 780 2904; x_wconf 74' lang='lat' dir='ltr'><strong>est</strong></span> <span class='ocrx_word' id='word_1_743' title='bbox 799 2880 865 2912; x_wconf 86' lang='lat' dir='ltr'><strong>post</strong></span> <span class='ocrx_word' id='word_1_744' title='bbox 879 2879 974 2904; x_wconf 87' lang='lat' dir='ltr'><strong>urbem</strong></span> <span class='ocrx_word' id='word_1_745' title='bbox 988 2879 1135 2904; x_wconf 70' lang='lat' dir='ltr'><strong>conditam</strong></span> <span class='ocrx_word' id='word_1_746' title='bbox 1147 2886 1225 2904; x_wconf 84' lang='lat' dir='ltr'><strong>anno</strong></span> <span class='ocrx_word' id='word_1_747' title='bbox 1281 2880 1338 2911; x_wconf 64' lang='lat' dir='ltr'><strong>cit„</strong></span> <span class='ocrx_word' id='word_1_748' title='bbox 1359 2879 1374 2913; x_wconf 66' lang='grc' dir='ltr'><strong>ἕ</strong></span> <span class='ocrx_word' id='word_1_749' title='bbox 1395 2880 1446 2913; x_wconf 81' lang='lat'><strong>184</strong></span> <span class='ocrx_word' id='word_1_750' title='bbox 1465 2887 1539 2913; x_wconf 78' lang='lat' dir='ltr'><strong>sgg.;</strong></span> <span class='ocrx_word' id='word_1_751' title='bbox 1554 2880 1592 2906; x_wconf 81' lang='lat' dir='ltr'><strong>ld.</strong></span> <span class='ocrx_word' id='word_1_752' title='bbox 1606 2880 1633 2906; x_wconf 80' lang='lat' dir='ltr'><strong>al</strong></span> <span class='ocrx_word' id='word_1_753' title='bbox 1647 2879 1663 2914; x_wconf 62' lang='grc'>9</span> <span class='ocrx_word' id='word_1_754' title='bbox 1685 2887 1743 2911; x_wconf 79' lang='lat'>121,</span> <span class='ocrx_word' id='word_1_755' title='bbox 1757 2879 1819 2905; x_wconf 78' lang='lat' dir='ltr'><strong>dice</strong></span> <span class='ocrx_word' id='word_1_756' title='bbox 1832 2879 1864 2904; x_wconf 79' lang='lat' dir='ltr'><strong>di</strong></span> <span class='ocrx_word' id='word_1_757' title='bbox 1877 2879 1979 2906; x_wconf 75' lang='lat' dir='ltr'><strong>Esdra:</strong></span> <span class='ocrx_word' id='word_1_758' title='bbox 2000 2877 2013 2892; x_wconf 67' lang='lat'><strong>⁰¹</strong></span> <span class='ocrx_word' id='word_1_759' title='bbox 2024 2896 2030 2904; x_wconf 84' lang='grc'><strong>.</strong></span> <span class='ocrx_word' id='word_1_760' title='bbox 2040 2896 2047 2904; x_wconf 87' lang='grc'><strong>.</strong></span> <span class='ocrx_word' id='word_1_761' title='bbox 2057 2878 2193 2911; x_wconf 70' lang='grc' dir='ltr'>..πρῶτος</span> 
     </span>
     <span class='ocr_line' id='line_1_50' title="bbox 325 2920 2254 2956; baseline -0.001 -10"><span class='ocrx_word' id='word_1_762' title='bbox 325 2920 339 2934; x_wconf 81' lang='lat'><strong>¹‘</strong></span> <span class='ocrx_word' id='word_1_763' title='bbox 348 2926 468 2951; x_wconf 73' lang='lat' dir='ltr'>chxxv,</span> <span class='ocrx_word' id='word_1_764' title='bbox 487 2927 543 2953; x_wconf 86' lang='lat' dir='ltr'><strong>quo</strong></span> <span class='ocrx_word' id='word_1_765' title='bbox 556 2921 682 2954; x_wconf 85' lang='lat' dir='ltr'><strong>tempore</strong></span> <span class='ocrx_word' id='word_1_766' title='bbox 700 2921 783 2946; x_wconf 87' lang='lat' dir='ltr'><strong>ete...</strong></span> <span class='ocrx_word' id='word_1_767' title='bbox 793 2938 800 2946; x_wconf 93' lang='lat'><strong><em>.</em></strong></span> <span class='ocrx_word' id='word_1_768' title='bbox 820 2921 923 2946; x_wconf 83' lang='lat' dir='ltr'><strong>Xerses</strong></span> <span class='ocrx_word' id='word_1_769' title='bbox 936 2921 1025 2946; x_wconf 81' lang='lat' dir='ltr'><strong>Dario</strong></span> <span class='ocrx_word' id='word_1_770' title='bbox 1045 2921 1121 2953; x_wconf 82' lang='lat' dir='ltr'><strong>patri</strong></span> <span class='ocrx_word' id='word_1_771' title='bbox 1138 2922 1169 2946; x_wconf 77' lang='lat' dir='ltr'><strong>ln</strong></span> <span class='ocrx_word' id='word_1_772' title='bbox 1183 2929 1226 2946; x_wconf 88' lang='lat' dir='ltr'><strong>re·</strong></span> <span class='ocrx_word' id='word_1_773' title='bbox 1281 2921 1295 2936; x_wconf 79' lang='lat'><em>“</em></span> <span class='ocrx_word' id='word_1_774' title='bbox 1309 2921 1389 2953; x_wconf 63' lang='grc' dir='ltr'>ἱερεὺς</span> <span class='ocrx_word' id='word_1_775' title='bbox 1403 2924 1449 2947; x_wconf 75' lang='grc' dir='ltr'><strong>τοῦ</strong></span> <span class='ocrx_word' id='word_1_776' title='bbox 1462 2923 1532 2948; x_wconf 64' lang='grc' dir='ltr'><strong>λαοῦ</strong></span> <span class='ocrx_word' id='word_1_777' title='bbox 1550 2922 1715 2954; x_wconf 69' lang='grc' dir='ltr'><strong>καλούμενος</strong></span> <span class='ocrx_word' id='word_1_778' title='bbox 1729 2921 1928 2954; x_wconf 69' lang='grc' dir='ltr'><strong>Ἐσδραί....,,.</strong></span> <span class='ocrx_word' id='word_1_779' title='bbox 1957 2921 2033 2948; x_wconf 74' lang='lat' dir='ltr'><strong>Beda</strong></span> <span class='ocrx_word' id='word_1_780' title='bbox 2045 2920 2115 2956; x_wconf 75' lang='lat' dir='ltr'><strong>pero</strong></span> <span class='ocrx_word' id='word_1_781' title='bbox 2133 2922 2192 2947; x_wconf 77' lang='lat' dir='ltr'><strong>cita</strong></span> <span class='ocrx_word' id='word_1_782' title='bbox 2218 2924 2254 2952; x_wconf 83' lang='grc' dir='ltr'><strong>3ο</strong></span> 
     </span>
     <span class='ocr_line' id='line_1_51' title="bbox 325 2961 1976 2996; baseline 0 -9"><span class='ocrx_word' id='word_1_783' title='bbox 325 2962 436 2995; x_wconf 72' lang='lat' dir='ltr'><strong>“guum</strong></span> <span class='ocrx_word' id='word_1_784' title='bbox 455 2961 687 2994; x_wconf 76' lang='lat' dir='ltr'><strong>suece&lt;1ens....‚,</strong></span> <span class='ocrx_word' id='word_1_785' title='bbox 707 2962 791 2995; x_wconf 68' lang='lat' dir='ltr'><strong>(edla,</strong></span> <span class='ocrx_word' id='word_1_786' title='bbox 810 2963 871 2993; x_wconf 66' lang='lat' dir='ltr'><strong>cit„</strong></span> <span class='ocrx_word' id='word_1_787' title='bbox 891 2970 917 2996; x_wconf 87' lang='lat' dir='ltr'><strong>p.</strong></span> <span class='ocrx_word' id='word_1_788' title='bbox 937 2962 992 2995; x_wconf 82' lang='lat'><strong>45).</strong></span> <span class='ocrx_word' id='word_1_789' title='bbox 1280 2964 1315 2989; x_wconf 86' lang='lat' dir='ltr'><strong>da</strong></span> <span class='ocrx_word' id='word_1_790' title='bbox 1335 2971 1387 2989; x_wconf 78' lang='lat' dir='ltr'><strong>san</strong></span> <span class='ocrx_word' id='word_1_791' title='bbox 1406 2963 1566 2995; x_wconf 72' lang='lat' dir='ltr'><strong>GIrolamo‚</strong></span> <span class='ocrx_word' id='word_1_792' title='bbox 1591 2964 1688 2990; x_wconf 80' lang='lat' dir='ltr'><strong>Comm.</strong></span> <span class='ocrx_word' id='word_1_793' title='bbox 1708 2964 1738 2989; x_wconf 68' lang='lat' dir='ltr'><strong>in</strong></span> <span class='ocrx_word' id='word_1_794' title='bbox 1756 2963 1822 2990; x_wconf 81' lang='lat' dir='ltr'><strong>Esd.</strong></span> <span class='ocrx_word' id='word_1_795' title='bbox 1840 2965 1866 2988; x_wconf 75' lang='lat' dir='ltr'><strong>et</strong></span> <span class='ocrx_word' id='word_1_796' title='bbox 1884 2963 1976 2988; x_wconf 76' lang='lat' dir='ltr'><strong>Nem.</strong></span> 
     </span>
    </p>
   </div>
   <div class='ocr_carea' id='block_1_10' title="bbox 412 3002 1598 3040">
    <p class='ocr_par' dir='ltr' id='par_1_13' title="bbox 412 3002 1598 3040">
     <span class='ocr_line' id='line_1_52' title="bbox 412 3002 1598 3040; baseline 0.003 -11"><span class='ocrx_word' id='word_1_797' title='bbox 412 3002 424 3020; x_wconf 79' lang='lat'>³</span> <span class='ocrx_word' id='word_1_798' title='bbox 441 3004 502 3035; x_wconf 73' lang='lat' dir='ltr'><strong>Qui</strong></span> <span class='ocrx_word' id='word_1_799' title='bbox 519 3011 538 3029; x_wconf 84' lang='grc' dir='ltr'>ι</span> <span class='ocrx_word' id='word_1_800' title='bbox 556 3005 593 3030; x_wconf 75' lang='lat' dir='ltr'><strong>ha</strong></span> <span class='ocrx_word' id='word_1_801' title='bbox 611 3012 649 3029; x_wconf 81' lang='lat' dir='ltr'><strong>un</strong></span> <span class='ocrx_word' id='word_1_802' title='bbox 663 3011 759 3030; x_wconf 79' lang='lat' dir='ltr'><strong>errore</strong></span> <span class='ocrx_word' id='word_1_803' title='bbox 778 3004 807 3029; x_wconf 80' lang='lat' dir='ltr'><strong>di</strong></span> <span class='ocrx_word' id='word_1_804' title='bbox 826 3005 911 3030; x_wconf 80' lang='lat' dir='ltr'><strong>cento</strong></span> <span class='ocrx_word' id='word_1_805' title='bbox 925 3005 994 3030; x_wconf 81' lang='lat' dir='ltr'><strong>anni</strong></span> <span class='ocrx_word' id='word_1_806' title='bbox 1013 3005 1060 3030; x_wconf 88' lang='lat' dir='ltr'><strong>nel</strong></span> <span class='ocrx_word' id='word_1_807' title='bbox 1079 3007 1224 3040; x_wconf 84' lang='lat' dir='ltr'><strong>computo.</strong></span> <span class='ocrx_word' id='word_1_808' title='bbox 1370 3005 1381 3022; x_wconf 80' lang='lat'>⁹</span> <span class='ocrx_word' id='word_1_809' title='bbox 1400 3007 1511 3038; x_wconf 65' lang='lat' dir='ltr'><strong>Esou,</strong></span> <span class='ocrx_word' id='word_1_810' title='bbox 1531 3007 1552 3038; x_wconf 89' lang='grc' dir='ltr'><strong>Ι,</strong></span> <span class='ocrx_word' id='word_1_811' title='bbox 1572 3013 1598 3040; x_wconf 83' lang='lat'><strong>3.</strong></span> 
     </span>
    </p>
   </div>
   <div class='ocr_carea' id='block_1_11' title="bbox 2378 819 2398 1709">
    <p class='ocr_par' dir='ltr' id='par_1_14' title="bbox 2378 819 2398 1709">
     <span class='ocr_line' id='line_1_53' title="bbox 2378 819 2398 1709; baseline 0 0"><span class='ocrx_word' id='word_1_812' title='bbox 2378 819 2398 1709; x_wconf 95' lang='lat' dir='ltr'><strong> </strong></span> 
     </span>
    </p>
   </div>
   <div class='ocr_carea' id='block_1_12' title="bbox 2373 1711 2398 2038">
    <p class='ocr_par' dir='ltr' id='par_1_15' title="bbox 2373 1711 2398 2038">
     <span class='ocr_line' id='line_1_54' title="bbox 2374 1711 2398 1903; baseline 0 -37"><span class='ocrx_word' id='word_1_813' title='bbox 2374 1711 2398 1903; x_wconf 68' lang='grc'><strong>1</strong></span> 
     </span>
     <span class='ocr_line' id='line_1_55' title="bbox 2373 1901 2395 2038; baseline 0 0"><span class='ocrx_word' id='word_1_814' title='bbox 2373 1901 2395 2038; x_wconf 70' lang='grc' dir='ltr'><strong><em>ἓ</em></strong></span> 
     </span>
    </p>
   </div>
   <div class='ocr_carea' id='block_1_13' title="bbox 2370 1707 2398 2029">
    <p class='ocr_par' dir='ltr' id='par_1_16' title="bbox 2370 1707 2398 2029">
     <span class='ocr_line' id='line_1_56' title="bbox 2370 1707 2398 2029; textangle 90"><span class='ocrx_word' id='word_1_815' title='bbox 2372 2017 2392 2029; x_wconf 29' lang='grc' dir='ltr'><strong>,Α</strong></span> <span class='ocrx_word' id='word_1_816' title='bbox 2374 1981 2393 1996; x_wconf 30' lang='lat'><strong>&#39;5</strong></span> <span class='ocrx_word' id='word_1_817' title='bbox 2370 1906 2395 1965; x_wconf 25' lang='lat' dir='ltr'><strong>&#39;&#39;qs&#39;‘</strong></span> <span class='ocrx_word' id='word_1_818' title='bbox 2382 1830 2398 1860; x_wconf 37' lang='grc' dir='ltr'><strong>ἰς</strong></span> <span class='ocrx_word' id='word_1_819' title='bbox 2376 1780 2380 1786; x_wconf 72' lang='grc'><em>“</em></span> <span class='ocrx_word' id='word_1_820' title='bbox 2378 1755 2394 1764; x_wconf 77' lang='grc'><strong>’,</strong></span> <span class='ocrx_word' id='word_1_821' title='bbox 2394 1731 2398 1735; x_wconf 65' lang='grc'><strong>,</strong></span> <span class='ocrx_word' id='word_1_822' title='bbox 2389 1707 2394 1711; x_wconf 94' lang='grc'><em>.</em></span> 
     </span>
    </p>
   </div>
   <div class='ocr_carea' id='block_1_14' title="bbox 2376 2541 2383 2569">
    <p class='ocr_par' dir='ltr' id='par_1_17' title="bbox 2376 2541 2383 2569">
     <span class='ocr_line' id='line_1_57' title="bbox 2376 2541 2383 2569; baseline 0 0"><span class='ocrx_word' id='word_1_823' title='bbox 2376 2541 2383 2569; x_wconf 61' lang='lat'><em>3</em></span> 
     </span>
    </p>
   </div>
   <div class='ocr_carea' id='block_1_15' title="bbox 2358 2067 2392 2611">
    <p class='ocr_par' dir='ltr' id='par_1_18' title="bbox 2358 2067 2392 2611">
     <span class='ocr_line' id='line_1_58' title="bbox 2361 2067 2392 2348; baseline 0 -64"><span class='ocrx_word' id='word_1_824' title='bbox 2361 2067 2392 2348; x_wconf 59' lang='lat'><em>5</em></span> 
     </span>
     <span class='ocr_line' id='line_1_59' title="bbox 2358 2361 2385 2611; baseline 0 0"><span class='ocrx_word' id='word_1_825' title='bbox 2358 2361 2385 2611; x_wconf 74' lang='grc' dir='ltr'>Ξ</span> 
     </span>
    </p>
   </div>
   <div class='ocr_carea' id='block_1_16' title="bbox 2363 2642 2377 2688">
    <p class='ocr_par' dir='ltr' id='par_1_19' title="bbox 2363 2642 2377 2688">
     <span class='ocr_line' id='line_1_60' title="bbox 2363 2642 2372 2657; baseline 0 0"><span class='ocrx_word' id='word_1_826' title='bbox 2363 2642 2372 2657; x_wconf 55' lang='grc' dir='ltr'><strong>ι’,</strong></span> 
     </span>
     <span class='ocr_line' id='line_1_61' title="bbox 2363 2661 2377 2678; baseline 0 -11"><span class='ocrx_word' id='word_1_827' title='bbox 2363 2661 2369 2675; x_wconf 28' lang='grc' dir='ltr'><strong><em>ἦ</em></strong></span> <span class='ocrx_word' id='word_1_828' title='bbox 2373 2671 2377 2678; x_wconf 44' lang='lat'>¹</span> 
     </span>
     <span class='ocr_line' id='line_1_62' title="bbox 2367 2681 2371 2688; baseline 0 0"><span class='ocrx_word' id='word_1_829' title='bbox 2367 2681 2371 2688; x_wconf 70' lang='grc' dir='ltr'><strong>ι</strong></span> 
     </span>
    </p>
   </div>
   <div class='ocr_carea' id='block_1_17' title="bbox 2360 2169 2398 3470">
    <p class='ocr_par' dir='ltr' id='par_1_20' title="bbox 2360 2169 2398 3470">
     <span class='ocr_line' id='line_1_63' title="bbox 2360 2169 2398 3470; baseline 0 -572"><span class='ocrx_word' id='word_1_830' title='bbox 2360 2169 2398 3470; x_wconf 95' lang='lat' dir='ltr'><strong>  </strong></span> 
     </span>
    </p>
   </div>
  </div>
 </body>
</html>
