2398 3470
239 436 258 450 c.
274 430 334 454 ²33⁶

237 1281 257 1298 C.
272 1281 311 1300 ²3⁴
318 1281 332 1295 α

245 1548 296 1566 aug.
312 1544 325 1562 6

234 1759 291 1781 sept.
307 1757 341 1781 7-8

256 1817 263 1830 1
270 1816 306 1835 159

261 1870 308 1889 apr.

353 2558 385 2576 10

352 2770 382 2796 15

351 2979 384 2996 20

319 261 326 274 ι
358 246 489 279 ..00242
1180 239 1493 276 CHRONICON
1905 245 1989 281 [ΑΛ.
2009 246 2043 274 c.
2065 247 2262 281 uss-11³9]

412 368 492 400 dem
515 372 670 406 tempore
694 363 879 395 Mesemuti
903 373 924 394 a
947 362 1136 394 Marrocho
1159 361 1346 398 uenientes,
1371 365 1477 393 totam
1501 366 1628 392 terram
1651 371 1758 404 usque
1781 361 1818 393 in
1841 360 1998 395 Africam
2021 363 2058 396 in
2075 373 2135 396 ore
2151 364 2261 407 gladii

412 423 587 461 ceperunt.
634 416 801 449 Africana
824 425 907 447 uero
933 414 1056 447 ciuitas
1080 414 1195 446 adhuc
1219 413 1298 447 'sub
1322 419 1493 456 potestate
1518 413 1611 456 regis
1627 412 1831 456 W[ilhelmi]
1855 421 1940 455 erat,
1964 421 2001 449 et
2022 417 2148 450 multos
2165 417 2202 449 in
2219 426 2262 449 ea

410 472 534 503 milites
557 475 591 502 et
614 469 748 511 pedites
772 468 816 500 ad
841 468 913 500 eius
938 467 1130 500 custodiam
1148 474 1183 500 et
1200 467 1442 500 defensionem
1458 472 1632 509 posuerat.
1679 465 1866 500 Mesemuti
1882 474 1996 501 autem
2012 479 2088 502 eam
2103 469 2260 513 undique

412 534 475 566 per
496 530 621 555 terram
647 527 682 554 et
706 533 799 554 mare
824 521 1046 559 obsederunt,
1071 521 1251 554 christiani
1274 530 1370 560 uero,
1397 520 1455 563 qui
1486 520 1522 551 in
1554 530 1595 552 ea
1627 525 1737 557 erant,
1769 519 1840 552 illis
1868 520 2016 555 uiriliter
2043 522 2261 562 resistebant,

411 587 476 609 nec
499 577 534 608 in
558 575 672 618 aliquo
696 585 756 607 eos
779 573 1027 614 formidabant,
1050 574 1116 607 nisi
1142 573 1236 618 quod
1264 573 1463 606 victualium
1495 572 1679 605 maximam
1711 572 1867 616 inopiam
1896 574 2129 617 patiebantur.
2177 575 2258 614 Quo
2307 575 2326 608 5

412 630 565 673 cognito,
588 638 651 660 rex
674 628 905 670 W[ilhelmus]
929 627 1065 660 stolium
1090 638 1199 667 suum,
1224 627 1318 671 quod
1340 627 1376 659 in
1399 626 1572 670 Ispaniam
1597 626 1748 665 miserat,
1765 619 1972 660 festinanter
1987 629 2147 663 reuocari
2162 629 2261 670 fecit,
2318 649 2337 656 -
2384 656 2386 658 v

409 683 608 725 precipiens
631 687 670 714 ut
693 682 739 713 ad
762 681 1003 714 liberationem
1026 680 1151 714 Africe
1175 680 1381 724 quantocius
1404 680 1621 712 festinarent.
1667 679 1826 712 Ueniens
1848 685 1963 713 autem
1985 687 2110 726 gaytus
2136 681 2261 716 Petrus

411 736 590 768 eunuchus
613 735 716 778 regis,
740 735 799 777 qui
823 734 925 767 stolio
949 739 1100 776 preerat,
1124 735 1169 766 ad
1192 733 1364 771 Africam,
1390 743 1468 766 cum
1492 733 1597 766 stolio
1619 733 1890 766 Mesemutorum
1922 734 2103 779 pugnauit,
2133 741 2169 768 et
2197 747 2261 779 pu-

411 789 553 832 gnando
576 788 610 819 in
634 788 750 831 fugam
776 797 966 821 conuersus
989 793 1051 827 est,
1073 792 1108 820 et
1130 787 1255 820 multas
1278 787 1322 819 de
1345 786 1455 830 galeis
1482 786 1553 818 suis
1586 786 1710 819 amisit.
1757 786 1948 819 Christiani
1977 793 2104 826 autem,
2135 787 2195 831 qui
2224 789 2261 822 in

411 841 538 874 Africa
559 847 807 879 remanserant,
830 851 909 874 cum
931 841 1063 873 nullum
1087 846 1229 883 possent
1250 839 1380 872 habere
1403 839 1595 872 subsidium
1622 846 1655 872 et
1677 839 1847 872 uictualia
1870 840 1920 872 eis
1941 840 2081 883 penitus
2109 841 2263 874 defecis-
2289 843 2328 875 10

412 900 498 934 sent,
521 895 618 927 faeta
640 904 729 937 pace
753 905 831 927 cum
854 893 1067 933 Mesemufis,
1090 893 1212 926 relicta
1235 893 1284 926 eis
1307 891 1430 925 Africe
1455 893 1611 936 ciuitate,
1634 893 1702 935 ipsi
1726 903 1804 925 cum
1827 893 1932 926 rebus
1954 894 2023 926 suis
2045 893 2082 926 in
2105 892 2262 928 Siciliam

412 955 490 981 sunt
511 948 644 980 reuersi
661 946 681 980 ¹.
727 947 809 980 Rex
832 953 947 980 autem
970 946 1201 988 W[illelmus],
1218 946 1333 978 adhuc
1348 946 1490 978 uiuente
1506 951 1605 988 patre
1621 956 1700 979 cum
1718 952 1807 978 esset
1822 946 1986 989 princeps
2002 946 2260 990 Captianorum,

412 1001 638 1044 Margaritam
663 1000 767 1032 filiam
792 1000 915 1033 Garsie
938 1000 1031 1043 regis
1054 1000 1213 1032 Nauarre
1238 999 1336 1031 duxit
1358 1009 1501 1031 uxorem
1515 998 1536 1037 ²,
1561 997 1605 1031 de
1630 1009 1698 1042 qua
1720 998 1837 1041 plures
1859 999 1990 1033 liberos
2018 999 2156 1033 habuit:
2188 999 2264 1034 Ro·-

411 1054 542 1098 gerium
567 1064 668 1096 quem
692 1053 818 1085 ducem
841 1053 970 1096 Apulie
995 1052 1183 1091 constituit,
1207 1051 1426 1085 Robbertum
1450 1062 1554 1095 quem
1577 1051 1824 1093 Capuanorum
1847 1052 2045 1095 principem
2075 1052 2262 1092 ordinauit,

412 1106 650 1149 W[illelmum]
678 1112 714 1139 et
743 1106 945 1139 Henricum.
990 1105 1151 1138 Audiens
1183 1111 1296 1137 autem
1327 1105 1538 1138 Fredericus
1568 1105 1769 1147 imperator,
1801 1105 1994 1138 Adrianum
2024 1116 2152 1149 papam
2183 1116 2262 1139 cum
2289 1106 2328 1140 15

411 1170 496 1204 rege
526 1158 729 1201 W[illelmo]
760 1160 1008 1192 concordatum
1033 1165 1067 1191 et
1089 1160 1185 1201 quod
1216 1169 1294 1191 eum
1319 1159 1363 1191 de
1393 1169 1503 1202 regno
1525 1158 1647 1192 Sicilie
1677 1164 1712 1191 et
1735 1159 1865 1191 ducatu
1896 1157 2024 1201 Apulie
2056 1159 2260 1199 inuestisset,

412 1213 648 1246 molestissime
671 1213 760 1246 tulit.
806 1212 901 1245 Anni
923 1212 1054 1245 domini
1078 1211 1284 1253 M[CLVII].

502 1267 637 1299 Eodem
661 1271 816 1308 tempore
840 1265 1122 1298 Mediolanenses
1144 1264 1265 1307 'super
1287 1263 1507 1297 Lombardos
1531 1265 1739 1307 equitantes,
1769 1275 1861 1308 pene
1883 1271 1993 1299 totam
2017 1265 2262 1299 Lombardiam

410 1329 472 1351 suo
497 1320 651 1351 dominio
674 1318 914 1356 subdiderunt,
937 1319 1032 1351 unde
1057 1317 1248 1350 Lombardi
1270 1317 1322 1349 ira
1345 1323 1380 1351 et
1410 1318 1533 1351 dolore
1564 1319 1738 1358 commoti,
1769 1318 1907 1352 nuntios
1938 1319 1984 1352 ad
2013 1320 2260 1362 imperatorem

414 1372 591 1412 miserunt,
614 1372 792 1404 humiliter
815 1371 1037 1414 postulantes,
1061 1377 1099 1404 ut
1122 1371 1259 1403 ueniret
1275 1377 1310 1404 et
1325 1381 1386 1404 eos
1403 1371 1446 1403 de
1463 1370 1782 1404 Mediolanensium
1798 1377 1970 1414 potestate
1986 1372 2148 1415 eriperet.
2195 1373 2265 1406 Im·
2286 1374 2330 1406 20

414 1428 553 1468 perator
576 1431 688 1458 autem
711 1435 828 1458 eorum
852 1424 1074 1467 petitionibus
1098 1434 1264 1463 annuens,
1290 1430 1504 1468 congregato
1528 1425 1680 1457 maximo
1703 1425 1871 1464 exercitu,
1888 1436 1967 1458 cum
1982 1436 2066 1470 rege
2082 1426 2225 1459 Boemie
2238 1425 2263 1467 ³,

414 1480 504 1512 duce
528 1478 680 1511 Saxonie
693 1478 704 1494 ⁴
730 1484 764 1511 et
787 1477 863 1510 aliis
885 1478 956 1510 suis
978 1477 1197 1520 principibus
1221 1477 1255 1510 in
1281 1488 1385 1510 manu
1407 1478 1524 1511 ualida
1547 1478 1682 1511 Italiam
1698 1478 1852 1519 intrauit,
1869 1484 1904 1511 et
1920 1479 2061 1512 sociatis
2083 1479 2148 1512 sibi
2171 1490 2262 1522 pene

415 1532 573 1565 omnibus
595 1531 813 1569 Lombardis,
837 1531 1077 1564 Mediolanum
1101 1537 1261 1573 potenter
1283 1531 1432 1564 obsedit.
1480 1531 1762 1564 Mediolanenses
1785 1538 1899 1564 autem
1921 1538 2043 1574 utpote
2065 1532 2132 1566 uiri
2161 1532 2263 1566 belli-

414 1586 486 1619 cosi
511 1592 545 1618 et
568 1586 708 1625 strenui,
732 1585 906 1618 ciuitatem
931 1596 1027 1618 suam
1051 1586 1184 1628 magnis
1206 1585 1308 1618 fossis
1332 1585 1651 1627 circumdederunt,
1677 1590 1711 1618 et
1734 1585 1935 1627 imperatori
1957 1586 2124 1620 audacter
2147 1592 2183 1620 et
2212 1587 2263 1620 ui—

412 1639 523 1672 riliter
552 1639 784 1672 restituerunt.
833 1638 989 1681 Cumque
1019 1638 1210 1678 imperator
1238 1639 1414 1682 aliquanto
1445 1645 1600 1681 tempore
1632 1646 1723 1672 esset
1753 1639 1789 1671 in
1818 1638 2002 1672 obsidione
2032 1646 2198 1679 moratus,
2227 1647 2263 1674 et
2285 1641 2328 1674 25

413 1693 522 1726 nichil
544 1693 677 1725 ciuitati
700 1703 764 1735 per
787 1692 999 1725 uiolenciam
1022 1698 1137 1735 posset
1160 1692 1305 1732 inferre,
1328 1692 1447 1725 habito
1471 1692 1628 1731 consilio,
1651 1692 1805 1735 receptis
1828 1692 2016 1732 obsidibus,
2040 1703 2119 1726 cum
2142 1693 2194 1727 eis
2217 1693 2263 1728 ad

416 1756 539 1789 pacem
564 1752 599 1778 et
622 1746 846 1779 concordiam
870 1745 1020 1778 deuenit.
1067 1746 1147 1778 Non
1172 1746 1279 1778 multo
1302 1752 1381 1789 post
1404 1756 1483 1778 cum
1514 1746 1703 1789 imperator
1731 1746 1841 1779 uellet
1861 1746 1898 1778 in
1922 1746 2063 1780 ciuitate
2084 1747 2237 1781 baiulum
2251 1750 2264 1769 ⁸

413 1800 636 1838 constituere,
659 1805 695 1832 et
719 1810 795 1832 eam
818 1809 881 1842 pro
905 1809 967 1832 suo
990 1799 1134 1832 arbitrio
1159 1800 1334 1840 ordinare,
1357 1799 1640 1833 Mediolanenses
1662 1799 1961 1833 Theutonicorum
1976 1799 2173 1844 superbiam
2188 1801 2263 1844 pati

412 1859 639 1896 nequeuntes,
664 1859 831 1895 ceperunt
852 1853 1012 1886 resistere
1037 1859 1072 1886 et
1095 1853 1192 1895 pacis
1214 1853 1338 1886 federe
1361 1853 1504 1886 uiolare.
1552 1852 1624 1892 Qui
1647 1863 1752 1896 super
1782 1859 1931 1886 castrum
1944 1856 1968 1892 ⁸,
1989 1853 2026 1886 in
2049 1864 2118 1897 quo
2141 1864 2261 1888 eorum

411 1906 550 1939 obsides
573 1906 783 1939 tenebantur
804 1907 994 1944 uenientes,
1018 1906 1128 1948 ipsum
1153 1912 1330 1948 ceperunt,
1355 1913 1390 1939 et
1411 1907 1627 1950 recuperatis
1650 1906 1828 1940 obsidibus
1851 1912 1931 1940 sunt
1952 1906 1989 1939 in
2011 1918 2108 1940 suam
2140 1907 2264 1941 ciuita-
2286 1909 2329 1942 30

410 1966 479 1993 tem
504 1960 647 1992 reuersi.
694 1958 776 1997 Quo
801 1960 952 2003 cognito,
974 1960 1167 2002 imperator
1189 1960 1374 2002 plurimum
1398 1960 1610 2005 indignatus,
1635 1971 1712 1993 cum
1735 1970 1806 1992 non
1830 1965 1949 2003 posset
1979 1971 2039 1994 eos
2067 1961 2105 1994 in
2135 1971 2261 2005 campo

410 2014 510 2047 facili
534 2023 746 2056 expugnare,
771 2014 868 2056 cepit
891 2013 1019 2046 casalia
1043 2020 1077 2046 et
1101 2019 1216 2046 castra
1239 2024 1359 2046 eorum
1383 2014 1574 2054 destruere,
1598 2020 1633 2047 et
1655 2019 1783 2047 terram
1807 2024 1925 2047 eorum
1949 2014 2167 2047 iurisdicioni
2181 2025 2262 2058 per-

505 2133 525 2150 1.
544 2125 696 2149 Morrocho
719 2125 742 2149 C
757 2133 771 2149 ε
787 2125 879 2150 Arndt
897 2138 931 2142 —
951 2132 974 2157 5.
995 2125 1054 2157 aliq
1073 2126 1104 2150 di
1116 2126 1208 2156 prima
1226 2133 1302 2150 mano
1321 2129 1432 2150 corretto
1451 2126 1600 2151 dlseconda
1613 2133 1689 2150 mano
1706 2133 1754 2150 con
1772 2133 1790 2150 o
1806 2126 1975 2157 sopraxrmo
1990 2126 2014 2151 C
2031 2140 2040 2144 -
2059 2126 2224 2159 paciebatur
2237 2127 2263 2153 C

410 2176 423 2191 e
441 2168 531 2192 Arndt
549 2181 582 2185 -
601 2167 626 2192 6.
645 2166 818 2192 Guilielmus
835 2167 862 2191 B
879 2175 892 2191 e
910 2167 994 2199 Sam,
1017 2169 1041 2193 C
1057 2175 1070 2191 e
1087 2168 1192 2197 Arndt;
1219 2168 1262 2193 W.
1281 2169 1304 2192 Α
1323 2176 1392 2193 come
1410 2170 1439 2193 in
1457 2169 1525 2194 mei
1541 2170 1554 2193 ι’
1571 2167 1665 2201 luoght
1682 2182 1715 2186 -—
1740 2176 1766 2201 9.
1791 2168 1855 2200 dopo
1880 2166 2040 2193 Christiani
2058 2168 2096 2199 su
2120 2176 2183 2194 ma
2205 2176 2262 2194 m

410 2209 504 2234 lettera
525 2211 548 2236 C
566 2224 597 2227 —
621 2217 660 2234 11.
680 2211 722 2234 sui
742 2210 773 2233 di
785 2210 880 2242 prima
899 2217 983 2238 mano,
1008 2210 1174 2242 svprascrn'tto
1195 2212 1244 2242 pol
1258 2219 1305 2236 cem
1323 2211 1394 2235 altro
1412 2211 1555 2236 inchiostro
1573 2219 1586 2236 s
1606 2212 1631 2237 C
1649 2224 1680 2230 —
1703 2218 1743 2236 12.
1764 2214 1830 2235 sunt
1848 2218 1942 2236 manca
1962 2213 1987 2238 C
2001 2224 2014 2231 ·
2038 2210 2212 2237 Guillelmus
2236 2211 2263 2236 B

409 2259 423 2274 e
441 2252 525 2281 Sasso,
548 2253 571 2277 C
586 2259 599 2275 e
617 2252 709 2276 Arndt
727 2264 760 2269 —
783 2257 821 2282 15.
842 2251 1030 2276 Guilielmum
1048 2252 1074 2275 B
1092 2260 1105 2276 e
1118 2252 1212 2284 San-03
1226 2252 1413 2278 Guillelmum
1435 2254 1458 2278 C
1475 2261 1488 2277 e
1506 2253 1598 2278 Arndt
1616 2267 1650 2271 -
1671 2252 1713 2278 16.
1731 2251 1891 2277 Guilielmo
1910 2253 1936 2277 B
1953 2261 1967 2278 e
1986 2254 2079 2283 Saum
2099 2253 2260 2280 Guillelmo

414 2294 438 2319 C
453 2301 466 2318 e
483 2294 575 2318 Arndt
594 2307 602 2311 -
623 2293 742 2318 ducatus
765 2294 787 2318 C
806 2307 836 2312 —
860 2299 898 2325 17.
918 2295 998 2318 Anni
1023 2294 1143 2319 Domini
1165 2295 1201 2319 M.
1227 2303 1319 2320 manca
1338 2296 1363 2319 B
1381 2303 1394 2319 e
1413 2295 1497 2327 Sarso,
1522 2295 1546 2320 C
1560 2303 1574 2319 e
1591 2295 1683 2320 Amat
1702 2309 1734 2313 —
1755 2295 1796 2320 18.
1815 2294 1857 2319 Eo
1875 2295 1917 2323 A.-
1936 2303 2013 2321 mano
2031 2295 2075 2320 del
2089 2303 2139 2322 sac.
2156 2295 2267 2323 XVIII

410 2337 592 2368 soprascn'aese:
613 2335 719 2360 Totum
739 2336 815 2361 Istud
835 2338 951 2368 captura
969 2338 1074 2360 tractat
1099 2338 1133 2361 de
1157 2337 1323 2362 Mediolano
1343 2337 1536 2363 Cremonense
1554 2339 1583 2363 et
1602 2336 1704 2362 Crema
1726 2337 1750 2362 C
1767 2351 1800 2356 —
1822 2344 1861 2369 19.
1881 2338 2004 2363 nuncios
2029 2338 2054 2363 C
2073 2346 2087 2363 e
2110 2338 2203 2363 Arndt
2226 2351 2262 2357 -

410 2384 452 2402 21.
472 2378 665 2410 peticionibus
687 2380 711 2403 C
725 2386 740 2402 e
757 2379 849 2403 Arndt
869 2392 900 2396 —-
921 2385 962 2410 ²3-
981 2380 1073 2403 autem
1087 2386 1179 2403 manca
1194 2380 1242 2404 Ce
1253 2380 1347 2405 Arndt
1365 2393 1397 2397 —
1418 2380 1460 2405 28.
1479 2388 1511 2405 ea
1534 2381 1557 2405 C
1573 2393 1584 2398 -
1603 2380 1827 2405 Teutonicorum
1850 2382 1896 2405 Ce
1908 2381 2020 2405 Arndt-
2032 2381 2086 2406 No.
2100 2380 2259 2413 superbiam

411 2412 655 2445 Theutonicorum
668 2421 759 2445 scr-{uo
771 2420 801 2444 al
811 2421 932 2453 margine
948 2421 971 2445 C
984 2434 1014 2437 —
1029 2427 1116 2453 3031.
1129 2428 1178 2445 sua
1192 2423 1312 2447 civitate
1329 2422 1362 2451 A,
1382 2422 1439 2451 ΑΖ,
1459 2423 1519 2451 As,
1537 2431 1551 2447 e
1573 2424 1596 2447 C
1613 2437 1645 2440 —
1664 2430 1707 2455 31.
1722 2424 1887 2455 imperatori
1902 2423 1932 2448 di
1946 2423 2037 2454 ,prima
2056 2430 2133 2447 mano
2150 2425 2261 2447 consuo

407 2465 460 2494 per
477 2470 574 2487 rasura
596 2463 619 2487 C
636 2476 668 2480 -
688 2469 779 2495 31-32.
799 2464 828 2487 in
849 2469 949 2495 campo
968 2463 1001 2487 de
1021 2463 1100 2487 facili
1121 2463 1152 2492 A,
1174 2465 1200 2488 Β
1216 2472 1230 2487 e
1249 2464 1325 2488 Sasso
1345 2478 1377 2483 —
1397 2472 1440 2497 3²·
1459 2467 1487 2489 et
1507 2466 1597 2490 castra
1617 2472 1711 2489 manca
1730 2465 1754 2489 A

502 2549 508 2564 ¹
531 2551 596 2575 Uoo
615 2551 786 2582 FALcANno,
806 2559 831 2583 p.
847 2557 880 2583 24
900 2559 913 2575 e
927 2559 992 2584 seg„
1012 2559 1026 2576 e
1040 2553 1121 2576 note:
1144 2552 1210 2577 “De
1223 2554 1307 2577 amis·
1367 2559 1441 2585 ¹90²»
1461 2553 1496 2582 II,
1516 2561 1542 2586 p.
1563 2560 1623 2586 224.

415 2593 521 2618 “sione
550 2593 683 2624 Africe„.
721 2593 775 2618 Per
803 2594 830 2618 le
859 2594 935 2618 sonti
963 2594 1047 2618 arabe
1076 2595 1149 2618 assai
1176 2592 1227 2626 piu
1251 2595 1307 2619 dlf—
1451 2594 1462 2611 ³
1481 2596 1643 2621 Wladlslao
1662 2596 1699 2621 11.

413 2637 482 2666 fuse,
500 2636 537 2660 cf.
556 2635 609 2660 Im*⁷
628 2633 761 2665 Ksmfm,
781 2637 812 2661 ln
831 2636 891 2661 Bib.
911 2635 958 2660 Ar.
978 2636 1039 2667 Sta,
1060 2637 1116 2668 cit„
1139 2636 1172 2667 11,
1192 2644 1219 2669 p.
1240 2643 1307 2668 2103
1452 2639 1462 2655 ⁴
1482 2638 1587 2663 Enrico
1608 2638 1715 2663 Leone.

411 2678 634 2709 Ian-AL-Arnm,
656 2678 687 2702 in
706 2678 767 2703 Btb.
785 2679 835 2704 Ar.
855 2677 916 2707 Sic..
935 2677 956 2707 1,
983 2686 1010 2710 p.
1036 2677 1084 2710 481
1113 2687 1127 2702 e
1153 2686 1223 2711 seg.;
1249 2680 1306 2704 AT·
1448 2679 1459 2694 ⁵
1478 2681 1586 2705 Anum·
1605 2683 1730 2706 annota:
1751 2680 1764 2694 ‘¹
1776 2683 1961 2714 potestatem:
1982 2689 2009 2706 v.
2028 2681 2181 2707 Onnum«
2200 2681 2263 2706 Mo·
2289 2686 2322 2714 ²5

411 2721 534 2749 Tmnu,
554 2720 614 2745 Btb.
633 2720 682 2745 Ar.
701 2720 763 2749 Sta,
789 2721 824 2750 11,
848 2728 875 2754 p.
895 2719 927 2745 61
951 2728 966 2745 e
990 2728 1045 2753 sg.:
1073 2721 1110 2746 M.
1130 2721 1244 2752 ΑΜΑΜ,
1267 2721 1306 2746 St.
1360 2728 1475 2753 amum,
1495 2722 1534 2747 M.
1555 2723 1587 2747 G.
1608 2723 1653 2753 H„
1671 2723 1729 2755 SS.,
1752 2723 1854 2753 XVIII,
1874 2723 1933 2756 609,
1957 2725 1986 2749 et
2009 2723 2130 2748 Annam
2153 2723 2262 2749 Malloi.

411 2762 455 2786 dei
471 2761 542 2786 Mus.
561 2761 609 2793 111,
630 2769 656 2794 p.
677 2767 727 2794 472
747 2769 762 2787 e
781 2769 837 2795 seg.
1359 2764 1483 2796 Maiores,
1504 2765 1542 2789 M.
1564 2765 1596 2790 G.
1619 2766 1666 2795 H„
1685 2765 1745 2797 SS.,
1764 2765 1869 2797 XVIII,
1888 2774 1915 2799 p.
1934 2764 1986 2798 367
1998 2783 2022 2798 »-
2060 2790 2062 2794 ,

499 2802 511 2819 ²
525 2804 696 2836 Margarita,
714 2804 794 2837 figlla
814 2805 844 2829 di
864 2803 969 2830 Gai-cia
988 2804 1027 2829 VI
1046 2804 1186 2834 Ramirez,
1206 2807 1306 2838 signor
1447 2806 1481 2831 R.
1496 2814 1544 2839 per
1559 2807 1687 2832 indicare
1701 2807 1723 2832 il
1738 2808 1926 2833 funzionarlo
1939 2809 2074 2841 preposto
2088 2807 2116 2832 al
2130 2813 2260 2839 governo

411 2846 440 2870 di
461 2845 587 2870 Monzon
607 2854 621 2870 e
640 2846 774 2879 Lograno
794 2855 808 2871 e
827 2847 928 2879 quindi
950 2855 978 2871 re
1001 2847 1029 2871 di
1056 2847 1192 2878 Navarra,
1219 2847 1304 2880 sposo
1359 2848 1434 2873 delle
1454 2848 1524 2873 citt&
1544 2857 1594 2874 usa
1613 2849 1634 2874 il
1655 2849 1745 2874 titolo
1760 2850 1965 2875 comunlssimo
1978 2850 2007 2875 ai
2022 2850 2085 2874 suoi
2099 2850 2187 2883 templ
2201 2849 2259 2874 nel-

411 2887 578 2920 Guglielmo
597 2888 610 2912 1
629 2889 781 2920 quand'era
802 2896 907 2914 ancora
926 2890 1057 2922 principe
1076 2890 1106 2914 di
1121 2888 1226 2921 Capua,
1242 2888 1304 2914 cioe
1358 2890 1464 2915 l’Italia
1482 2891 1674 2916 Meridionale
1694 2893 1723 2916 di
1743 2892 1851 2917 baiulus
1869 2900 1883 2917 e
1901 2895 2048 2925 ,πιπέρεως
2074 2892 2111 2916 cf.
2131 2889 2259 2921 GARun,
2285 2899 2321 2926 3⁰

410 2937 483 2962 poco
503 2931 595 2962 prima
615 2931 776 2963 dell’aprile
798 2936 873 2963 1151,
892 2931 1010 2956 essendo
1031 2939 1059 2955 re
1078 2931 1109 2956 dl
1128 2931 1257 2956 Navarra
1282 2932 1304 2956 il
1359 2933 1437 2958 Sulla
1456 2935 1534 2959 curia
1551 2935 1730 2968 stratt‘gun'ale
1749 2936 1778 2959 di
1796 2936 1916 2960 Memno
1934 2935 1980 2960 nel
1995 2937 2080 2967 ampo
2091 2934 2260 2959 Nor-mmo·

411 2971 527 2996 fratello
547 2979 608 3003 suo,
628 2971 732 2997 Sancio
752 2973 790 2997 V1
811 2973 831 2997 il
851 2972 966 3006 Saggio,
986 2973 1140 2998 succeduto
1166 2973 1191 2997 al
1218 2974 1304 3006 padre
1357 2975 1445 3000 Saevo.
1483 2976 1566 3000 Studi
1581 2977 1859 3010 :eorico-diplomati&
1880 2977 1907 3002 11
1924 2977 1977 3007 ed..
1996 2977 2130 3006 Mensura,
2146 2975 2223 3009 ¹906.

412 3015 505 3038 morto
534 3014 580 3038 nel
610 3021 687 3047 ¹¹50·
724 3014 768 3039 Cf.
800 3014 957 3044 Iovinum,
983 3015 1022 3039 La
1052 3016 1182 3044 Vasa-onie,
1215 3016 1301 3047 Paris,
1447 3016 1458 3032 ⁶
1480 3018 1631 3043 “Tricium
1643 3037 1668 3051 ,„
1687 3021 1798 3044 annota
1817 3019 1935 3044 Anum.
