2398 3470
163 251 237 274 Mum,
253 256 286 271 cc.
297 255 385 270 ποι-πη
398 239 472 275 246

222 591 241 606 c.
257 587 319 610 ³3⁶ss

242 905 289 923 1161

223 959 286 977 mart.
302 963 314 981 9

221 1336 240 1350 c.
256 1329 314 1354 256⁶

216 1544 282 1562 mart.
299 1547 322 1561 10

1158 232 1473 269 CHR0N1coN
2021 237 2073 275 [A.
2092 238 2127 266 c.
2147 238 2241 274 11⁶1]

396 309 2232 323 .....................................................................................................................................................................................................

399 367 639 402 reuerteretur,
662 359 823 391 Matheus
845 357 989 390 Bonella
1011 356 1132 399 positis
1154 354 1287 388 insidiis
1308 355 1344 387 in
1366 354 1434 394 uia,
1458 365 1524 398 que
1547 360 1600 388 est
1620 354 1710 388 iusta
1732 360 1867 398 portam
1890 355 1992 390 beate
2015 356 2151 401 Agathe
2166 355 2188 396 ¹,
2205 357 2238 389 ei

397 415 533 449 obuiam
556 413 662 450 uenit,
686 417 721 444 et
743 411 837 443 illum
863 419 943 442 ense
966 409 1164 451 percutiens
1186 407 1373 445 interfecit,
1397 412 1432 440 et
1455 407 1578 440 eadem
1601 413 1705 440 nocte
1722 417 1742 439 a
1757 406 1930 442 Panormo
1946 409 2067 443 exiens
2083 410 2129 444 ad
2143 420 2239 443 suam

397 474 522 501 terram
536 466 547 484 ²
570 464 737 508 confugit.
783 463 863 501 Quo
886 462 1041 505 cognito,
1064 470 1126 494 rex
1150 460 1380 503 W[ilhelmus]
1404 460 1548 493 multum
1564 459 1722 493 turbatus
1739 466 1802 500 est,
1818 466 1854 493 et
1870 462 2060 504 condoluit,
2075 462 2139 496 sed
2155 463 2236 507 quia

398 521 558 553 tumultus
580 523 721 561 propter
744 517 809 549 hoc
835 521 909 548 erat
931 515 968 546 in
991 514 1141 553 ciuitate,
1165 519 1200 546 et
1222 512 1383 546 Matheus
1406 511 1552 546 Bonella
1574 512 1727 546 habebat
1741 513 1870 546 sociam
1885 515 2149 556 multitudinem,
2166 516 2237 549 dis-

401 572 571 605 simulauit
594 570 749 603 dolorem
774 568 824 602 et'
846 569 939 601 uisus
963 573 1016 601 est
1037 573 1183 600 mortem
1206 566 1375 599 ammirati
1399 565 1629 609 equanimiter
1651 566 1829 599 tolerasse.
1874 567 1978 601 Unde
1999 578 2143 602 uxorem
2167 569 2241 602 eius

399 632 433 658 et
457 625 555 662 filios,
578 633 715 656 sorores
737 628 773 655 et
796 622 948 659 fratrem,
973 626 1008 652 et
1032 630 1150 652 omnes
1171 630 1229 652 res
1251 629 1370 653 eorum
1394 619 1474 662 capi
1497 619 1665 662 precepit.
1711 619 1795 653 Post
1817 620 1884 653 hec
1907 626 2048 664 rogatus
2069 633 2091 655 a
2113 621 2238 663 multis,

397 678 575 711 Matheum
598 675 780 709 Bonellam
803 674 1059 719 quodammodo
1083 673 1118 705 in
1142 683 1203 706 suo
1227 683 1345 705 amore
1369 673 1515 715 recepit.
1561 671 1716 706 Batones
1738 678 1853 706 autem
1875 679 1910 707 et
1924 674 2023 707 multi
2039 674 2084 708 de
2099 675 2240 718 populo,

397 732 455 775 qui
476 732 512 764 in
537 731 603 763 hoc
628 730 722 762 facto
746 728 830 761 socii
853 727 988 760 Mathei
1010 727 1160 768 fuerant,
1186 731 1436 769 cognoscentes
1459 725 1526 758 hoc
1549 726 1625 769 regi
1640 725 1864 759 manifestum
1881 736 1956 760 esse
1971 728 2102 770 pariter
2117 733 2153 761 et
2166 739 2239 761 mo—

397 786 530 823 lestum,
555 789 721 826 ceperunt
744 782 847 815 ualde
871 781 990 813 timere
1013 789 1057 812 ne
1080 790 1142 812 rex
1173 778 1340 822 temporis
1371 778 1606 822 oportunitate
1637 779 1782 812 inuenta
1811 779 1847 812 in
1878 789 1938 813 eos
1969 780 2014 814 de
2045 780 2114 814 hoc
2143 781 2241 815 tacto

397 839 524 871 acriter
546 836 751 869 uindicaret.
799 835 919 874 Quare
942 839 1110 876 ceperunt
1132 842 1249 865 secum
1275 838 1309 865 et
1332 843 1411 865 cum
1435 831 1642 876 quibusdam
1665 832 1743 865 aliis
1758 833 1919 876 priuatim
1936 833 2142 873 deliberare,
2158 845 2242 879 qua·

397 892 475 924 liter
496 900 615 933 regem
639 894 805 932 caperent
827 888 885 920 uel
907 892 1016 920 morte
1033 886 1279 929 dampnarent3
1293 886 1390 929 quod
1404 885 1537 918 factum
1553 891 1616 919 est.
1662 885 1752 919 Nam
1767 887 1978 920 adueniente
1993 886 2108 930 prima
2123 887 2242 932 quinte

396 945 485 978 feria
508 942 782 987 quadragesime,
807 942 887 975 dum
911 951 970 972 rex
992 939 1099 973 uellet
1122 939 1168 971 ad
1191 938 1399 971 audiendam
1421 939 1559 972 missam
1585 949 1744 983 pergere,
1767 939 2008 972 consentiente
2030 940 2242 974 castellano⁸

398 1005 432 1030 et
455 995 696 1035 seruientibus,
720 1005 880 1028 carceres
903 999 982 1026 sunt
1004 992 1126 1036 aperti,
1151 998 1186 1024 et
1209 1002 1327 1024 comes
1350 991 1583 1035 W[ilhelmus]
1608 993 1651 1025 de
1667 992 1894 1036 Principatu⁴
1917 999 1952 1026 et
1973 993 2174 1028 Riccardus
2196 995 2241 1028 de

396 1050 546 1084 Mandra
560 1052 571 1070 ⁵
594 1055 629 1081 et
651 1048 857 1081 Alexander
880 1044 1098 1080 Monachus⁶
1122 1051 1156 1078 et
1179 1045 1275 1078 multi
1301 1045 1361 1078 alii
1383 1045 1541 1088 prisones
1563 1045 1674 1079 subito
1697 1051 1862 1079 exeuntes
1885 1057 2074 1086 carcerem,
2096 1048 2243 1091 arreptis

374 1109 376 1111 '
397 1104 511 1141 armis,
534 1108 702 1145 ceperunt
725 1101 854 1134 insilire
877 1100 1052 1143 palatium.
1099 1098 1202 1131 Multi
1227 1099 1331 1131 etiam
1355 1099 1399 1132 de
1423 1098 1595 1132 solidariis
1619 1105 1655 1132 et
1669 1099 1713 1132 de
1729 1099 1859 1143 populo
1877 1099 1977 1132 huius
1992 1100 2244 1143 coniurationis

344 2224 375 2242 10

344 2435 373 2462 15

342 2645 375 2663 20

341 2855 372 2882 25

396 1157 482 1191 socii
505 1156 698 1200 prisonibus
721 1162 798 1188 sunt
822 1154 987 1193 adiuncti,
1012 1159 1046 1186 et
1070 1159 1239 1195 ceperunt
1262 1163 1323 1186 eos
1345 1153 1381 1185 in
1404 1153 1638 1197 expugnando
1661 1153 1791 1196 palatio
1814 1153 1991 1188 adiuuare.
2037 1154 2117 1188 Rex
2132 1160 2244 1189 autem

398 1211 499 1243 huius
522 1210 575 1242 rei
598 1209 735 1242 nescius
758 1214 793 1241 et
814 1209 955 1252 ignarus
980 1212 1015 1239 et
1038 1208 1083 1240 de
1106 1213 1176 1240 tam
1199 1206 1380 1249 repentino
1405 1216 1489 1239 casu
1511 1206 1686 1246 attonitus,
1710 1207 1756 1240 ad
1771 1207 1960 1240 fenestram
1976 1208 2081 1241 turris
2094 1207 2244 1242 pisane*

395 1265 501 1303 uenit,
525 1270 560 1296 et
582 1272 738 1307 quosque
761 1266 977 1294 transeuntes
1000 1260 1094 1303 cepit
1116 1260 1162 1293 ad
1185 1271 1283 1292 suum
1307 1260 1469 1292 auxilium
1493 1270 1700 1294 conuocare.
1747 1260 1821 1294 Sed
1843 1271 1922 1294 cum
1943 1261 2059 1294 nullus
2080 1268 2171 1295 esset
2185 1262 2245 1306 qui

399 1322 627 1356 succurreret,
650 1321 788 1358 captum
811 1320 861 1347 est
883 1313 1048 1357 palatium
1070 1313 1210 1346 nemine
1234 1319 1463 1358 repugnante,
1486 1318 1522 1346 et
1545 1324 1606 1346 rex
1629 1324 1756 1357 magna
1778 1319 1879 1357 parte
1902 1314 2125 1357 expoliatum.
2171 1315 2258 1351 Sed?

397 1370 456 1414 (et)
479 1382 542 1403 rex
564 1370 639 1412 ipse
663 1374 784 1411 captus
808 1373 860 1400 est
882 1373 916 1399 et
937 1367 973 1399 in
998 1376 1139 1399 carcere
1161 1366 1302 1409 positus,
1326 1366 1447 1410 regina
1462 1376 1601 1411 quoque
1617 1377 1696 1399 cum
1712 1366 1792 1400 filiis
1807 1367 1876 1400 suis
1892 1367 1927 1399 in
1943 1366 2093 1411 quadam
2109 1378 2247 1402 camera

397 1425 539 1457 honeste
563 1422 640 1463 (est)
664 1420 845 1454 custodita.
892 1419 1056 1452 Prisones
1078 1429 1164 1452 uero
1188 1419 1405 1463 Roggerium
1427 1419 1552 1452 ducem
1583 1418 1723 1463 Apulie,
1755 1419 1863 1453 filium
1893 1420 1997 1465 regis,
2027 1420 2244 1463 imponentes

398 1487 487 1520 equo
510 1487 574 1519 per
597 1480 703 1508 totam
727 1473 903 1507 ciuitatem
926 1471 1091 1506 Panormi
1109 1473 1425 1512 circumduxerunt,
1441 1472 1598 1506 uolentes
1613 1484 1677 1517 per
1692 1474 1762 1506 hoc
1777 1473 1899 1517 populi
1913 1474 2037 1507 sedare
2053 1474 2246 1508 tumultum.

399 1531 479 1569 Quo
502 1530 608 1566 facto,
633 1526 841 1560 adveniente
864 1531 982 1564 nocte,
1006 1525 1163 1568 prisones
1187 1526 1343 1558 clausere
1365 1526 1531 1569 palatium
1555 1536 1619 1559 nec
1644 1527 1794 1570 aliquem
1822 1526 1952 1570 absque
1983 1537 2045 1560 suo
2076 1537 2245 1561 consensu

395 1584 478 1616 illuc
500 1581 638 1626 ingredi
660 1581 902 1624 permiserunt.
948 1581 1059 1613 Facto
1082 1589 1165 1612 uero
1188 1589 1300 1618 mane,
1323 1579 1380 1613 die
1402 1580 1552 1620 ueneris,
1575 1580 1699 1613 iterum
1722 1580 1938 1624 Roggerium
1962 1580 2086 1613 ducem
2109 1591 2173 1624 per
2195 1581 2247 1614 ci-

397 1637 541 1670 uitatem
565 1635 719 1678 equitare
742 1634 903 1667 fecerunt
915 1636 938 1666 ⁸.

488 1783 509 1801 1.
532 1777 604 1799 iusta
618 1776 729 1808 portam
748 1781 780 1798 su
797 1781 895 1798 rasura
915 1774 938 1797 C
957 1787 987 1790 —
1009 1780 1032 1798 z.
1053 1775 1216 1805 percuciens
1238 1774 1261 1799 C
1277 1782 1291 1797 e
1309 1773 1401 1798 Arndt
1419 1787 1453 1791 —
1472 1781 1497 1806 3.
1516 1773 1616 1807 agnito
1638 1775 1661 1798 C
1676 1782 1690 1798 e
1709 1775 1800 1799 Arndt
1819 1787 1828 1792 —
1848 1773 2023 1799 Guilielmus
2041 1775 2067 1799 B
2083 1783 2098 1798 c
2115 1774 2193 1800 Sasu
2211 1789 2245 1793 —

397 1827 422 1851 4.
442 1827 456 1843 a
476 1819 506 1842 di
523 1820 583 1842 erat
600 1825 741 1842 surarum
761 1817 784 1842 C
803 1830 834 1834 -
850 1823 874 1849 5.
886 1816 1035 1840 tollerasse
1048 1816 1079 1839 di
1091 1816 1184 1848 prima
1203 1823 1287 1847 mano,
1308 1819 1421 1841 coo-retro
1437 1823 1486 1842 con
1504 1824 1602 1841 rasura
1621 1817 1644 1842 C
1661 1831 1694 1835 —
1715 1817 1739 1842 8.
1758 1819 1832 1842 esset
1853 1818 1876 1842 C
1893 1831 1925 1834 —
1948 1824 1989 1842 ιο.
2008 1818 2081 1842 acrit
2098 1817 2247 1844 uindicare

395 1862 420 1885 A
439 1869 453 1885 e
473 1861 511 1890 (ῖς
524 1862 553 1885 in
575 1861 597 1885 C
613 1860 641 1884 Ia
658 1863 738 1884 stessa
756 1867 832 1883 mano
850 1866 961 1883 comesse
980 1860 1083 1883 acriter
1102 1859 1242 1883 deseviret
1262 1871 1294 1876 —
1317 1866 1358 1884 11.
1377 1859 1452 1890 quod
1471 1861 1499 1883 et
1518 1859 1625 1884 facturn
1643 1861 1686 1884 est
1707 1860 1856 1885 ceArnat
1869 1873 1902 1878 —
1917 1865 1959 1892 15.
1973 1859 2085 1885 Insilire
2097 1867 2246 1890 aratura,

399 1903 541 1935 palacium
562 1904 585 1928 C
601 1910 614 1927 e
631 1902 723 1926 Arndt
742 1915 774 1919 -
798 1900 836 1926 16.
858 1902 927 1925 socii
948 1909 1041 1925 manca
1060 1902 1097 1930 A,
1114 1901 1138 1925 A
1152 1909 1172 1932 t,
1192 1901 1244 1926 ΑΖ
1256 1909 1270 1925 ε
1282 1902 1308 1925 Β
1320 1909 1334 1925 e
1348 1902 1423 1927 Sauo
1437 1915 1470 1919 —
1485 1909 1527 1934 ¹9·
1546 1902 1687 1935 palacium
1711 1903 1734 1927 C
1749 1911 1763 1926 e
1780 1903 1870 1927 Arndt
1889 1917 1920 1921 —-
1941 1909 1983 1927 20.
2002 1902 2056 1927 Sed
2076 1903 2137 1936 ipse
2155 1910 2204 1928 rex
2221 1903 2247 1928 A

400 1959 408 1963 -
429 1947 541 1978 captum
561 1945 592 1968 dt
605 1944 697 1976 prima
715 1951 799 1972 mano,
817 1943 888 1967 altri
901 1950 1014 1968 corresse
1031 1950 1064 1967 su
1082 1950 1186 1972 rasura,
1208 1944 1231 1968 C
1249 1957 1281 1961 —
1302 1949 1344 1968 21.
1363 1944 1481 1969 honeste
1501 1944 1645 1969 custodita
1665 1945 1698 1973 A,
1717 1944 1741 1968 A
1753 1952 1776 1974 1,
1795 1944 1819 1968 A
1830 1949 1858 1973 2,
1877 1945 1903 1969 B
1919 1953 1933 1969 e
1953 1945 2029 1970 Sasso

492 2044 499 2060 ⁴
522 2048 610 2072 Porta
628 2046 656 2072 S.
678 2047 782 2080 Agata,
805 2046 849 2070 fra
876 2046 897 2070 il
922 2046 1036 2071 Duomo
1061 2054 1076 2071 c
1102 2047 1122 2070 il
1153 2046 1297 2080 “Papirus

404 2090 556 2121 “flumen,‚
583 2088 749 2121 (bonificato
777 2097 830 2113 con
859 2090 935 2113 tutta
961 2089 989 2113 la
1014 2089 1116 2121 palude
1142 2089 1218 2114 nella
1242 2089 1296 2114 fine

402 2132 446 2157 del
463 2132 676 2164 cinquecento)‚
696 2138 741 2155 era
761 2131 869 2156 situata
889 2130 965 2154 nella
984 2131 1032 2155 via
1051 2131 1101 2155 che
1120 2131 1254 2155 divideva
1267 2131 1296 2155 la

404 2174 590 2208 “Neapolis„
620 2173 696 2198 dalla
724 2173 847 2198 “Palaia
875 2172 997 2204 Polls‚‚;
1022 2174 1058 2197 cf.
1082 2172 1115 2197 G.
1141 2172 1295 2202 COLUMBA,

1355 2053 1430 2079 1107,
1451 2049 1509 2072 ind.
1530 2047 1608 2080 XV);
1630 2047 1662 2079 E,
1681 2046 1716 2079 46
1734 2046 1837 2081 (aprile
1858 2047 1935 2079 1116,
1949 2049 2007 2073 ind¹
2024 2046 2070 2080 9);
2087 2048 2118 2073 F.
2138 2055 2171 2082 45
2191 2046 2249 2080 (de-

1353 2089 1462 2114 cembre
1483 2088 1559 2119 1128,
1579 2090 1639 2115 ind.
1659 2088 1738 2123 VI1);
1759 2089 1793 2119 G,
1815 2097 1846 2123 15
1867 2090 1976 2122 (marzo
1997 2087 2248 2123 1135,1nd.xm).

1440 2130 1451 2148 ⁵
1472 2132 1538 2157 Uoo
1556 2132 1728 2162 FALcauno,
1748 2140 1775 2166 p.
1795 2139 1843 2164 24:
1864 2132 1878 2146 ¹⁴
1889 2132 2048 2157 Richardus
2067 2132 2101 2157 de
2119 2132 2249 2162 Mandra.

1353 2175 1365 2188 “
1379 2176 1494 2200 comitis
1514 2175 1631 2200 Roberti
1652 2176 1871 2205 comestabulus,
1892 2175 2009 2200 interim
2027 2182 2091 2200 cum
2110 2175 2250 2208 episeopo

401 2217 440 2242 Lu
454 2218 551 2249 planta
569 2217 600 2239 di
619 2215 739 2240 Palermo
761 2215 873 2240 aan'eta
897 2223 1006 2240 romana
1030 2215 1119 2240 all'eto
1144 2216 1295 2240 ambo-nor-

402 2267 509 2289 manna,
540 2260 570 2282 ln
599 2258 826 2283 Centenario
855 2258 955 2282 dalla
985 2259 1135 2282 nascita
1164 2258 1198 2282 dl
1228 2258 1295 2283 Mi-

403 2302 506 2326 chele
527 2302 658 2330 Amari,
679 2302 737 2331 cit.‚
756 2300 815 2325 vol.
834 2299 869 2331 ΙΙ,
883 2308 910 2332 p.
924 2305 985 2332 425·
1022 2301 1063 2329 R„
1078 2308 1155 2325 come
1174 2302 1197 2324 si
1219 2302 1295 2332 vede.

402 2346 464 2368 tace
484 2345 562 2368 tutto
581 2345 689 2375 quanto
709 2343 734 2367 si
753 2342 882 2367 riferISce
898 2343 924 2367 ai
939 2344 1050 2375 preteso
1064 2342 1296 2368 avvelenamento

405 2386 658 2411 dell’arcivescovo
678 2385 706 2409 di
727 2385 867 2413 Palermo,
894 2384 943 2409 che
964 2384 1079 2409 Maione
1099 2386 1218 2410 avrebbe
1236 2388 1294 2410 ten-

402 2431 463 2454 tato
483 2437 497 2453 e
517 2429 566 2454 che
585 2429 607 2453 il
627 2428 796 2457 FALcANno,
816 2435 842 2461 p.
862 2434 905 2460 40,
925 2435 1008 2453 narra
1034 2435 1087 2452 con
1108 2428 1197 2452 molto
1217 2428 1296 2454 iusso

402 2471 432 2496 di
452 2471 628 2504 particolari.
665 2471 704 2495 Di
730 2470 804 2495 fatto
831 2470 1035 2495 l’arclvescovo
1059 2469 1122 2502 Ugo
1147 2477 1247 2496 amava
1270 2471 1296 2496 le

403 2514 502 2539 lettere
522 2521 600 2538 come
620 2514 646 2538 le
665 2513 810 2538 coltlvava
830 2512 947 2537 Maione
965 2512 994 2536 di
1015 2512 1090 2536 Bari.
1127 2512 1174 2538 Cf.
1193 2515 1261 2538 nota
1282 2521 1294 2539 1

403 2557 446 2581 del
467 2555 615 2582 SmseusA
634 2563 651 2580 a
669 2564 696 2588 p.
716 2563 750 2588 49
770 2555 814 2580 del
834 2554 1003 2580 Fucinum.

488 2596 499 2613 ²
519 2598 585 2623 Uco
604 2598 773 2629 Fascmno,
792 2605 818 2630 p.
839 2604 888 2630 43:
903 2597 917 2610 “
927 2614 950 2622 ..
962 2615 967 2621 .
980 2597 1142 2622 ,Mattheus
1161 2597 1296 2622 Bonellus

405 2640 545 2672 “eiusque
566 2642 755 2665 comites.
782 2641 843 2672 ipsa
869 2641 952 2664 nocte
978 2638 1130 2670 cacabum,
1154 2640 1295 2672 quoddam

405 2682 418 2696 α
430 2684 490 2708 eius
510 2684 656 2716 oppidum,
675 2684 849 2707 devenerunt
860 2701 884 2715 η.

490 2723 501 2739 ³
521 2724 588 2749 Uoo
607 2724 774 2756 FALeANno,
793 2732 820 2757 p.
840 2729 882 2756 52,
902 2725 927 2748 ci
947 2722 982 2748 da
1003 2724 1023 2747 il
1044 2731 1126 2748 nome
1140 2724 1185 2748 del
1200 2724 1296 2748 castel-

403 2767 471 2791 lano
491 2767 522 2791 dl
541 2767 665 2799 palazzo,
684 2766 832 2799 Malgerio.

491 2807 501 2824 ⁴
520 2808 684 2841 Guglielmo
704 2809 748 2833 del
768 2808 944 2841 Principato‚
965 2808 1041 2833 della
1062 2808 1192 2841 famiglia
1214 2809 1295 2834 Alta-

402 2851 483 2882 villa,
504 2850 620 2875 fratello
640 2851 670 2875 dl
683 2851 786 2876 Nicola
800 2852 884 2876 conte
898 2851 943 2875 del
957 2850 1142 2883 Principatm
1155 2850 1296 2880 Uarium,

400 2892 433 2917 It.
453 2892 546 2923 Sacra,
565 2893 627 2924 VII,
646 2892 708 2925 398.
745 2893 894 2918 Entrambi
917 2894 1022 2917 furono
1041 2892 1102 2926 figli
1115 2892 1147 2917 dl
1160 2893 1295 2924 Roberto,

399 2933 447 2967 gia
474 2937 568 2960 morto
596 2935 756 2967 nell'aprile
785 2934 864 2964 1116,
890 2934 1040 2960 laselando
1066 2935 1088 2959 ll
1114 2935 1242 2960 contado
1269 2936 1295 2960 al

398 2977 531 3009 figliuolo
552 2976 731 3009 Guglielmo;
751 2978 787 3001 cs.
815 2978 987 3006 Munsrom,
1005 2977 1098 3009 Anne.
1118 2978 1162 3006 le„
1183 2977 1206 3007 1,
1230 2984 1296 3010 233:

399 3019 524 3043 Archt'm'o
543 3019 574 3041 d!
588 3019 672 3044 Badra
685 3019 715 3043 di
730 3018 799 3044 cava
813 3020 858 3044 det
873 3020 989 3052 Hrrmi,
1003 3019 1081 3044 Arm.
1095 3019 1126 3048 Ε,
1140 3024 1153 3050 5
1170 3018 1296 3053 (maggio

1353 2216 1367 2230 “
1377 2217 1604 2250 Teano-captus
1623 2219 1665 2243 est
1685 2219 1713 2242 et
1731 2217 1903 2243 Panormum
1922 2218 2058 2243 deductus
2070 2226 2097 2251 ,ς
2117 2225 2144 2243 v.
2164 2225 2249 2251 sopra

1350 2267 1377 2291 p.
1398 2266 1457 2291 241,
1478 2267 1505 2284 n.
1524 2267 1550 2292 3.
1590 2260 1718 2285 Roberto
1738 2262 1822 2285 conte
1842 2259 1872 2285 di
1890 2259 1996 2284 Molise
2014 2258 2029 2284 ὲ
2051 2260 2196 2285 ricordsto
2216 2261 2247 2284 ln

1351 2310 1407 2327 una
1426 2304 1504 2327 carta
1523 2304 1639 2335 privata
1663 2302 1709 2327 del
1738 2309 1807 2335 1130
1832 2302 2032 2327 dell'Archivio
2057 2302 2088 2327 di
2109 2301 2203 2328 Radia
2220 2303 2252 2327 di

1352 2346 1438 2375 Cava,
1459 2346 1610 2379 segnatura
1633 2345 1738 2375 antica,
1763 2345 1837 2369 Arca
1863 2353 1889 2377 4,
1914 2352 1988 2378 caps.
2013 2343 2057 2378 96.
2093 2344 2160 2370 Uoo
2176 2343 2250 2370 Flua-

1350 2394 1459 2418 cmsno,
1478 2396 1525 2421 pp.
1545 2387 1579 2421 69
1598 2396 1612 2413 e
1632 2387 1674 2421 78,
1698 2388 1761 2412 dice
1786 2388 1835 2412 che
1860 2387 2002 2413 Riccardo
2028 2386 2109 2412 salvo
2134 2387 2163 2412 ln
2186 2387 2250 2412 vltn

1351 2430 1395 2455 del
1415 2438 1445 2455 re
1464 2430 1584 2456 durante
1603 2431 1826 2455 l’insurrezione
1845 2438 1859 2454 e
1879 2428 1976 2462 percio
1997 2431 2026 2454 fu
2047 2431 2142 2455 cresto
2167 2429 2249 2454 'mn-

1353 2472 1465 2506 “glster
1483 2474 1693 2498 comestabulus
1703 2491 1726 2505 η.
1765 2473 1902 2505 Nell'apr.
1931 2472 1995 2497 1162
2022 2470 2037 2497 ὲ
2062 2472 2092 2496 in
2117 2471 2249 2497 Palen-mo

1350 2517 1503 2541 testimone
1524 2518 1553 2541 in
1573 2525 1611 2541 un
1631 2517 1803 2541 documento
1822 2516 1852 2540 di
1872 2515 2019 2541 Giovanni
2040 2516 2068 2540 di
2083 2515 2248 2541 Malconve-

1351 2560 1435 2588 nant;
1450 2558 1578 2589 Ganum,
1601 2558 1687 2584 Catal.
1706 2558 1808 2583 illustr.
1827 2558 1872 2582 del
1884 2558 1947 2583 Ταῦ.
1961 2559 1994 2582 at
2003 2558 2032 2583 S.
2046 2558 2140 2583 Marta
2154 2557 2250 2582 Numa

1350 2600 1384 2622 dt*
1397 2598 1540 2629 nonnata.
1559 2608 1606 2633 pp.
1626 2599 1643 2625 6
1661 2607 1676 2624 e
1697 2599 1744 2625 162
1766 2607 1822 2632 seg.

1437 2640 1449 2658 ⁸
1469 2643 1561 2668 Molto
1581 2643 1810 2676 probabilmente
1828 2644 1850 2666 sl
1865 2643 1955 2667 tratts.
1968 2642 1999 2667 di
2012 2641 2192 2666 Alessandro
2203 2648 2249 2666 ve-

1351 2692 1438 2709 scovo
1457 2685 1487 2710 di
1508 2685 1613 2717 ChIeti,
1635 2686 1662 2710 di
1683 2685 1734 2710 che
1754 2684 1834 2717 pai-la
1854 2685 1874 2709 il
1894 2684 2050 2710 Falcando.

1437 2724 1449 2742 ⁷
1468 2727 1534 2752 UGo
1552 2727 1724 2757 ancmo,
1737 2726 1858 2759 Eptstola
1870 2727 1907 2751 ad
1917 2727 2028 2751 Petrum
2040 2726 2248 2751 Panormitano

1349 2768 1469 2793 ecclesiae
1486 2769 1686 2796 thesaurarium
1704 2770 1738 2794 de
1755 2769 1907 2801 captivitate
1925 2768 2045 2797 Siciliae,
2058 2768 2101 2793 ed.
2114 2767 2248 2801 Siragusn

1350 2811 1408 2839 citiy
1427 2819 1453 2844 p.
1478 2817 1534 2843 177,
1553 2813 1579 2836 ci
1600 2812 1630 2836 fa
1650 2819 1747 2846 sapere
1766 2812 1816 2836 che
1836 2811 1880 2836 nel
1899 2811 2014 2844 palazzo
2034 2811 2110 2836 reale
2131 2809 2247 2835 v’erano

1350 2853 1403 2878 due
1422 2854 1503 2882 torri,
1523 2854 1551 2879 la
1570 2854 1675 2880 PIsana
1693 2854 1880 2879 thesaurorum
1898 2853 2015 2878 custodia
2034 2853 2167 2884 deputata,
2185 2859 2199 2876 e
2219 2851 2247 2876 la

1351 2893 1449 2925 Greca,
1463 2897 1514 2921 che
1524 2898 1606 2921 stava
1618 2904 1703 2929 sopra
1713 2896 1739 2921 la
1750 2898 1830 2929 parte
1844 2896 1918 2921 delia
1932 2894 2003 2920 citta
2017 2895 2095 2920 detta
2109 2893 2247 2918 mmor-ta.

1438 2935 1450 2953 ⁸
1469 2938 1555 2968 lusu,
1573 2937 1612 2962 La
1633 2937 1648 2951 “
1658 2939 1779 2963 Historia
1789 2956 1803 2970 η
1823 2939 1882 2966 cit..
1901 2945 1928 2969 p.
1944 2943 1977 2969 57
1990 2944 2005 2962 e
2017 2944 2087 2970 seg:
2104 2935 2118 2949 ⁸
2129 2951 2137 2960 .
2148 2954 2154 2960 .
2165 2951 2172 2960 .
2182 2951 2190 2960 .
2201 2942 2245 2959 co-

1353 2978 1367 2991 “
1378 2979 1460 3004 mites
1478 2987 1631 3013 eorumque
1644 2980 1800 3012 complices
1818 2978 1973 3013 Rogerium
1992 2979 2090 3004 ducem
2109 2978 2244 3002 maiorem

1353 3019 1367 3032 “
1379 3021 1454 3054 regis
1473 3021 1562 3046 filium
1583 3022 1731 3047 educentes
1745 3022 1779 3048 de
1798 3021 1917 3055 palatio,
1937 3028 1986 3053 per
2004 3020 2100 3045 urbem
2119 3019 2245 3052 equitare

2269 1370 2313 1401 20

984 1634 1121 1666 Interea
1143 1633 1234 1666 inter
1257 1631 1472 1666 Sarracenos
1495 1639 1529 1667 et
1552 1633 1758 1667 christianos
1774 1634 1929 1667 eiusdem
1946 1634 2098 1668 ciuitatis
2112 1634 2242 1668 bellum
2266 1634 2308 1668 25

2275 2055 2312 2082 30

2275 2262 2308 2291 35

2275 2687 2307 2714 45

2274 2898 2309 2925 50
