2398 3470
0 3296 5 3304 .-
0 3253 10 3286 ψνε]
0 3035 12 3241 ’ντθῡνε-ικσεςιριςνω
0 3022 4 3029 2
0 2996 8 3014 m
0 2971 8 2988 «κ
0 2953 3 2965 ⁷-

139 290 221 327 [ΑΛ.
241 289 276 318 c.
297 289 492 325 nu-nvsl
716 282 1005 319 ROMUALDI
1031 281 1397 319 SALERNITANI

137 406 330 440 Alexandri
351 405 602 440 Alexandriam
624 411 839 439 uocauerunt
852 405 875 438 ¹.
921 404 1010 438 Cum
1034 410 1146 438 autem
1168 404 1233 438 hec
1257 404 1382 437 ciuitas
1405 403 1449 437 ab
1465 404 1674 447 imperatore
1691 402 1813 436 fuisset
1829 398 1977 439 obsessa,

134 465 277 503 propter
299 459 351 492 sui
374 459 564 493 nouitatem
587 459 736 492 necdum
758 464 830 492 tota
854 464 929 491 erat
950 457 1090 490 fossatis
1113 457 1327 490 circumdata
1350 462 1384 490 et
1407 457 1531 490 domus
1553 456 1627 489 eius
1651 461 1750 489 erant
1771 456 1873 499 palea
1896 464 1978 488 coo-

136 518 245 556 perte,
268 513 360 545 unde
385 518 420 545 et
446 523 467 545 a
498 511 730 545 Teuthonicis
759 511 794 543 in
826 516 1061 553 contemptum
1093 516 1127 543 et
1157 510 1313 549 ironiam,
1343 510 1523 543 Palearum
1555 509 1676 542 ciuitas
1709 505 1761 541 est
1790 507 1977 551 appellata,

136 576 205 610 que
227 565 446 609 postmodum
468 565 504 597 in
528 565 694 598 conflictu
716 563 842 597 bellico
864 564 980 597 ferrea
1003 569 1055 596 est
1077 564 1218 596 inuenta
1228 562 1250 595 ².
1297 563 1488 606 Imperator
1511 568 1637 601 autem,
1654 561 1884 594 animantibus
1900 572 1978 594 eum

95 618 114 651 5
137 618 367 662 Papiensibus
391 624 425 651 et
446 618 660 657 marchione,
690 618 786 660 cepit
809 617 986 650 ciuitatem
1008 616 1156 649 uiriliter
1186 616 1399 659 impugnare,
1422 615 1600 648 machinas
1630 615 1903 659 circumquaque
1925 615 1978 647 in-

138 678 283 712 struere,
306 672 435 705 fossata
458 672 594 704 diruere
617 676 652 703 et
682 671 830 714 replere,
853 676 888 703 et
911 680 988 702 eam
1010 669 1250 713 frequentibus
1280 668 1460 702 insultibus
1483 668 1678 707 molestare,
1710 669 1857 701 credens
1881 667 1976 701 illam

133 726 170 758 in
193 725 291 758 breui
314 730 472 768 tempore
494 736 559 768 pro
582 734 644 757 suo
668 723 810 756 arbitrio
833 723 998 766 optinere.
1046 722 1118 755 Sed
1140 721 1382 761 Alexandrini,
1404 727 1524 765 utpote
1547 721 1611 754 uiri
1635 722 1745 755 fortes
1768 728 1803 755 et
1827 722 1871 755 ad
1887 721 1980 754 bella

134 778 326 812 doctissimi
350 784 386 811 et
406 789 472 821 pro
494 777 654 812 libertate
677 782 880 821 pugnantes,
903 781 1070 818 ceperunt
1091 774 1292 817 imperatori
1317 775 1468 807 animose
1491 774 1663 813 resistere,
1687 774 1797 807 fossas
1819 786 1898 808 suas
1920 775 1980 808 de-

136 832 282 864 fendere
306 837 340 864 et
362 831 453 863 illius
476 831 653 864 machinas
674 830 743 862 suis
764 829 933 863 machinis
955 838 1169 873 oppugnare.
1215 826 1497 870 Superueniente'
1527 833 1640 861 autem
1671 828 1807 872 hyeme,
1831 838 1899 872 que
1922 838 1977 861 so-

73 887 112 918 10
134 885 196 918 lito
218 885 374 928 asperior
396 885 600 923 inorruerat,
623 884 712 917 adeo
736 893 804 926 quo
826 893 890 926 pro
913 882 1138 915 inundatione
1161 881 1279 914 ualida
1301 887 1336 914 et
1360 881 1479 924 algore
1503 881 1609 913 nimio
1633 881 1677 914 de
1701 881 1799 924 equis
1820 887 1854 914 et
1868 882 1978 914 homi-

134 938 235 972 nibus
258 938 431 971 exercitus
453 938 570 981 plures
594 937 821 980 extingueret,
843 936 1033 978 imperator
1055 940 1171 968 tamen
1187 935 1223 966 in
1238 944 1299 966 suo
1314 934 1491 977 proposito
1508 933 1649 976 [firmus]
1664 944 1900 977 perseuerans,
1916 945 1980 967 no-

135 991 198 1025 luit
219 991 264 1024 ab
288 991 470 1024 obsidione
491 990 670 1030 recedere,
692 996 746 1023 set
766 1000 842 1023 eam
864 988 1104 1032 frequentibus
1125 987 1247 1031 preliis
1269 993 1304 1020 et
1326 987 1507 1020 insultibus
1530 986 1636 1019 uariis
1666 997 1736 1020 non
1768 987 1898 1021 destitit
1927 988 1979 1020 in-

134 1055 300 1088 pugnare.
346 1044 570 1078 Adueniente
592 1049 707 1076 autem
737 1043 878 1086 pascha,
900 1042 937 1074 in
971 1042 1028 1074 die
1062 1051 1253 1084 parasceue
1288 1046 1323 1073 et
1356 1040 1491 1073 sabbati
1524 1040 1635 1073 sancti
1667 1046 1810 1083 propter
1840 1041 1976 1073 dierum

133 1098 372 1131 reuerenciatn
384 1097 570 1140 imperator
584 1097 634 1130 eis
648 1096 888 1142 imaginariam
903 1101 1061 1139 treguam
1077 1094 1248 1128 concessit
1259 1093 1288 1132 ³3
1307 1104 1455 1137 cumque
1469 1092 1698 1126 Alexandrini
1714 1094 1776 1127 sub
1793 1094 1979 1127 occasione

74 1151 111 1184 15
136 1158 256 1196 tregue
279 1162 339 1184 sue
363 1150 513 1184 ciuitatis
536 1150 739 1183 custodiam·
752 1149 1002 1193 aliquantulum
1024 1148 1268 1192 neglexissent,
1290 1148 1489 1190 imperator,
1513 1153 1615 1180 nacta
1642 1147 1886 1190 oportunitate,
1917 1157 1978 1180 ne-

135 1204 326 1238 scientibus
347 1203 602 1242 Alexandrinis,
626 1203 737 1236 fossas
761 1208 796 1236 et
818 1202 997 1236 cuniculos
1020 1201 1084 1234 sub
1106 1207 1198 1234 terra
1220 1201 1295 1233 fieri
1319 1200 1425 1240 iussit,
1443 1206 1478 1233 et
1501 1211 1563 1243 per
1587 1211 1644 1233 eos
1668 1206 1817 1233 armatos
1843 1201 1979 1239 milites,

132 1259 263 1292 intrare
285 1258 383 1297 tecit,
406 1263 443 1290 ut
466 1268 510 1290 ex
532 1256 717 1299 improuiso
741 1256 784 1289 de
813 1255 983 1289 cuniculis
1013 1260 1157 1297 repente
1189 1260 1411 1297 erumperent
1443 1260 1477 1287 et
1507 1253 1683 1286 ciuitatem
1715 1253 1814 1286 huius
1844 1254 1980 1287 fraudis

134 1310 286 1343 nesciam
311 1315 523 1352 occuparent
534 1307 556 1341 ⁴.
581 1308 655 1342 Sed
677 1318 757 1341 mox
779 1313 816 1340 ut
839 1306 1069 1340 Alexandrini
1093 1307 1161 1339 hoc
1177 1312 1422 1350 perceperunt,
1446 1306 1594 1349 arreptis
1611 1306 1713 1338 armis
1737 1312 1907 1348 ceperunt
1930 1307 1976 1339 ad

134 1364 264 1396 fossata
287 1373 440 1402 currere,
463 1368 498 1395 et
519 1361 773 1395 introeuntibus
795 1360 1023 1394 Teuthonicis
1044 1360 1191 1393 uiriliter
1215 1370 1409 1404 repugnare
1421 1359 1444 1392 ⁶.
1490 1358 1562 1392 Sed
1586 1365 1751 1402 operante
1774 1359 1894 1392 diuina
1918 1370 1979 1403 po-

68 1417 112 1449 20
134 1417 253 1456 tentia,
278 1416 426 1460 quedam
449 1425 530 1459 pars
552 1415 674 1448 fossati
696 1414 808 1448 subito
833 1414 975 1453 corruit,
997 1419 1032 1446 et
1054 1424 1124 1453 eos,
1148 1413 1207 1457 qui
1229 1413 1266 1445 in
1290 1413 1460 1446 cuniculis
1483 1418 1519 1446 et
1541 1413 1655 1445 foueis
1677 1418 1786 1451 erant,
1810 1414 1980 1456 oppressit

134 1470 263 1513 pariter
286 1475 321 1502 et
344 1469 498 1502 extinxit.
546 1467 627 1508 Quo
644 1468 796 1512 cognito,
812 1466 1042 1500 Alexandrini
1057 1467 1151 1500 toras
1167 1466 1308 1510 egressi,
1323 1472 1472 1499 castrum
1487 1465 1643 1510 ligneum
1658 1466 1798 1498 armatis
1813 1465 1979 1499 militibus

133 1523 286 1566 plenum,
309 1523 404 1566 quod
426 1522 614 1566 imperator
637 1520 803 1554 credebat
823 1521 859 1553 in
884 1521 1059 1554 ciuitatem
1082 1520 1260 1559 inducere,
1292 1519 1430 1552 inmisso
1459 1519 1541 1563 igne
1572 1519 1674 1551 simul
1705 1529 1782 1552 cum
1814 1519 1979 1552 militibus

134 1576 398 1610 combusserunt
408 1575 431 1608 ⁶.
477 1575 671 1617 Imperator
694 1580 806 1606 autem
830 1584 891 1606 sua
914 1584 976 1616 spe
999 1579 1033 1606 et
1055 1573 1245 1606 intentione
1270 1573 1464 1614 frustratus,
1489 1578 1524 1605 et
1546 1572 1590 1604 de
1619 1577 1731 1604 morte
1753 1582 1891 1605 suorum
1914 1584 1975 1606 ue-

225 1714 249 1732 2.
268 1709 329 1731 erat
347 1708 410 1731 tota
432 1706 455 1730 C
469 1715 484 1731 e
502 1706 594 1732 Arndt
611 1719 644 1724 —-
662 1713 688 1738 3.
708 1704 909 1730 Teuthoniciis
926 1705 962 1736 B,
984 1704 1006 1728 C
1021 1704 1103 1730 Sauo
1121 1713 1134 1728 c
1152 1704 1244 1729 Arndt
1260 1716 1271 1722 -
1291 1704 1322 1727 in
1341 1710 1450 1728 romam
1471 1703 1494 1728 C
1511 1716 1543 1720 —
1564 1708 1588 1734 5.
1607 1703 1755 1736 markjone
1773 1703 1814 1732 A;
1834 1703 1980 1728 maritione

139 1749 161 1774 C
176 1757 190 1774 e
208 1749 299 1775 Arndt
317 1762 326 1767 -
347 1750 513 1782 impugnare
531 1748 558 1772 B
574 1757 588 1773 e
607 1749 688 1774 Sauo
707 1761 739 1766 —-
759 1753 784 1779 7.
802 1746 851 1772 Set
874 1747 892 1771 C
911 1755 925 1771 e
942 1746 1035 1772 Arndt
1051 1760 1084 1764 —
1104 1745 1128 1771 8.
1147 1746 1322 1771 liberalitate
1340 1745 1365 1769 A
1385 1758 1394 1762 -
1414 1745 1586 1778 imperatore
1604 1745 1634 1770 di
1646 1745 1739 1777 prima
1756 1752 1834 1771 mano
1851 1745 1897 1770 che
1920 1753 1977 1771 cor-

135 1799 206 1816 ruse
223 1798 269 1816 con
287 1798 388 1816 rasura
404 1790 426 1815 C
437 1804 470 1808 —-
483 1798 509 1824 9.
522 1797 606 1824 super
623 1790 718 1815 ultima
733 1790 834 1821 parola
852 1789 926 1814 della
938 1789 1048 1821 pagina
1067 1789 1092 1813 A
1110 1801 1122 1808 -
1139 1795 1219 1821 yeme
1237 1789 1262 1812 A
1281 1800 1316 1805 ·-
1337 1793 1376 1812 ιο.
1397 1787 1538 1820 asperiore
1557 1787 1588 1811 di
1602 1788 1693 1817 prima
1710 1794 1786 1812 mano
1804 1788 1848 1812 che
1865 1794 1980 1814 correus

135 1841 183 1859 con
201 1840 300 1859 rasura
323 1832 346 1857 C
362 1846 396 1852 -
417 1839 457 1858 11.
476 1840 571 1858 manea
584 1833 610 1857 B
630 1831 652 1856 C
668 1841 683 1856 a
700 1831 781 1858 Sasso
799 1844 810 1850 -
829 1831 924 1856 firmus
943 1838 1037 1856 manca
1055 1831 1091 1861 A,
1109 1831 1138 1855 B
1154 1838 1168 1854 e
1181 1831 1261 1856 Sauo
1275 1843 1306 1848 —-
1323 1837 1362 1862 14,
1377 1830 1575 1861 imaginariam
1587 1829 1614 1853 B
1631 1837 1646 1853 e
1659 1829 1756 1859 Sass03
1770 1830 1978 1862 ymaginariam

90 1883 105 1909 5
140 1875 164 1900 C
178 1884 193 1901 e
210 1876 303 1901 Arndt
318 1888 331 1895 -
356 1877 483 1908 tegruam
507 1876 533 1900 A
558 1888 567 1893 —
586 1875 794 1900 AlexandrinIs
817 1873 839 1899 C
856 1887 889 1892 —
911 1879 951 1905 17.
969 1874 1054 1898 huius
1075 1873 1184 1898 fraudis
1202 1872 1377 1904 svprascrltto
1394 1872 1438 1897 eol
1451 1872 1531 1897 nolito
1549 1871 1691 1897 nuchiosero
1708 1872 1822 1897 sbiadito
1845 1872 1867 1896 C
1884 1885 1917 1890 —
1938 1879 1977 1904 19.

137 1918 246 1943 fossata
266 1917 412 1952 superiora
431 1924 577 1942 cucurrere
595 1919 623 1942 et
641 1918 745 1942 terram
764 1916 947 1948 dirrumpere,
965 1917 1082 1949 propter
1099 1915 1176 1947 quod
1195 1917 1271 1940 terra
1289 1914 1407 1946 desuper
1426 1913 1520 1938 subito
1540 1913 1649 1938 corruit
1667 1914 1704 1943 B,
1724 1914 1773 1938 Ba
1791 1922 1805 1938 e
1827 1913 1926 1939 Cama
1946 1927 1978 1932 —

139 1966 230 1993 19-20.
249 1961 384 1994 potencia
406 1959 428 1984 C
445 1968 459 1984 e
483 1960 575 1985 Arndt
591 1973 624 1978 —
645 1965 687 1984 zo.
707 1959 834 1983 sovevels
856 1958 878 1982 C
895 1971 928 1976 —
949 1964 989 1982 21.
1010 1957 1155 1982 extincxit
1173 1957 1204 1982 ds·
1214 1956 1308 1988 prium
1325 1963 1404 1982 mano
1423 1955 1461 1984 Α,
1480 1959 1589 1988 espunta
1609 1963 1622 1979 c
1643 1968 1675 1973 -
1696 1961 1739 1980 η.
1758 1963 1820 1980 cum
1839 1964 1932 1981 manca
1961 1956 1984 1980 C

138 2015 172 2021 —
192 2009 234 2035 23.
252 2002 420 2027 intencione
443 2001 464 2026 C
481 2011 494 2026 e
515 2002 607 2027 Arndt

1085 2090 1098 2103 ‘⁴
1111 2089 1225 2114 locutus
1244 2090 1286 2113 est
1305 2089 1355 2113 hec
1375 2088 1474 2113 verba:
1494 2087 1526 2111 In
1547 2089 1702 2112 crastinum
1721 2089 1836 2112 sanctus
1851 2088 1911 2112 dies
1924 2088 1976 2113 Ve-

1084 2132 1186 2156 “neris
1212 2132 1342 2156 imminet
1369 2137 1450 2163 quem
1477 2131 1571 2155 omnis
1595 2131 1770 2155 christianus
1793 2130 1978 2155 devotissime

224 2091 234 2109 ¹
246 2093 334 2122 noso,
349 2093 432 2117 Liber
445 2093 549 2126 Pontis.
562 2091 597 2121 11,
610 2100 637 2124 p.
651 2090 703 2124 418
716 2099 730 2115 e
743 2098 798 2124 sg.:
816 2090 830 2104 ⁸
840 2090 928 2115 Anno
942 2091 1030 2123 igitur

75 2137 108 2156 10
137 2134 305 2160 “dominice
323 2135 540 2160 incarnationis
553 2133 735 2165 MCvam,
756 2133 813 2158 kal.
832 2133 910 2163 maii,
930 2132 991 2157 ind.
1008 2131 1030 2162 1,

2017 291 2090 314 Mun„
2106 296 2125 310 c.
2142 295 2180 314 213

2030 630 2079 649 1174
2094 627 2138 646 oct.
2153 630 2178 649 ²7

2061 845 2082 860 c.
2097 838 2155 863 ³490

2001 1056 2050 1076 1175
2065 1057 2112 1076 apr.
2131 1058 2161 1071 11.
2179 1058 2201 1072 12

137 2176 151 2190 ‘¹
162 2183 238 2201 anno
258 2177 352 2201 autem
371 2176 553 2209 pontificatus
572 2175 672 2200 domni
686 2174 843 2199 Alexandri
858 2181 930 2207 pape
943 2173 1030 2198 vnn.

138 2218 153 2233 ⁸
163 2219 303 2245 Cremona
322 2226 384 2243 cum
405 2218 572 2244 Mediolano
590 2220 618 2242 et
631 2218 779 2243 Placentia
791 2218 821 2242 in
836 2224 921 2242 manu
934 2217 1031 2241 valida

137 2261 270 2293 “pariter
288 2262 486 2286 convenerunt
506 2262 606 2285 contra
633 2259 820 2285 rebellionem
846 2259 1031 2293 Pupiensium

135 2303 149 2317 ⁸
161 2305 190 2328 et
200 2303 374 2328 marchionis
389 2302 602 2328 Montisferrati
614 2302 651 2327 ad
665 2303 763 2327 villam
776 2309 828 2334 que
841 2302 962 2327 vocatur
974 2301 1029 2326 Ro·

77 2349 106 2375 15
136 2346 297 2378 “varetum,
318 2345 415 2378 ibique
433 2345 468 2371 ad
487 2345 625 2370 honorem
645 2344 697 2370 Dei
719 2347 746 2369 et
765 2345 840 2369 beati
856 2344 933 2368 Petri
946 2346 974 2369 et
987 2345 1030 2369 to-

137 2388 217 2413 “tius
236 2387 408 2413 LombardIe
426 2387 615 2413 construende
638 2387 766 2412 civitatis
793 2386 932 2412 ambitum
958 2387 1029 2411 desi-

136 2428 323 2465 ‘'gnam-unt
325 2447 419 2460 ......
438 2430 477 2455 Ut
491 2431 583 2454 autem
596 2430 753 2462 gloriosior
766 2429 870 2461 ubique
882 2429 1031 2454 haberetur

137 2473 244 2505 “atque
264 2473 410 2501 famosior,
430 2472 539 2505 placuit
559 2472 691 2497 omnibus
710 2474 742 2496 ut
763 2473 823 2504 ipsa
849 2472 953 2496 civitas
977 2479 1029 2505 pro

137 2515 150 2529 ⁸
160 2515 319 2540 reverentia
339 2515 415 2540 beati
434 2515 511 2540 Petri
525 2516 553 2539 et
564 2521 636 2547 pape
650 2514 807 2539 Alexandri
823 2514 1029 2547 imperpetuum

75 2562 109 2581 20
137 2558 150 2571 a
162 2558 358 2583 nominaretur
378 2557 555 2582 Alexandria
566 2574 589 2590 η.

223 2598 234 2615 ²
253 2600 279 2624 A
298 2601 399 2632 questo
418 2600 549 2633 giudizio
574 2600 665 2625 molto
691 2600 851 2632 espressivo
877 2599 907 2624 di
931 2598 965 2625 R.
991 2600 1029 2624 ri-

135 2643 244 2676 sponde
269 2642 365 2674 quello
392 2642 421 2667 dl
449 2641 594 2668 SchRDUB
621 2641 847 2673 Canuouzssis,
876 2643 1028 2672 Chronica,

134 2685 185 2709 che
204 2683 320 2709 l’Arndt
340 2684 402 2709 dice
421 2685 522 2709 scritto
544 2684 557 2697 ‘⁴
569 2691 627 2709 non
645 2685 707 2709 sine
726 2684 955 2715 caviliatione„:
978 2685 1028 2709 Im-

130 2730 316 2758 pendor...-
336 2726 450 2750 Pulsum
474 2726 583 2755 obsedit,
607 2726 657 2751 sed
679 2734 727 2750 non
752 2726 860 2750 messuit
884 2734 930 2750 nec
954 2727 1028 2759 quid-

75 2769 106 2796 25
133 2777 211 2802 quam
230 2768 258 2793 in
275 2769 372 2793 horrea
390 2768 552 2799 reportavit,
573 2769 602 2793 in
624 2768 794 2799 Minu-rom,
822 2769 887 2793 RR.
908 2769 947 2792 Il.
967 2768 1026 2800 SS„

134 2811 197 2840 vu,
216 2809 277 2835 601.

222 2851 233 2866 ³
252 2852 338 2882 noso,
353 2853 436 2877 Liber
449 2853 562 2886 Pontis„
575 2852 609 2882 ΙΙ,
620 2851 686 2886 428:
701 2852 714 2866 ¹¹
725 2853 779 2878 Ubi
794 2860 862 2878 vero
875 2851 1028 2878 Teutonici

137 2894 149 2906 ¹⁴
162 2901 224 2918 cum
244 2893 413 2919 Lombardis
432 2895 467 2919 ad
489 2894 657 2919 alterutrum
669 2901 698 2920 se
711 2896 929 2927 conspexerunt,
940 2895 1029 2920 timor

138 2935 152 2949 ¹⁴
162 2937 190 2960 et
208 2935 329 2960 ebetudo
343 2937 446 2960 mentis
459 2935 490 2961 F.
504 2936 621 2965 invasit.
636 2936 786 2961 attendens
799 2938 874 2961 stare
887 2938 986 2961 contra
1000 2943 1028 2962 se

74 2984 111 3010 30
137 2977 335 3003 “armatorum
355 2978 511 3003 terribilem
532 2978 755 3007 multitudinem,
774 2979 853 3004 velut
871 2980 1028 3004 castrorum

136 3019 150 3032 ⁶
161 3021 251 3045 aciem
270 3020 442 3045 ordinatam.
479 3019 514 3045 Et
532 3020 636 3046 exinde
650 3020 684 3045 ad
704 3022 838 3045 consueta
858 3020 1028 3046 calliditatis

138 3061 152 3075 ‘⁴
164 3064 329 3095 argumenta
348 3070 376 3087 se
395 3065 574 3095 convertens,
589 3061 779 3088 Alexandrini
793 3064 821 3087 in
835 3063 903 3088 dolo
917 3063 1029 3098 placide

1083 2174 1187 2205 “coHt,
1205 2176 1233 2199 et
1251 2173 1317 2198 ideo
1336 2180 1388 2207 pro
1408 2173 1568 2198 reverentia
1582 2172 1721 2198 Crucifixi
1734 2175 1880 2205 treuguam
1895 2174 1979 2198 vobis
2005 2184 2038 2210 35

1086 2215 1100 2229 “
1110 2218 1137 2241 et
1156 2215 1338 2241 securitatem
1356 2223 1444 2248 usque
1463 2216 1492 2240 in
1508 2215 1660 2240 secundam
1676 2216 1772 2239 seriem
1786 2222 1820 2240 ex
1832 2215 1976 2248 imperiali

1084 2258 1287 2291 “benignitate
1306 2258 1431 2283 concedo
1450 2259 1478 2283 et
1497 2258 1606 2291 largior
1617 2276 1641 2290 η.

1170 2299 1181 2317 ⁴
1200 2301 1287 2330 Inna«,
1307 2301 1361 2326 loc.
1381 2300 1445 2326 cita
1470 2301 1483 2314 “
1494 2300 1617 2334 Recepta
1630 2301 1727 2332 itaque
1740 2301 1901 2333 securitate,
1915 2308 1976 2325 cum

1085 2342 1098 2355 “
1109 2343 1216 2376 singuli
1237 2343 1271 2367 de
1295 2342 1414 2376 populo,
1430 2342 1521 2367 nichil
1536 2342 1604 2366 mali
1618 2343 1805 2374 suspicantes,
1818 2341 1978 2367 dormirent

1082 2386 1095 2400 ⁴
1107 2393 1202 2411 secure
1216 2387 1246 2410 in
1260 2386 1394 2411 domibus
1408 2386 1474 2415 suis,
1488 2392 1585 2410 eorum
1601 2385 1754 2410 insidlator
1768 2386 1844 2409 circa
1857 2385 1978 2417 primam
2006 2398 2040 2423 40

1085 2429 1242 2462 “vigiliam
1261 2431 1356 2454 noctis
1375 2428 1418 2463 (11
1440 2436 1454 2453 e
1476 2435 1505 2454 12
1527 2427 1597 2462 apr.)
1612 2428 1748 2453 fortiores
1762 2430 1840 2453 viros
1854 2429 1978 2453 armatos

1085 2472 1098 2485 ‘⁴
1110 2473 1139 2496 in
1160 2473 1306 2497 civitatem
1327 2479 1376 2504 per
1389 2472 1586 2496 subterraneos
1601 2472 1707 2495 meatus
1721 2471 1830 2495 intrare
1843 2471 1978 2504 precepit,

1084 2515 1097 2527 ⁴¹
1108 2517 1136 2539 et
1156 2516 1217 2548 lpse
1235 2522 1299 2540 cum
1318 2515 1382 2539 toto
1402 2513 1529 2538 exercitu
1552 2514 1587 2538 ad
1614 2515 1712 2546 portas
1738 2514 1818 2538 stetit
1844 2514 1976 2542 armatus⁷

1084 2556 1098 2570 ‘¹
1109 2558 1260 2589 expectans
1279 2563 1425 2588 quousque
1445 2556 1489 2580 illi
1510 2562 1580 2588 quos
1591 2556 1758 2588 premiserat
1770 2555 1920 2580 civitatem
1935 2556 1976 2579 in-

1084 2598 1098 2611 “
1108 2600 1230 2624 trassent
1249 2601 1278 2624 et
1296 2598 1540 2624 conclamantium
1561 2599 1713 2630 occuparet
1723 2615 1748 2628 „.
2004 2605 2036 2632 45

1169 2639 1181 2655 ⁶
1198 2641 1426 2671 qum,1oc.cit.:
1443 2640 1456 2654 “
1467 2640 1548 2665 Tunc
1558 2642 1636 2664 cives
1649 2638 1865 2673 (Alexandrini)
1881 2639 1977 2663 subito

1082 2684 1299 2717 “expergefacti
1320 2683 1456 2708 velociter
1476 2682 1667 2707 convolarunt
1692 2681 1728 2706 ad
1754 2688 1839 2710 arma,
1864 2683 1892 2705 et
1916 2683 1976 2706 tan-

1084 2725 1191 2758 “quam
1210 2726 1306 2751 leones
1327 2727 1460 2750 audacter
1479 2725 1623 2749 irruerunt
1643 2725 1672 2748 in
1693 2724 1790 2748 hostes
1800 2741 1822 2755 η.

1169 2766 1277 2799 “Inuum
1286 2768 1321 2798 ΙΙ,
1333 2776 1360 2801 p.
1371 2775 1437 2801 429:
1451 2767 1465 2780 ¹‘
1476 2787 1481 2792 .
1491 2786 1496 2791 .
1508 2784 1516 2791 .
1526 2784 1533 2791 .
1544 2767 1660 2800 Apertis
1674 2768 1766 2791 autem
1781 2767 1873 2800 portis
1883 2766 1977 2791 exivit

1084 2809 1230 2844 “populus
1251 2812 1281 2835 in
1303 2810 1475 2835 fortitudine
1495 2816 1595 2842 magna
1615 2810 1643 2833 et
1662 2809 1818 2833 exercitum
1832 2808 1930 2841 perfidi
1945 2808 1976 2833 F.
2005 2819 2038 2845 50

1084 2852 1194 2885 “usque
1215 2854 1243 2877 in
1264 2853 1339 2877 diem
1358 2852 1467 2877 sabbati
1489 2852 1627 2884 percussit
1647 2851 1677 2875 in
1696 2850 1795 2884 gladio
1823 2852 1872 2879 ita,
1898 2851 1975 2882 quod

1083 2893 1097 2908 ⁶
1107 2902 1194 2927 usque
1212 2896 1247 2920 ad
1262 2895 1353 2928 ipsius
1367 2896 1459 2919 castra
1473 2895 1648 2919 mortuorum
1659 2894 1766 2926 strages
1780 2900 1976 2925 usquequaque

1084 2937 1254 2969 “iacebantg
1274 2939 1390 2970 insuper
1410 2937 1535 2970 ligneum
1555 2936 1701 2961 castellum
1721 2935 1798 2968 quod
1826 2937 1854 2959 in
1880 2935 1974 2968 perni-

1083 2978 1179 3004 “elem
1199 2981 1329 3004 civitatis
1348 2987 1382 3003 ex
1403 2978 1574 3004 fortioribus
1593 2979 1620 3002 et
1639 2977 1738 3002 electis
1759 2977 1901 3002 militibus
1920 2978 1977 3002 stu-

1084 3021 1098 3035 ‘'
1109 3022 1188 3046 dione
1201 3023 1368 3052 armaverat,
1381 3021 1491 3045 tamdiu
1506 3020 1630 3045 viriiiter
1643 3020 1819 3054 expugnavit
1832 3026 1976 3051 quousque
2004 3025 2036 3051 55

1085 3063 1183 3091 “illud
1204 3071 1265 3088 cum
1287 3065 1357 3098 ipsis
1377 3063 1518 3088 militibus
1537 3062 1681 3088 violenter
1700 3062 1889 3093 combussit„.
