2398 3470
101 265 186 300 [ΛΑ.
206 273 248 293 m.
267 266 446 301 esa-1656]
564 250 571 260 '
873 258 1191 296 CHRONICON
1397 263 1401 266 ’
1941 258 1960 299 7
1980 264 2067 296 mn„
2083 275 2117 291 cc.
2135 270 2194 291 ιω,-

196 389 458 423 “Mathusalam
490 400 598 422 annos
631 398 808 423 cnxxxvn
843 388 966 432 genuit
998 389 1166 429 Lamech,
1197 387 1254 422 cui
1284 388 1475 431 superuixit
1509 399 1619 422 annos
1649 399 1844 423 nccnxxxn
1880 391 1971 425 idest
1993 406 2015 421 n.
2031 407 2061 422 m.
2077 402 2116 427 8⁸4

106 447 122 464 ⁸
135 454 244 488 usque
268 443 314 476 ad
337 442 506 476 diluuium
520 445 541 476 ¹.
589 442 819 486 Septuaginta
841 442 1053 484 interpretes
1076 447 1156 475 ante
1180 447 1300 474 natum
1325 441 1484 474 Lamech
1506 442 1685 483 CLXVII,
1701 450 1835 486 ponunt
1850 454 1970 484 annos,

106 500 122 517 ⁴⁶
135 503 259 541 postea
269 496 428 530 DCCCII
441 496 502 540 qui
518 506 692 535 numerus,
714 501 753 528 ut
768 495 882 527 lector
897 495 1067 528 facillime
1082 494 1226 535 uidebit,
1242 494 1339 538 juxta
1360 494 1563 527 hebraicam
1585 496 1767 529 veritatem
1782 506 1830 530 xx
1846 508 1971 537 annos3

108 551 236 596 “juxta
257 550 413 593 ipsorum
437 559 522 582 vero
546 548 792 582 auctoritatem
813 556 879 580 :nv
911 549 1009 580 annis
1042 547 1166 581 diluuii
1197 553 1355 590 tempora
1378 547 1523 580 transiit.
1570 547 1625 581 De
1649 560 1718 593 qua
1740 550 1973 584 famosissima

59 603 78 638 5
108 603 317 648 “questione
342 602 534 636 doctissimi
557 607 672 645 patres
695 601 890 634 ieronimus
905 601 943 633 in
959 601 1049 634 libro
1079 603 1094 619 “
1108 599 1339 639 Questionum
1362 600 1606 634 hebraicarum
1619 625 1634 642 „
1653 601 1675 642 ²,
1698 601 1914 646 Augustinus
1936 604 1974 637 in

43 682 45 684 -
109 658 124 676 ⁸
137 656 228 690 libro
252 657 297 689 de
320 656 472 690 Ciuitate
495 655 563 688 Dei
586 655 707 699 quinto
730 654 870 688 decimo
885 653 1085 697 plensssffie
1101 654 1280 697 disputant
1293 678 1308 694 ‚‚
1321 653 1344 687 ³.
1391 654 1621 699 Septuaginta
1644 654 1877 696 MDCXLVI,
1901 657 1973 690 He-

105 709 183 743 brei
205 709 301 742 milia
321 709 416 743 LVI.

192 763 349 796 Lamech
370 773 476 795 annos
498 771 645 796 cnxxxn
668 761 790 806 genuit
812 761 902 801 Noe,
926 761 983 794 cui
999 761 1191 804 superuixit
1221 771 1332 794 annos
1346 761 1482 795 DXCV
1504 773 1607 805 usque
1629 763 1678 795 ad
1695 767 1825 796 sextum
1848 774 1973 796 annum
1995 779 2017 794 a.
2033 780 2063 795 m.
2081 775 2132 800 1056

103 821 181 850 ante
210 816 385 849 diluus’um.
433 815 662 859 Septuaginta
692 820 771 847 ante
797 820 916 847 natum
943 814 1022 848 Noe
1045 820 1180 858 ponunt
1202 825 1311 848 annos
1342 814 1599 848 CLXXXVIII
1622 821 1657 848 et
1684 822 1805 859 postea
1827 816 1973 851 DLXV.

41 871 82 905 10
103 869 145 904 In
166 870 234 902 hac
258 869 334 902 sola
355 868 583 913 generatione
607 878 740 901 summa
761 867 999 900 uniuersitatis
1023 866 1210 911 discrepat,
1234 868 1316 911 quia
1329 877 1422 901 xxw
1438 868 1537 901 annis
1552 867 1643 912 plus'
1667 869 1792 902 uixisse
1815 869 1973 903 Lamech
1998 881 2080 907 &1⁹⁶

103 923 140 956 in
162 922 324 961 Hebreis,
349 932 452 965 quam
474 921 511 954 in
536 920 764 964 Septuaginta
786 920 1030 953 translatorum
1062 921 1242 954 codicibus
1273 921 1460 955 inuenitur.
1509 921 1737 966 Septuaginta
1764 922 1834 956 duo
1866 923 1975 956 millia

105 976 279 1011 CCXLII.
324 974 458 1008 Hebrei
479 974 680 1008 MDCLVI.

199 1029 307 1063 “Noe
330 1038 422 1062 anno
444 1028 508 1061 DC
532 1027 701 1060 diluuium
724 1028 855 1061 factum
879 1033 941 1068 est,
969 1038 1089 1061 mense
1113 1028 1270 1062 secundo
1293 1028 1440 1071 septima
1463 1029 1600 1062 decima
1631 1029 1690 1063 die
1712 1030 1850 1063 mensis.
1896 1030 1972 1064 Hic
1994 1043 2130 1068 a.m.1⁶⁵⁶

111 1084 126 1102 ⁸
137 1083 319 1128 perficitur
331 1082 450 1127 prima
465 1079 536 1114 etas
550 1081 724 1114 continens
737 1081 921 1115 secundum
937 1081 1131 1115 hebraicam
1154 1082 1335 1115 ueritatem
1358 1092 1463 1115 annos
1484 1083 1577 1116 mille
1598 1082 1698 1116 DCL
1706 1083 1761 1117 VI
1766 1084 1875 1127 juxta
1896 1087 1975 1128 sep-

45 1136 84 1171 15
112 1137 305 1180 “tuaginta
326 1146 408 1168 uero
431 1145 536 1167 annos
558 1135 624 1167 duo
646 1134 757 1167 millia
774 1133 879 1167 CCX
875 1134 957 1167 Ll!
966 1145 1049 1167 sane
1066 1134 1111 1168 de
1128 1134 1331 1168 differentia
1354 1145 1522 1169 annorum
1545 1135 1637 1169 inter
1659 1135 1838 1176 hebream,
1855 1142 1890 1170 et
1905 1146 1977 1170 Lxx

114 1189 369 1233 “interpretum
392 1187 635 1221 auctoritatem
659 1197 704 1220 ne
727 1187 806 1231 quis
828 1198 892 1221 nos
914 1187 1057 1228 laceret,
1081 1197 1188 1221 nouas
1211 1188 1361 1222 mouisse
1388 1189 1599 1232 questiones,
1630 1188 1726 1233 legat
1756 1190 1975 1232 prefatorum

114 1244 278 1286 “patrum
300 1247 494 1275 memorata
515 1241 693 1284 opuscula,
718 1247 753 1274 et
776 1241 949 1284 intelliget
971 1241 1065 1274 hanc
1085 1241 1157 1285 jam
1181 1241 1265 1275 olim
1286 1242 1502 1275 notissimam
1526 1242 1634 1275 fuisse
1658 1243 1856 1276 distantiam
1878 1245 1976 1289 cujus

113 1296 286 1340 “originis
308 1294 507 1328 distantiam
531 1305 610 1327 cum
633 1293 755 1327 beatus
777 1293 993 1338 Augustinus
1016 1294 1239 1328 solertissime
1255 1295 1437 1339 quesisset,
1453 1295 1542 1328 dixit
1557 1296 1593 1328 in
1615 1296 1706 1329 libro
1729 1297 1977 1340 suprascripto,

114 1351 129 1368 ‘⁴
142 1348 296 1392 capitulo
319 1348 420 1382 tertio
443 1348 582 1381 decimo
604 1348 695 1380 inter
717 1347 786 1380 alia
807 1347 877 1381 sic:
901 1347 1087 1381 Credibilis
1110 1358 1195 1392 ergo
1219 1349 1296 1392 quis
1319 1348 1447 1382 dixerit
1469 1359 1550 1382 cum
1573 1349 1685 1392 primo
1702 1350 1747 1383 de
1763 1349 1980 1384 bibliotheca

43 1403 88 1436 20
121 1404 135 1420 “
148 1402 321 1436 Ptolomei
343 1401 496 1434 describi
518 1401 586 1434 ista
609 1406 778 1444 ceperunt
800 1406 884 1433 tunc
909 1400 1041 1444 aliquid
1063 1401 1134 1434 tale
1157 1401 1234 1434 fieri
1255 1402 1408 1445 potuisse
1432 1402 1469 1435 in
1494 1402 1617 1436 codice
1633 1413 1713 1442 uno,
1736 1403 1800 1436 sed
1822 1403 1979 1446 primitus

118 1455 228 1489 “inde
250 1455 393 1498 scripto,
415 1453 510 1487 unde
533 1454 604 1498 jam
627 1453 737 1486 lacius
761 1459 948 1492 emanaret,
964 1453 1024 1486 ubi
1039 1453 1153 1496 potuit
1176 1453 1318 1497 quidem
1341 1454 1507 1488 accidere
1524 1455 1629 1489 etiam
1644 1455 1825 1498 scriptoris
1842 1466 1940 1489 error
1951 1455 1975 1490 ⁴.

115 1510 131 1527 “
144 1508 218 1541 Sed
239 1508 309 1541 hoc
332 1517 370 1539 1n
392 1507 453 1539 illa
475 1498 656 1549 questione
681 1506 726 1539 de
749 1505 819 1538 uita
842 1505 1084 1546 Mathusalem‚
1107 1516 1178 1539 non
1201 1506 1388 1540 absurdum
1420 1513 1472 1540 est
1501 1507 1718 1550 suspicari„
1751 1509 1906 1552 quamuis
1930 1510 1976 1543 de

110 1572 154 1595 eo
177 1560 317 1605 quidam
341 1560 469 1600 dicant,
492 1560 587 1603 quod
610 1565 769 1602 tempore
793 1559 916 1592 diluuii
940 1558 1192 1600 Maffiu'saIem,
1216 1559 1277 1593 ubi
1298 1566 1401 1604 pater
1424 1561 1500 1605 ejus
1515 1561 1640 1595 Enoch
1654 1561 1732 1595 Deo
1747 1563 1889 1596 uolente
1904 1574 1978 1596 ser-
2000 1578 2020 1593 c.
2036 1578 2084 1594 ,αα

109 1620 212 1648 uatus
242 1614 359 1653 fuerit,
389 1619 581 1657 posteaque
610 1613 648 1645 in
678 1614 746 1646 hoc
777 1613 907 1646 mundo
935 1623 985 1646 xx
1017 1613 1114 1646 annis
1143 1613 1279 1647 uixerit.
1325 1615 1372 1647 Et
1404 1621 1484 1657 post
1516 1615 1694 1658 aliquanta
1727 1615 1855 1649 beatus
1884 1616 1978 1650 idem

46 1666 88 1702 25
113 1666 322 1712 Augustinus
345 1667 382 1699 in
405 1667 528 1700 eodem
537 1665 555 1699 :¹
577 1667 592 1684 ‘⁴
604 1668 702 1699 r'ecte
724 1666 845 1711 inquid
860 1666 936 1699 fieri
957 1666 1055 1699 nu'llo
1071 1667 1176 1699 modo
1192 1666 1432 1708 dubitauerim,
1448 1674 1485 1701 ut
1501 1677 1580 1701 cum
1596 1668 1769 1701 diuersum
1786 1669 1917 1713 aliquid
1939 1669 1975 1702 in
1999 1680 2081 1706 uun..
2095 1685 2119 1701 12

118 1721 295 1764 “utrisque
328 1720 508 1754 codicibus
538 1719 722 1759 inuenitur,
754 1719 1038 1763 quandoquidem
1062 1719 1109 1753 ad
1131 1720 1236 1753 fidem
1258 1730 1375 1754 rerum
1398 1727 1572 1765 gestarum
1595 1727 1779 1766 utrumque
1807 1732 1882 1756 esse
1906 1733 1978 1756 non

117 1775 270 1818 “potest,
286 1783 407 1807 uerum
430 1773 463 1806 ei
485 1772 603 1817 lingue
626 1772 742 1816 potius
758 1773 923 1806 credatur
938 1772 1031 1806 unde
1048 1779 1101 1807 est
1123 1773 1160 1806 in
1184 1773 1289 1806 aliam
1303 1783 1369 1817 per
1391 1774 1601 1817 interpretes
1623 1775 1719 1808 faeta
1742 1776 1921 1810 translatio
1929 1775 1976 1818 ⁶„

824 1872 1007 1905 Expmerr
1022 1881 1142 1905 Pium
1156 1881 1258 1905 E‘ms.

734 2143 985 2180 INCIPIT
1023 2145 1352 2181 SECUNDA⁶.

50 2271 93 2306 30
207 2273 223 2291 “
235 2271 400 2306 Secunda
421 2271 531 2306 seculi
554 2277 657 2312 etate,
679 2271 791 2315 prima
814 2272 915 2305 huius
938 2272 1018 2312 diei,
1042 2283 1111 2317 que
1135 2279 1188 2307 est
1202 2273 1370 2307 uicesima
1384 2274 1531 2318 septima
1547 2274 1674 2308 mensis
1689 2275 1844 2315 secundi,
1862 2285 1982 2320 egres-

120 2326 203 2359 “sus
226 2331 278 2360 est
300 2325 379 2359 Noe
403 2326 447 2359 de
471 2336 564 2366 arca,
579 2325 616 2358 in
633 2336 701 2369 qua
716 2326 829 2369 pauci,
845 2326 937 2360 idest
954 2331 1036 2360 octo
1060 2327 1173 2360 anime
1197 2327 1293 2360 salue
1317 2328 1414 2362 facte
1437 2334 1515 2361 sunt
1537 2339 1600 2371 per
1615 2340 1752 2373 aquam,
1769 2329 1865 2373 quod
1883 2339 1980 2362 com-

206 2458 231 2477 ι.
248 2451 437 2478 Mathusalem
455 2452 499 2480 B:
518 2451 686 2477 Mutua-,lam
709 2451 733 2476 C
749 2464 761 2471 -
778 2451 876 2478 Lamel
898 2452 922 2476 C
938 2466 970 2470 —
996 2458 1022 2484 3.
1042 2453 1127 2478 annis
1150 2452 1173 2477 C
1189 2467 1222 2471 —
1249 2458 1273 2485 5.
1302 2451 1488 2479 ffleronimus
1512 2454 1539 2478 B
1555 2453 1579 2478 C
1595 2467 1628 2472 —
1647 2453 1705 2480 6-8.
1731 2454 1982 2488 Septuaginta...-

118 2491 243 2526 LVIJ'in
262 2493 402 2518 ‹achias-tro
419 2501 488 2518 rosso
511 2493 534 2518 C
551 2507 584 2512 -
603 2498 629 2525 7.
649 2493 738 2519 millia
751 2494 777 2518 B
790 2507 824 2512 —
843 2501 884 2519 11.
903 2494 1004 2520 Ebreis
1027 2494 1051 2519 C
1068 2507 1102 2513 -
1119 2500 1209 2520 11-12.
1222 2494 1475 2529 Septuaginta....
1494 2495 1658 2528 MDCLVI]
1674 2497 1704 2520 in
1716 2492 1859 2521 1’izcltz‘ostro
1877 2504 1946 2521 rosso
1964 2496 1988 2521 C

117 2546 152 2554 —
170 2540 212 2560 n.
230 2535 308 2560 milia
329 2535 353 2559 C
369 2548 403 2553 —
425 2541 466 2567 13.
485 2542 579 2561 annos
601 2534 625 2559 C
640 2548 674 2553 —
698 2540 739 2567 ις.
757 2535 914 2561 difien-encta
937 2535 960 2560 C
976 2549 1009 2554 —-
1032 2534 1074 2561 16.
1098 2529 1303 2569 prephatorum
1321 2537 1348 2561 B
1364 2537 1388 2561 C
1402 2550 1437 2556 -·
1459 2542 1501 2569 17.
1525 2537 1664 2563 distantia
1683 2538 1708 2562 A
1728 2551 1761 2556 —
1784 2537 1824 2563 18.
1844 2537 1986 2564 distantia

121 2574 145 2602 C
159 2589 172 2596 ·
188 2577 346 2610 Aga-tinus
365 2591 398 2596 ——
418 2583 462 2603 21.
479 2577 567 2603 latIus
586 2577 613 2601 B
626 2590 657 2595 -
672 2583 716 2603 ²2.
735 2577 897 2603 Mathusale
910 2591 943 2597 —
957 2581 1001 2609 ²3·
1014 2578 1173 2611 Agustlnus
1196 2577 1220 2602 C
1236 2592 1270 2597 -
1289 2579 1331 2605 26.
1351 2579 1518 2605 Inveniatur
1529 2579 1556 2604 B
1569 2579 1608 2608 C,-
1620 2579 1767 2606 invenitur
1784 2579 1820 2604 ha
1837 2579 1862 2604 il
1871 2582 1934 2604 testo
1954 2579 1986 2604 di

26 2649 28 2652 v
72 2622 88 2652 ς
116 2619 312 2652 mtdgostino
330 2633 364 2639 —
384 2624 427 2652 27.
447 2620 548 2653 poclus
570 2618 594 2643 C
609 2632 642 2637 —
663 2625 706 2651 31.
726 2620 810 2645 archa
833 2619 857 2644 C
872 2633 884 2639 -
902 2620 978 2645 Idem
1002 2619 1026 2644 C
1176 2611 1179 2618 ¹
1780 2613 1783 2617 ’

204 2698 214 2718 ¹
235 2701 314 2731 Gen„
331 2708 393 2735 cap.
412 2702 447 2733 V,
467 2706 560 2734 21-25.
1074 2709 1136 2736 cap.
1149 2702 1226 2735 xm,
1238 2703 1308 2729 edis.
1322 2703 1381 2735 elt„
1393 2703 1430 2735 11,
1444 2712 1471 2738 p.
1486 2703 1528 2729 82.
1554 2702 1612 2729 V’e
1624 2703 1694 2737 pero
1707 2704 1827 2737 qualche
1838 2704 1982 2736 varianteg
2012 2708 2044 2735 ις

203 2741 215 2758 ¹
231 2743 367 2770 sim-crus
385 2743 530 2770 Euszmus
549 2743 759 2775 amomum,
784 2743 863 2768 Liber
886 2744 1020 2770 hebraice*
1075 2744 1096 2769 il
1114 2746 1192 2770 testo
1205 2745 1402 2778 AgostinIano
1421 2745 1464 2771 fa:
1485 2746 1500 2760 ⁸
1510 2745 1685 2772 Credibillus
1704 2754 1773 2779 ergo
1791 2747 1855 2780 qula
1868 2746 1983 2778 deerIt,

117 2791 178 2810 rum
195 2787 376 2817 quaestionum
388 2786 419 2810 in
433 2786 566 2814 Genesim,
579 2786 624 2811 clt.
645 2786 721 2811 Adnz
734 2786 761 2811 al
773 2793 836 2821 cap.
849 2787 886 2819 V,
900 2795 926 2812 v.
941 2792 973 2819 25
989 2788 1020 2812 in
1075 2785 1089 2799 ‘¹
1101 2794 1165 2812 cum
1191 2787 1314 2821 primum
1340 2788 1374 2813 de
1397 2787 1569 2813 bibliotheca
1593 2788 1754 2814 Ptolomaei
1779 2788 1902 2813 describi
1928 2788 1985 2814 itta

117 2825 231 2857 moun,
248 2827 323 2852 Patr.
343 2826 402 2856 lat„
420 2827 478 2852 vol.
498 2826 601 2857 XXIII,
619 2827 673 2853 col.
692 2826 822 2860 946-947.
1075 2828 1089 2842 “
1099 2830 1262 2861 coeperunt,
1272 2829 1339 2854 tunc
1352 2829 1461 2862 aliquid
1474 2829 1530 2854 tale
1543 2829 1602 2854 fieri
1616 2830 1747 2863 potuisse
1760 2830 1790 2855 ln
1803 2830 1902 2855 codice
1914 2837 1982 2863 uno¹

59 2873 95 2898 ι.
205 2866 217 2884 ⁸
234 2868 369 2895 Smerus
387 2869 540 2894 Aunmus
553 2868 759 2900 Αυσυετιιωε,
772 2871 812 2901 op.
825 2870 882 2899 cit„
893 2869 942 2895 nb.
957 2870 1019 2901 XV,
1076 2868 1089 2882 ⁸
1100 2870 1149 2895 sed
1169 2870 1304 2903 primitus
1322 2871 1389 2896 Inde
1407 2871 1563 2904 descripto,
1575 2871 1653 2897 unde
1666 2872 1725 2896 iam
1739 2871 1827 2897 latius
1868 2888 1876 2898 .
1895 2873 1947 2898 etc.
1959 2889 1984 2906 „-

13 2913 15 2916 ’
67 2905 73 2907 ’
118 2916 179 2944 cap.
196 2909 232 2942 11,
252 2910 267 2925 ‘¹
276 2911 319 2937 De
337 2912 424 2937 annls
442 2911 626 2943 Mathusalae,
645 2912 725 2937 culus
737 2912 819 2937 netu
833 2912 1019 2945 quattuorde-
1073 2912 1121 2937 Ma
1139 2919 1159 2937 ιι
1178 2912 1227 2945 qui
1248 2912 1400 2946 rlproduce
1419 2913 1503 2939 Beda.
2011 2922 2048 2943 20

119 2950 198 2978 “clm
215 2953 301 2978 annis
318 2952 458 2979 diluvium
481 2952 597 2978 videtur
621 2953 775 2985 excedere„
801 2954 832 2978 ln
857 2954 1017 2986 Domum-r,
1161 2952 1174 2978 5.
1190 2954 1326 2981 sinc-rus
1355 2955 1510 2981 Amanus
1540 2955 1746 2987 Auousnmss,
1774 2956 1830 2984 loc.
1858 2956 1919 2988 cit„
1947 2957 1984 2990 11,

118 2993 174 3020 vol.
191 2994 249 3026 cit„
267 3003 295 3028 p.
315 3000 360 3027 77.
1071 3003 1100 3028 p.
1119 2995 1162 3028 85,
1181 2996 1210 3023 u.
1229 3000 1303 3028 7-10.

205 3034 215 3052 ⁴
233 3035 366 3063 sue-rus
378 3036 532 3063 Auaeuus
545 3036 751 3068 Auousrnws,
761 3040 800 3069 op.
814 3037 935 3067 cit.,11b.
954 3037 1017 3069 XV,
1160 3036 1173 3054 ⁶
1189 3038 1270 3064 Aetas
1283 3039 1471 3071 patn'arcah's,
1492 3039 1570 3070 Gen..
1589 3040 1638 3072 XI,
1662 3047 1695 3066 10
1711 3047 1727 3067 e
1745 3047 1787 3077 ng.
