2398 3470
170 283 247 309 uun..
262 290 282 306 e.
297 286 324 312 ⁹⁶
380 274 429 311 96
963 277 1254 314 ROMUALDI
1283 276 1651 314 SALERNITANI
1918 283 2005 319 [ΑΛ.
2025 284 2061 314 c.
2079 284 2235 319 aso-41⁸]

382 408 397 424 “
410 416 480 440 non
504 407 612 440 multo
639 413 718 451 post
749 408 843 452 apud
865 410 1083 443 Barcilonem
1111 411 1234 443 fraude
1265 421 1405 444 suorum
1429 410 1564 444 occisus
1591 415 1653 444 est.
1699 410 1784 444 Post
1810 420 1914 454 quem
1943 410 2153 444 Gensericus
2179 420 2234 443 re-

386 461 400 477 “
413 469 518 504 gnum
542 461 695 504 capiens,
719 462 801 495 dum
825 473 947 506 pacem
971 463 1139 496 Romanis
1162 473 1301 496 seruare
1326 463 1488 507 disponit,
1506 469 1540 497 et
1563 464 1640 507 ipse
1663 474 1684 496 a
1707 463 1776 496 suis
1790 469 1990 507 peremptus
2013 469 2081 501 est3
2105 463 2234 496 deinde

380 513 395 529 ‘⁴
411 511 476 558 (in)
498 513 614 547 Vallia
644 515 745 559 regni
767 516 842 560 jura
865 517 1028 559 suscepit,
1052 517 1098 550 ad
1129 517 1197 550 hoc
1220 517 1353 550 electus
1385 528 1406 549 a
1429 511 1562 556 Gothis,
1586 523 1624 550 ut
1655 527 1778 559 pacem
1806 517 2025 561 infringeret,
2048 516 2095 549 ad
2125 516 2192 549 hoc
2216 526 2235 548 a
2396 548 2398 556 ἰ

382 567 396 582 “
413 564 491 598 Deo
508 566 696 606 ordinatus,
711 573 750 600 ut
765 568 993 601 confirmaret.
1040 568 1206 601 Preterea
1222 579 1340 601 comes
1365 568 1486 602 Stilico
1503 568 1756 602 Wandalorum
1772 568 1904 611 perfide
1929 578 1970 601 ac
1987 568 2106 601 dolose
2121 567 2236 612 gentis
2392 565 2398 604 j

382 617 397 633 ‘⁶
410 626 540 660 genere
565 618 690 658 editus,
707 620 968 662 paruipendens
992 620 1086 663 quod
1103 619 1165 652 sub
1189 620 1411 653 adolescente
1427 620 1635 663 imperatore
1658 619 1854 662 imperabat
1866 618 1886 658 ¹,
1902 618 2114 652 Eucherium
2129 618 2235 651 filium
2282 617 2300 649 5
2389 617 2396 620 ’

382 668 397 684 “
411 668 495 712 ejus,
511 674 550 702 ut
572 669 702 703 dictum
718 677 780 709 est,
796 671 867 715 jam
892 671 1158 704 christianorum
1180 671 1457 714 persecutionem
1481 683 1501 704 a
1524 682 1633 714 puero
1657 671 1863 714 priuatoque
1885 670 2125 710 meditantem,
2141 675 2179 702 ut
2199 670 2237 702 in

380 721 556 764 “imperio
580 733 720 767 quoquo
743 725 848 758 modo
881 724 1112 764 substitueret,
1136 731 1217 757 ante
1242 725 1418 758 biennium
1450 725 1613 758 Romane
1637 725 1841 767 irruptionis
1871 723 2070 757 sollicitauit
2095 723 2238 760 Alanos,

381 775 395 792 “
410 774 555 816 Sueuos,
579 776 783 817 Wandalos,
807 785 911 822 atque
943 778 1210 822 Burgundiones
1236 779 1395 812 invenire
1419 785 1542 812 contra
1564 779 1756 817 Romanos,
1780 783 1819 811 ut
1840 777 1904 811 sub
1927 777 1995 811 hac
2018 775 2236 810 necessitatis

380 827 396 843 ⁴⁴·
410 826 671 861 circumstantia
702 835 909 874 extorquere
939 830 1124 872 imperium
1149 840 1169 862 a
1199 840 1330 874 genero
1354 836 1472 872 posset
1501 830 1535 862 in
1564 830 1670 863 filium
1683 829 1707 863 ¹.
1754 830 1914 863 Tandem
1943 827 2005 861 ubi
2035 826 2236 871 imperatori

381 878 396 894 “
408 877 576 918 Honorio,
602 886 637 913 et
652 881 820 914 exercitui
843 882 1006 914 Romano
1022 882 1090 914 hec
1113 887 1182 914 tam
1198 881 1356 925 ingentia
1380 882 1531 925 dampna
1546 882 1727 924 patefacta
1750 887 1838 920 sunt,
1856 885 2030 913 commoto
2051 878 2236 921 justissime
2255 877 2296 910 10

254 973 258 977 .
381 932 574 972 “exercitu,
599 934 735 967 occisus
758 940 811 968 est
833 935 969 975 Stilico,
993 935 1129 968 occisus
1152 941 1204 968 est
1227 941 1262 968 et
1285 935 1503 978 [Eucherius]
1527 935 1616 968 filius
1640 935 1757 979 ejus„.

137 974 356 1031 '‘m‘'fssffffif‘ssffss
468 985 605 1019 Interea
627 987 832 1021 Innocentio
848 987 954 1021 rebus
976 988 1134 1021 humanis
1151 995 1311 1031 excepto,
1335 989 1502 1026 Zosimus,
1518 989 1661 1022 natione
1685 988 1831 1027 Grecus,
1848 997 1892 1021 ex
1907 993 2006 1031 patre
2022 986 2234 1026 Abrahamo,

178 1027 352 1080 ΞῨἯΪἼᾹᾈἌΞ
375 1038 409 1070 ei
432 1049 524 1082 papa
547 1039 758 1080 subsistitur;
783 1042 873 1075 sedit
897 1052 988 1074 anno
1011 1053 1092 1082 uno,
1115 1042 1290 1075 mensibus
1313 1048 1393 1075 octo
1406 1042 1429 1075 ³.
1476 1042 1544 1075 Hic
1568 1042 1710 1075 sabbato
1727 1048 1847 1075 sancto
1871 1051 2011 1075 cereum
2028 1040 2063 1073 in
2079 1038 2238 1072 omnibus

132 1094 136 1096 ’
373 1091 481 1125 titulis
504 1092 668 1127 benedici
691 1095 867 1138 precepit;
893 1100 928 1128 et
951 1101 988 1127 ut
1011 1095 1125 1128 nullus
1150 1095 1298 1128 clericus
1321 1090 1487 1138 poculiim
1511 1095 1548 1127 in
1571 1094 1713 1138 publico
1738 1095 1950 1138 propinaret,
1966 1093 2031 1126 nisi
2053 1098 2186 1126 tantum
2200 1092 2238 1125 in

255 1141 276 1177 ι’.
291 1155 353 1176 nea
376 1145 474 1178 cellis
504 1146 669 1186 fidelium,
693 1149 842 1181 maxime
874 1148 1081 1182 clericorum
1093 1148 1116 1181 ⁴.
1165 1148 1238 1187 Qui
1262 1148 1386 1182 etiam'
1411 1148 1567 1191 sepultus
1597 1154 1649 1182 est
1677 1148 1736 1181 uia
1765 1148 1960 1188 Tiburtina,
1982 1147 2078 1191 juxta
2111 1155 2238 1189 corpus
2264 1143 2302 1177 15

373 1198 480 1232 beatii
502 1199 671 1234 Laurenti
693 1203 855 1247 martyris
867 1201 889 1235 ⁵.
1510 1201 1513 1203 “

462 1253 555 1287 Huic
578 1261 694 1288 autem
717 1256 754 1288 in
778 1256 984 1298 episcopatu
999 1257 1167 1289 successit
1189 1256 1404 1296 Bonifacius,
1421 1257 1562 1289 natione
1585 1257 1775 1295 Romanus,
1793 1266 1836 1288 ex
1858 1261 1957 1299 patre
1980 1254 2142 1299 Jocundo
2157 1261 2238 1296 pr&

373 1306 524 1351 sbytero,
548 1308 706 1352 seditque
731 1310 831 1342 annis
853 1309 963 1342 tribus
986 1309 1162 1342 mensibus
1185 1315 1317 1351 septem
1331 1308 1354 1343 ⁰.
1401 1309 1470 1342 Hic
1494 1309 1557 1342 sub
1580 1309 1770 1343 intentione
1795 1319 1873 1342 cum
1897 1308 2034 1342 Eulalio
2056 1307 2239 1341 ordinatur

373 1370 443 1393 uno
467 1361 540 1400 die3
564 1361 718 1395 Eulalius
742 1363 873 1406 quippe
898 1364 1080 1396 ordinatur
1101 1363 1137 1395 in
1160 1362 1306 1396 basilica
1329 1363 1632 1402 Constantiniana;
1656 1363 1861 1396 Bonifacius
1884 1368 1998 1395 autem
2022 1362 2059 1394 in
2090 1359 2238 1395 basilica

371 1414 468 1457 Julii,
492 1420 528 1447 et
550 1415 618 1449 fuit
640 1427 766 1460 magna
789 1416 956 1450 dissensio
979 1416 1015 1449 in
1039 1418 1146 1450 clero.
1193 1417 1350 1450 Audiens
1373 1417 1440 1449 hoc
1464 1416 1623 1449 Placidia
1647 1408 1807 1460 Augusta
1833 1426 1911 1449 cum
1934 1415 2006 1448 filio
2029 1426 2092 1448 suo
2106 1414 2237 1448 Valen-
2259 1413 2303 1446 20

373 1467 517 1508 flniano,
542 1469 623 1501 dum
640 1471 805 1503 sederent
828 1471 1011 1509 Rauenne,
1027 1470 1144 1503 retulit
1167 1470 1234 1503 hoc
1258 1470 1414 1504 Honorio
1430 1469 1588 1514 Augusto
1603 1470 1799 1503 Mediolani
1820 1470 1969 1503 sedenti.
2015 1470 2118 1502 Tunc
2134 1466 2238 1500 ambo

372 1521 521 1565 Augusti
538 1522 642 1555 missa
657 1523 864 1556 auctoritate
881 1529 1127 1566 preceperunt,
1144 1529 1182 1556 ut
1198 1522 1300 1556 ambo
1317 1523 1451 1556 exirent
1467 1523 1513 1556 de
1531 1514 1683 1556 ciuitate.
1709 1522 1781 1561 Qui
1797 1534 1876 1557 cum
1892 1523 2145 1567 pulsiexissent,
2159 1527 2237 1555 tan-

374 1574 454 1607 dem
477 1576 615 1618 utrique
640 1575 788 1621 Augusti
810 1577 975 1610 miserunt
989 1577 1011 1616 ⁷,
1035 1583 1070 1610 et
1093 1583 1348 1610 reuocauerunt
1371 1577 1592 1610 Bonifacium
1615 1577 1651 1609 in
1676 1576 1763 1610 urbe
1785 1577 1911 1616 Roma,
1934 1582 1969 1609 et
1986 1576 2240 1610 constituerunt

373 1627 586 1671 episcopum.
633 1629 837 1663 Bonifacius
853 1637 966 1663 autem
989 1631 1106 1673 presul
1128 1630 1308 1663 Romanus
1332 1630 1520 1670 constituit,
1543 1636 1582 1664 ut
1603 1630 1698 1662 nulla
1720 1630 1854 1671 mulier,
1879 1635 1939 1663 aut
1961 1630 2134 1663 monacha
2155 1638 2239 1661 uasa

373 1688 518 1721 sacrata,
533 1682 592 1714 uel
606 1683 734 1725 pallam
752 1684 869 1716 altaris
881 1683 894 1703 ⁸
911 1684 1141 1728 contingeret,
1158 1694 1225 1716 nec
1248 1684 1284 1716 in
1301 1683 1454 1717 ecclesia
1467 1684 1647 1717 incensum
1663 1690 1820 1727 poneret,
1837 1694 1904 1717 nec
1921 1694 2057 1717 seruum
2073 1682 2239 1716 clericum
2255 1679 2295 1714 25

372 1734 458 1775 fieri,
475 1745 540 1768 nec
557 1735 747 1770 obnoxium
763 1738 870 1776 curie,
886 1737 944 1771 uel
961 1737 1145 1782 cujuslibet
1160 1738 1223 1771 rei.
1254 1737 1323 1770 Hic
1339 1737 1427 1770 fecit
1443 1738 1629 1771 oratorium
1645 1737 1680 1770 in
1696 1738 1887 1770 cemeterio
1902 1743 2020 1770 sancte
2035 1734 2238 1774 Felicitatis,

373 1792 409 1820 et
425 1789 562 1821 ornauit
585 1790 806 1831 sepulchrum
823 1791 909 1836 ejus,
927 1796 962 1824 et
984 1790 1095 1823 sancti
1113 1790 1247 1824 Siluani
1258 1789 1280 1823 ⁹.
1327 1790 1450 1824 Preter
1465 1791 1532 1824 hec
1550 1790 1644 1834 apud
1660 1790 1855 1824 Britannias
1872 1790 2058 1824 Gratianus
2073 1796 2239 1834 tyrannus

372 1851 453 1874 mox
476 1848 614 1875 creatur
635 1843 816 1877 occiditur.
863 1844 976 1888 Hujus
991 1844 1026 1876 in
1050 1845 1128 1877 loco
1146 1844 1394 1877 Constantinus
1417 1854 1460 1877 ex
1475 1844 1611 1877 infinita
1633 1844 1756 1877 militia
1771 1850 1915 1887 propter
1931 1844 2039 1877 solam
2062 1853 2160 1886 spem
2177 1851 2238 1874 no-

256 1910 276 1925 c.
291 1904 350 1926 1180
372 1894 472 1928 minis
493 1895 565 1934 sui:
581 1896 656 1929 sine
679 1897 801 1931 merito
817 1897 954 1930 uirtutis
977 1898 1132 1942 eligitur3
1150 1898 1209 1941 qui
1225 1898 1270 1931 ad
1294 1898 1425 1931 Gallias
1442 1899 1619 1937 transiens,
1643 1907 1727 1941 sepe
1743 1909 1764 1931 a
1786 1897 1942 1931 barbaris
1956 1897 2091 1930 incerto
2114 1896 2238 1929 federe

371 1947 491 1982 illusus
514 1949 722 1984 detrimento
743 1950 938 1994 reipublice
954 1952 1063 1996 magis
1087 1951 1155 1984 fuit
1171 1962 1275 1995 quam
1298 1957 1496 1996 augmento.
1541 1952 1645 1984 Tunc
1669 1952 1738 1985 duo
1761 1953 1907 1997 juuenes
1924 1950 2116 1994 locupletes
2140 1948 2239 1982 Didi-
2261 1949 2303 1982 30

463 2085 484 2103 1.
503 2079 682 2115 Barzuqnem
694 2081 739 2110 A,-
757 2080 946 2106 Barcinonem
960 2081 986 2105 B
1004 2094 1015 2099 -
1034 2083 1186 2114 postquam
1208 2081 1231 2106 C
1248 2094 1258 2100 -
1277 2079 1441 2106 Gersericus
1465 2081 1504 2110 C‚·
1523 2080 1662 2114 Onosms,
1687 2081 1749 2111 VII,
1766 2087 1814 2111 43,
1833 2087 1863 2111 9,
1874 2081 1921 2105 che
1938 2079 2055 2106 Pilutus
2071 2082 2170 2105 eunta:
2189 2078 2235 2105 Se-

371 2121 482 2154 gericus
496 2134 529 2140 —
544 2127 567 2147 2.
588 2125 748 2156 peremptus
766 2122 790 2148 C
799 2137 832 2141 —
845 2130 870 2156 3.
885 2123 980 2148 Walla
993 2124 1019 2147 B
1025 2133 1036 2152 ,·
1056 2123 1194 2155 Onosms,
1207 2123 1226 2156 §¹
1239 2130 1286 2148 10.-
1301 2124 1412 2153 Vallia;
1427 2123 1559 2150 Funus:
1573 2124 1680 2149 Wama
1694 2137 1727 2142 —
1741 2131 1765 2156 4.
1780 2123 2001 2148 Guandulorum
2014 2123 2038 2147 Α
2053 2122 2092 2151 C,-
2109 2121 2234 2152 Planus,

372 2162 442 2192 XII,
460 2163 492 2187 X
495 2163 545 2189 VI.-
565 2164 773 2191 Wandalorum
793 2179 826 2185 —
845 2165 899 2198 6-7.
920 2167 951 2191 in
971 2166 1122 2199 imperium
1138 2167 1162 2192 C
1174 2181 1206 2185 -
1227 2172 1250 2198 7.
1265 2166 1430 2191 subsisteret
1448 2167 1473 2191 Α
1487 2166 1525 2195 C,-
1545 2166 1676 2192 Partus:
1696 2167 1880 2191 substitueret
1899 2179 1932 2183 —
1951 2164 1976 2190 8.
1990 2164 2158 2190 Guandalos
2177 2165 2202 2189 Α
2215 2164 2240 2189 C

373 2218 384 2223 -
404 2206 515 2231 marina
533 2207 621 2232 invece
639 2208 671 2232 dt
687 2209 785 2233 uenire
802 2209 827 2233 A
841 2208 864 2233 C
881 2222 889 2226 -
909 2216 942 2233 ac
961 2210 1048 2233 invect
1066 2209 1097 2232 dd
1114 2209 1166 2233 hac
1184 2208 1208 2233 C
1218 2222 1251 2227 —
1268 2215 1307 2233 10.
1322 2208 1426 2234 damna
1443 2209 1471 2233 B
1484 2222 1516 2227 --
1534 2216 1572 2233 11.
1588 2207 1765 2241 [Eucherius]
1779 2215 1873 2233 manca
1890 2209 1921 2233 in
1932 2207 2011 2236 AB,·
2028 2206 2198 2232 Euchericus
2215 2206 2239 2231 C

325 2254 339 2280 5
371 2261 405 2266 -
428 2255 467 2273 12.
480 2251 613 2282 exempto
625 2250 652 2274 B
673 2265 703 2269 —
726 2257 766 2283 13.
781 2251 966 2276 substituitur
985 2251 1011 2274 B
1030 2264 1040 2269 -
1059 2258 1104 2276 an.
1118 2257 1130 2275 1
1149 2250 1184 2277 ffi.
1200 2257 1258 2276 vm
1278 2265 1311 2270 —
1333 2257 1373 2283 15.
1388 2251 1458 2276 celle
1475 2251 1498 2275 C
1516 2264 1548 2269 —
1570 2258 1609 2284 17.
1622 2251 1696 2276 Huic
1715 2253 1810 2276 autem
1829 2251 1860 2275 in
1880 2250 2048 2283 episcopatu
2067 2249 2234 2274 Bonifatius

372 2291 508 2315 successit
530 2291 553 2315 C
570 2306 601 2310 —
625 2291 664 2317 18.
683 2300 728 2318 an.
749 2299 786 2318 111
804 2293 839 2319 ffi.
860 2299 918 2318 vm
941 2293 964 2317 C
979 2306 990 2311 -
1009 2295 1197 2318 contentione
1215 2293 1292 2322 AB:
1311 2292 1376 2322 LP,
1396 2293 1479 2317 cheR
1495 2295 1586 2325 copta.-
1608 2294 1770 2318 intentione
1784 2307 1816 2311 —
1831 2298 1871 2317 21.
1886 2292 2030 2317 sederetA
2042 2291 2085 2320 B,-
2102 2290 2174 2316 Le.-
2194 2298 2235 2316 se-

373 2331 471 2358 derent
485 2347 517 2351 —
534 2340 575 2358 22.
589 2335 703 2360 exirent
721 2335 745 2359 A
756 2335 801 2364 B,-
819 2335 891 2360 LP:
909 2330 1015 2360 exisset
1028 2349 1060 2353 —
1076 2335 1117 2360 26.
1132 2336 1275 2361 cimiterIo
1294 2336 1318 2360 A
1333 2335 1356 2360 C
1367 2349 1399 2353 —-
1413 2342 1456 2367 30.
1470 2336 1561 2369 magis
1580 2343 1663 2368 quam
1677 2337 1830 2368 augmento
1850 2335 1906 2360 fuit
1924 2335 1948 2359 A
1959 2335 1986 2359 B
1992 2344 2003 2363 ,·
2022 2333 2148 2365 PAULus,
2164 2332 2234 2362 111,

372 2374 475 2401 XVII.-
496 2377 586 2409 magis
607 2377 663 2402 fuit
676 2385 760 2410 quam
778 2380 933 2411 augmento
954 2392 963 2396 -
982 2378 1156 2403 Verinianus
1175 2378 1202 2402 B

467 2461 472 2477 ¹
495 2463 539 2487 Da
555 2463 753 2495 parvipendens
770 2470 787 2488 a
805 2464 954 2496 imperabat
972 2464 1113 2497 aggiunto
1133 2462 1168 2487 da
1186 2470 1214 2488 R.
1234 2463 1280 2488 Cf.
1332 2470 1389 2495 gna
1409 2463 1435 2487 le
1454 2464 1497 2488 tre
1515 2463 1599 2488 arche
1618 2463 1663 2488 nel
1690 2464 1774 2488 basso
1795 2462 1871 2487 della
1891 2461 2042 2496 primitlva
2065 2460 2187 2486 basilien
2205 2460 2236 2486 d
2349 2494 2354 2499 .

319 2506 350 2523 ¹0
376 2503 502 2536 PAvas,
521 2504 582 2536 XII,
601 2511 661 2531 1111
679 2505 718 2539 (p.
740 2505 816 2538 195);
836 2506 957 2531 Historia
976 2505 1109 2535 M'scella,
1134 2505 1186 2530 lib.
1205 2504 1280 2536 XIII,
1332 2503 1389 2529 San
1414 2504 1555 2537 Lorenzo,
1574 2512 1588 2530 e
1614 2506 1758 2538 reintegra
1778 2506 1788 2530 i
1812 2505 1977 2530 frammenti
2002 2503 2158 2537 epigr-aflei.
2193 2501 2236 2527 Lu
2264 2504 2296 2532 ²5

376 2554 437 2580 cap.
455 2549 538 2572 xxix.
1331 2547 1542 2572 ricostruzlone
1568 2555 1627 2573 non
1646 2546 1662 2572 ὲ
1686 2549 1841 2573 acccettata
1866 2547 1903 2572 da
1930 2546 2087 2576 Duchesne,
2112 2547 2154 2578 op.
2177 2544 2235 2574 cit..

466 2588 477 2605 ²
496 2589 622 2620 ΡΑυιυε,
636 2590 691 2616 loc.
705 2591 764 2622 cit„
784 2591 834 2616 che
847 2598 866 2615 n
884 2592 932 2623 qui
947 2593 1035 2622 muta,
1050 2591 1126 2615 dice:
1145 2590 1279 2614 Romanae
1332 2597 1361 2623 p.
1382 2589 1441 2619 226,
1462 2592 1532 2639 nota
1546 2599 1578 2624 4:

376 2634 541 2664 irruptionis
584 2636 655 2658 entes
677 2634 758 2665 copiis
780 2633 936 2665 viribusque
959 2633 1148 2662 intolerabiles,
1173 2632 1220 2656 hoc
1242 2634 1281 2656 est

375 2674 522 2699 Alanmm
542 2641 688 2700 Simorum
707 2675 899 2699 Wandalorum
917 2675 1156 2708 Burgundionum,
1169 2673 1240 2699 ultro
1250 2675 1280 2698 in
1419 2652 1528 2677 Discere
1545 2653 1571 2677 d
1588 2652 1704 2684 manns
1717 2653 1822 2686 pavr&
1840 2653 1965 2677 mmm
1985 2651 2073 2684 (cupi,
2090 2650 2183 2684 ‘amo'

319 2719 347 2745 15
375 2724 448 2740 arme
471 2718 609 2742 suscitavit
625 2724 720 2749 easque
740 2718 852 2749 pulsare
872 2717 978 2742 Gallias
995 2717 1091 2746 voluit,
1113 2719 1144 2741 ut
1160 2717 1208 2741 sub
1231 2716 1280 2740 hac

376 2759 526 2784 necessitate
545 2767 562 2783 a
577 2766 675 2791 genero
693 2761 723 2783 in
735 2759 832 2792 filium
850 2762 1004 2791 extorquere
1028 2759 1173 2791 imperium
1187 2758 1278 2790 possit.

463 2799 475 2816 ³
491 2800 522 2826 L.
540 2801 585 2829 P„
602 2800 625 2831 Ι,
644 2808 670 2833 p.
692 2807 758 2834 ²²5²
776 2801 845 2825 sedit
862 2809 926 2826 ann.
945 2799 972 2829 I,
990 2808 1025 2825 m.
1043 2800 1100 2829 ΙΙΙ,
1118 2800 1144 2825 d.
1162 2799 1214 2824 XI.

464 2841 475 2858 ⁴
495 2842 589 2868 Inna:
648 2845 675 2867 et
681 2846 733 2875 per
740 2844 866 2875 parrocia
878 2850 995 2868 concessa
1007 2842 1115 2867 licentia
1126 2849 1229 2866 cereum
1239 2841 1279 2866 bc-

1420 2694 1501 2719 Hunc
1518 2695 1615 2720 Petrus
1634 2695 1779 2728 (Zosimus)
1798 2703 1891 2720 verum
1908 2702 1995 2720 secum
2013 2695 2040 2719 ei
2057 2693 2198 2726 (saciam't).

1419 2737 1525 2762 Somnio
1539 2737 1700 2770 praesceti-is
1717 2738 1807 2771 densss
1824 2739 1849 2762 ts
1866 2738 1913 2762 vix
1930 2736 2037 2762 mensib.
2057 2735 2164 2769 Αρωο)
2263 2727 2298 2754 3⁰
2348 2738 2350 2741 '

1420 2779 1518 2804 Natali
1530 2779 1643 2812 popuflo
1654 2779 1747 2811 ferias
1764 2781 1916 2813 cvm-edere
1934 2780 2014 2804 {ussit
2345 2772 2363 2783 ”

1515 2821 1589 2846 Viam
1607 2821 1741 2856 (an.....)
1760 2822 1799 2848 M
1818 2821 1869 2847 XI.
1887 2822 1925 2847 D.
1950 2820 1991 2846 VI.

376 2885 471 2910 nedlci.
500 2884 537 2909 Et
545 2886 724 2917 praecepisset
736 2884 831 2909 nullus
841 2884 954 2909 clericus
966 2885 996 2909 in
1003 2883 1130 2917 poculum
1141 2882 1280 2916 publicum
1362 2877 1366 2881 ’
1421 2880 1432 2898 ⁸
1450 2883 1568 2915 IBmEM,
1586 2883 1607 2913 1,
1627 2891 1654 2917 p.
1675 2889 1742 2916 227:
1761 2891 1824 2908 ann.
1844 2882 1893 2907 III
1907 2890 1941 2908 m.
1967 2882 2036 2908 VIII
2053 2883 2080 2908 d.
2105 2881 2163 2907 711.

317 2931 350 2949 20
371 2929 577 2961 propinaretur,
587 2930 643 2954 nisi
653 2933 759 2955 tantum
768 2929 981 2962 cellaefidelium
993 2929 1107 2954 mxime
1115 2928 1278 2953 clericorum.
1419 2926 1431 2943 ⁷
1450 2934 1469 2952 κ
1487 2929 1538 2960 qul
1563 2930 1648 2953 sunta
1668 2928 1721 2953 due
1747 2927 1861 2962 periodi
1879 2927 1910 2952 di
1929 2927 1958 2953 L.
1984 2927 2014 2952 P.
2052 2926 2235 2952 Ricomincla
2348 2954 2354 2966 ,Α

464 2974 476 2991 ⁵
494 2973 581 3003 IDEM,
601 2973 650 2999 che
675 2980 695 2998 R
720 2974 813 3008 copia,
833 2973 991 3006 aggiunge:
1016 2973 1071 2998 Vll
1090 2972 1143 2998 kal.
1169 2973 1278 2996 ianuar.
1332 2969 1359 2994 la
1379 2970 1463 3003 copia
1482 2970 1518 2995 da
1536 2969 1696 3001 Bomfacius
1713 2973 1809 2996 autem.
2262 2977 2295 3004 35
2343 2970 2351 2980 ”

378 3015 428 3039 che
447 3013 462 3039 “e
480 3015 509 3040 la
522 3015 589 3040 data
600 3017 706 3048 giusta.
742 3016 789 3040 Du
808 3015 906 3045 Ross1‚
919 3015 1045 3043 Bullett„
1061 3013 1137 3046 1881,
1151 3022 1178 3048 p.
1191 3021 1224 3047 91
1237 3021 1277 3046 sg.
1419 3012 1432 3030 ⁸
1451 3014 1481 3040 L.
1494 3015 1540 3039 R:
1634 3015 1760 3039 monacha
1774 3013 1878 3047 pallam
1892 3017 2023 3040 sacratam
2041 3014 2200 3047 contio-gun.
2347 3011 2349 3014 ”

379 3058 435 3083 alle
454 3058 548 3083 tombe
568 3058 613 3082 dei
634 3060 677 3083 tre
695 3059 764 3092 papi
784 3058 910 3089 Zosimo,
930 3056 1007 3082 Sisto
1026 3056 1053 3081 11
1072 3065 1086 3082 e
1098 3057 1188 3082 Ilario
1206 3063 1277 3081 asse·
1422 3054 1434 3072 ⁹
1453 3063 1473 3080 R
1493 3058 1599 3084 omette
1612 3056 1634 3081 il
1654 3058 1739 3081 resto.
