2398 3470
199 235 395 262 Mun..c‹t.21—22
444 225 487 262 18
1023 224 1319 262 ROMUALDI
1346 224 1715 262 SALERNITANI
2077 231 2129 267 [A.
2149 238 2191 261 m.
2212 232 2307 268 319²]

439 299 2302 309 *wun-·-—-—‹···-·--·-‹-›⁴·—--⁴·‹n·--·--·-—-—--—-u--›mum-——mm--wmw-mmnmfflmffl

252 377 274 392 ι.
290 377 320 391 m.
336 376 388 396 μς,
533 358 711 398 “Azarias,
736 359 795 403 qui
817 365 853 392 et
877 358 980 392 Ozias
1009 358 1099 390 filius
1128 356 1269 389 Amasie
1302 356 1399 389 annis
1422 367 1532 397 L111„.
1579 357 1717 401 Ysayas
1747 357 1960 400 prophetare
1993 357 2087 401 cepit
2117 358 2153 392 in
2185 359 2307 393 diebus

438 414 522 447 Ozie
546 413 639 457 regis
661 413 753 456 Juda
775 418 856 446 ante
882 412 969 446 duos
991 421 1102 444 annos
1118 416 1334 449 terremotus,
1351 420 1454 454 quem
1469 410 1591 443 uolunt
1607 420 1650 443 eo
1666 416 1824 453 tempore
1842 410 2023 452 accidisse,
2046 422 2115 456 quo
2130 412 2307 457 ingressus

309 484 330 499 c.
342 478 391 504 52⁶
440 467 542 500 Ozias
564 466 731 509 templum
754 465 833 506 Dei,
853 465 923 508 sibi
947 464 1178 498 sacerdotium
1201 463 1413 504 uindicabat,
1431 469 1465 497 et
1479 469 1573 499 terra
1587 463 1762 508 per'cussa
1786 470 1850 504 est,
1867 469 1901 497 et
1918 464 2054 499 cineres
2072 466 2190 500 altaris
2205 467 2309 500 effusi

292 1810 316 1828 ι.
329 1810 351 1828 c.
365 1806 391 1830 ⁶⁴
536 1794 663 1829 “Anno
686 1801 766 1829 ante
789 1795 924 1829 Urbem
949 1796 1127 1829 conditam
1143 1806 1251 1829 LX1111
1268 1795 1475 1829 nouissimus
1490 1796 1586 1839 apud
1608 1795 1771 1841 Assyrios
1794 1796 1955 1839 regnauit
1970 1794 2243 1838 Sardanapallus
2256 1794 2311 1829 uir
2333 1793 2383 1828 25·

276 1858 352 1884 uum,
368 1864 394 1879 22
449 1849 623 1882 “muliere
647 1850 855 1893 corruptior,
878 1849 937 1893 qui
966 1850 1057 1883 inter
1079 1849 1248 1883 scortum'
1273 1849 1414 1894 gregis⁶
1446 1850 1577 1883 femine
1609 1849 1730 1883 habitu
1760 1861 1947 1893 purpuram
1972 1849 2064 1882 eollo
2095 1847 2260 1893 gestans⁷
2290 1859 2312 1882 a

311 2185 332 2200 c.
349 2179 393 2204 m
444 2168 582 2202 Sil'uius
604 2169 774 2203 Auentini
805 2170 993 2213 superioris
1022 2171 1116 2214 regis
1146 2171 1236 2204 filius
1265 2171 1426 2215 regnauit
1457 2171 1556 2205 annis
1586 2181 1690 2205 xxm.
1736 2171 1821 2204 Post
1851 2181 1954 2214 quem
1986 2169 2126 2214 quintus
2157 2168 2313 2203 decimus

438 525 528 558 sunt,
552 524 587 550 et
610 518 686 561 ipse
708 527 772 551 rex
793 527 977 561 percussus
1002 516 1099 559 lepra
1111 517 1133 548 ¹.

1190 615 1281 648 Item
1304 615 1543 649 Hierom‘mus.
2353 616 2374 652 5
2386 615 2388 617 ’

536 698 551 714 “
564 696 668 730 Ozias
692 695 751 739 qui
775 702 811 729 et
833 695 977 728 Azarias
1001 694 1132 737 duplici
1163 693 1315 734 nomine,
1346 699 1381 727 et
1409 704 1480 727 uno
1511 694 1653 738 quidem
1676 700 1780 737 atque
1813 694 1938 728 eodem
1961 700 2119 738 tempore
2142 695 2308 741 Ysayam,

445 751 460 767 ‘⁴
474 750 577 789 Osee,
601 750 714 794 Johel,
738 756 774 783 et
795 748 905 781 Amos
926 748 1153 791 prophetasse
1171 758 1213 779 ex
1227 747 1332 780 rebus
1356 757 1424 791 que
1447 754 1623 791 ponuntur
1638 748 1674 781 in
1690 748 1793 781 titulo
1817 748 2071 792 cognoscimus,
2095 749 2191 793 quod
2213 749 2308 793 prin-

445 805 460 821 “
474 803 603 846 cipium
625 803 724 836 uerbi
747 802 885 835 Domini
909 802 976 835 fuit
999 802 1034 833 in
1059 801 1151 835 Osee
1175 801 1246 834 filio
1278 801 1368 834 Beri.
1415 800 1524 834 Amos
1555 807 1670 835 autem
1701 808 1802 844 pater
1832 802 1963 846 Ysaye,
1988 812 2059 835 non
2081 808 2120 835 ut
2150 802 2310 847 plerique

442 857 457 873 ‘⁶
474 862 659 895 autumant,
683 855 805 889 tertius
829 855 1016 888 duodecim
1032 855 1281 897 prophetarum
1297 860 1358 888 est.
1404 854 1477 888 Sed
1493 854 1569 887 aliis
1585 855 1802 900 diuersisque
1827 856 1921 898 apud
1938 855 2098 888 Hebreos
2116 855 2311 889 scribuntur

445 909 460 925 “
475 907 607 941 litteris.
654 908 723 940 Iste
747 906 886 951 quidem
909 906 1065 948 primam,
1090 913 1125 938 et
1147 911 1336 951 extremam
1361 906 1511 939 litteram
1527 906 1634 939 habet
1648 906 1777 949 Aleph‚
1801 913 1836 939 et
1860 906 1965 940 Sade.
2012 906 2076 939 Ille
2092 916 2177 940 uero
2192 907 2308 952 Hayn,
2336 907 2377 942 10

446 963 460 978 ‘⁴
475 967 510 993 et
533 961 683 994 Samech
696 960 739 1000 „².
785 960 946 993 Tradunt
962 965 1076 992 autem
1091 959 1223 992 Hebrei
1239 960 1343 1000 Osee,
1360 966 1394 993 et
1409 958 1528 998 Amos,
1547 966 1582 993 et
1598 960 1763 1004 Ysayam,
1789 967 1824 993 et
1847 960 1962 1003 Johel‚
1986 970 2029 993 ac
2044 961 2171 1004 Jonam
2186 960 2311 995 iisdem

442 1015 668 1058 prophetasse
692 1013 917 1057 temporibus,
940 1012 1107 1046 uidelicet
1133 1013 1169 1046 in
1193 1013 1316 1046 diebus
1346 1013 1442 1054 Ozie‚
1465 1014 1639 1057 Johatam,
1670 1012 1803 1054 Achaz,
1828 1020 1863 1046 et
1886 1014 2040 1046 Ezechie
2063 1024 2184 1058 regum
2205 1015 2310 1059 Juda,

440 1073 476 1100 et
498 1067 533 1100 in
557 1067 679 1101 diebus
703 1067 888 1110 Jeroboam
912 1067 972 1100 filii
995 1067 1079 1111 Joas
1102 1066 1195 1111 regis
1218 1067 1361 1100 Israhel.
1407 1067 1461 1100 De
1485 1067 1577 1111 Jona
1593 1068 1735 1111 quidem
1758 1067 1795 1099 in
1817 1077 1940 1112 regum
1964 1067 2142 1101 uolumine
2158 1067 2210 1100 ita
2223 1068 2311 1101 scri-

440 1125 538 1162 ptum
561 1125 628 1152 est:
658 1121 673 1137 “
686 1118 791 1152 Anno
816 1129 866 1151 xv
889 1118 1030 1151 Amasie
1053 1118 1113 1151 filii
1129 1119 1212 1162 Joas
1227 1118 1319 1163 regis
1341 1119 1434 1162 Juda
1455 1119 1618 1162 regnauit
1639 1118 1829 1162 Jeroboam
1851 1119 1941 1151 filius
1963 1119 2048 1162 Joas
2070 1119 2163 1163 regis
2178 1118 2310 1152 Israhel
2344 1144 2345 1149 ,
2386 1117 2391 1126 ’“

446 1172 509 1204 “in
534 1172 691 1206 Samaria
715 1172 814 1205 annis
837 1182 900 1205 xm
925 1178 959 1205 et
982 1172 1070 1205 fecit
1092 1172 1188 1215 quod
1211 1172 1339 1205 malum
1364 1178 1417 1205 est
1441 1182 1559 1205 coram
1574 1172 1736 1211 Domino,
1761 1178 1795 1205 et
1818 1183 1889 1205 non
1911 1172 2055 1205 recessit
2070 1172 2114 1205 ab
2137 1173 2310 1206 uniuersis
2337 1170 2376 1206 15

448 1227 632 1270 “peccatis
653 1226 842 1270 Jeroboam
866 1226 928 1258 filii
952 1225 1104 1265 Nabath,
1129 1226 1188 1270 qui
1210 1236 1363 1269 peccare
1394 1226 1483 1259 fecit
1512 1226 1656 1259 Israhel.
1702 1226 1782 1269 Ipse
1808 1225 1982 1259 conuertit
2004 1226 2089 1258 fines
2111 1226 2244 1259 Israhel
2273 1227 2311 1259 in

447 1280 462 1296 “
477 1278 669 1312 Samariam
692 1278 736 1311 ab
759 1278 900 1312 introitu
924 1279 1052 1312 Emath
1074 1288 1185 1322 usque
1208 1279 1255 1312 ad
1277 1289 1373 1311 mare
1397 1279 1601 1319 solitudinis,
1623 1279 1721 1323 juxta
1744 1278 1890 1311 uerbum
1914 1278 2054 1311 Domini
2076 1278 2143 1311 Dei
2166 1276 2310 1318 Israhel,

322 1355 332 1365 .
357 1348 395 1368 sa
449 1332 464 1350 “
478 1333 573 1375 quod
597 1332 731 1365 locutus
754 1338 806 1365 est
828 1332 864 1364 in
886 1343 990 1365 manu
1013 1332 1105 1365 serui
1128 1332 1181 1365 sui
1196 1331 1304 1376 Jona'
1328 1332 1390 1364 filii
1413 1331 1556 1366 Amathi
1571 1333 1755 1376 prophete,
1779 1332 1839 1375 qui
1861 1331 1927 1365 fuit
1949 1332 2076 1365 Deleth
2090 1330 2134 1372 ηδ.
2180 1331 2312 1366 Dicunt

441 1392 554 1418 autem
577 1386 709 1420 Hebrei
731 1386 825 1418 hunc
850 1396 925 1419 esse
949 1385 1055 1418 filium
1087 1386 1193 1419 uidue
1217 1385 1424 1429 Sareptene,
1448 1397 1551 1430 quem
1582 1386 1703 1419 Helias
1725 1386 1899 1429 propheta
1921 1392 2096 1419 mortuum
2119 1385 2311 1419 suscitauit.

447 1438 692 1483 “Assyriorum
715 1449 777 1471 rex
792 1438 984 1472 tricesimus
1000 1445 1116 1472 sextus
1130 1439 1279 1472 Thonos
1294 1439 1521 1478 Concoleros,
1539 1440 1598 1482 qui
1614 1445 1761 1472 uocatur
1777 1449 1883 1482 grece
1898 1438 2181 1481 Sardanapallus,
2198 1438 2312 1471 Thar-
2336 1440 2386 1475 20

443 1491 458 1507 ‘⁶
474 1500 558 1529 sum,
583 1496 687 1534 atque
710 1489 919 1523 Anchialem
943 1490 1114 1530 condidit,
1139 1497 1175 1524 et
1198 1491 1235 1523 in
1259 1491 1372 1534 prelio
1403 1491 1516 1524 uictus
1539 1491 1584 1523 ab
1608 1490 1742 1524 Arbato
1765 1490 1875 1523 Medo
1899 1496 2009 1523 semet
2031 1489 2197 1523 incendio
2229 1500 2313 1523 con·
2366 1529 2371 1534 ,

447 1544 463 1562 “
477 1544 654 1577 cremauit.
700 1544 819 1587 Usque
843 1544 888 1576 ad
911 1543 948 1577 id
972 1549 1108 1587 tempus
1132 1544 1238 1576 fuisse
1263 1554 1364 1588 reges
1387 1543 1611 1589 Assyriorum
1635 1544 1779 1577 historia
1800 1544 1922 1583 refert,
1946 1549 1981 1576 et
2005 1542 2092 1576 fiunt
2113 1543 2215 1576 simul
2229 1543 2313 1576 anni

440 1596 647 1630 MCXCVII
660 1595 681 1630 ⁴.
728 1596 859 1630 Omnes
875 1602 989 1630 autem
1006 1596 1087 1629 anni
1103 1597 1203 1641 regni
1219 1597 1440 1642 Assyriorum
1457 1608 1478 1630 a
1492 1597 1605 1641 primo
1622 1607 1714 1631 anno
1731 1596 1816 1630 Nini
1838 1602 2069 1640 supputantur
2082 1596 2115 1637 „⁶
2131 1595 2310 1631 MCGXL.

1301 1713 1458 1748 Orosius:

447 1902 462 1919 ‘⁴
475 1902 636 1945 prefecto
660 1913 723 1935 suo
747 1902 894 1943 Arbato,
917 1903 978 1946 qui
1001 1909 1083 1935 tunc
1107 1903 1223 1936 Medis
1252 1909 1394 1946 preerat
1425 1903 1557 1936 inuisus
1570 1902 1583 1923 ⁸
1606 1909 1708 1947 atque
1740 1900 1955 1936 execrationi
1986 1902 2125 1935 habitus
2135 1900 2158 1941 ⁰,
2190 1901 2313 1935 excitis

447 1955 663 1989 “Medorum
686 1956 825 2000 populis
848 1957 894 1990 ad
923 1956 1054 1989 bellum
1076 1963 1299 1999 prouocatus,
1332 1963 1368 1990 et
1389 1958 1515 1996 uictus,
1547 1957 1683 1990 ardenti
1714 1957 1788 2000 pire
1821 1967 1858 1990 se
1888 1956 2029 2001 injecit:
2055 1955 2135 1988 exin
2162 1954 2313 1989 Arbates

446 2010 461 2026 ‘⁴
474 2009 611 2049 Medus,
627 2009 849 2054 Assyriorum
870 2010 1016 2053 imperio
1041 2011 1231 2050 destructo,
1255 2020 1402 2054 regnum
1425 2011 1461 2043 in
1485 2009 1613 2044 Medos
1636 2011 1810 2044 transtulit
1823 2009 1882 2051 „¹⁰‚
1905 2009 1966 2043 ubi
1988 2010 2136 2053 primum
2159 2008 2233 2052 ipse
2256 2019 2313 2041 re·
2377 2047 2378 2050 Ἴ

443 2063 564 2106 gnauit
587 2063 687 2096 annis
718 2073 848 2097 xxvrrr.
894 2064 1130 2097 Macedonum
1153 2066 1313 2108 regnum*
1332 2064 1478 2098 inchoat
1506 2065 1655 2108 primum
1686 2064 1820 2097 habens
1850 2074 2016 2096 caranum
2047 2062 2149 2095 annis
2179 2071 2311 2095 xxvm.
2334 2062 2355 2095 3

448 2117 462 2133 “
476 2116 812 2150 Lacedemoniorum
836 2127 939 2161 reges
954 2118 1131 2157 deficiunt,
1156 2117 1323 2151 Lidorum
1347 2118 1564 2161 incipiunt„.
1610 2117 1816 2151 Latinorum
1833 2123 1974 2160 quartus
1997 2116 2156 2149 decimus
2171 2114 2312 2149 Procax

441 2221 600 2255 Amulius
624 2222 753 2255 Siluius
776 2224 876 2255 annis
899 2223 1132 2268 quadraginta
1145 2223 1166 2243 ¹¹
1191 2217 1401 2259 ITICCVIII.

516 2343 539 2362 1.
558 2335 664 2369 Esayas
687 2336 710 2360 C
727 2349 759 2354 —
781 2342 804 2367 3.
819 2336 1009 2361 sacerdocium
1033 2336 1056 2360 C
1072 2350 1104 2354 —
1124 2342 1149 2369 7.
1162 2338 1359 2370 cognossimus
1381 2338 1405 2362 C
1417 2351 1449 2356 —
1463 2346 1488 2371 9.
1503 2339 1607 2364 ter-clus
1630 2338 1653 2362 C
1663 2351 1674 2357 -
1687 2339 1730 2364 set
1753 2337 1776 2362 C
1793 2351 1825 2355 -
1842 2344 1883 2363 10.
1898 2337 1964 2371 Ayn
1977 2337 2004 2361 B
2016 2349 2049 2355 —
2071 2343 2111 2362 11.
2124 2335 2235 2362 hlsdem
2247 2336 2274 2360 B
2289 2335 2313 2361 C

445 2391 477 2395 —
501 2385 542 2403 η.
558 2379 691 2411 Joatham
715 2378 738 2402 C
755 2392 787 2396 --
810 2383 851 2410 17.
869 2379 1021 2403 introitum
1040 2379 1064 2402 A
1084 2392 1095 2397 -
1114 2379 1251 2405 Emathus
1269 2380 1300 2409 C,
1319 2380 1343 2404 il
1360 2388 1434 2405 nome
1453 2380 1546 2406 biblico
1563 2381 1685 2405 sar-ebbe.-
1706 2380 1811 2405 Hamat
1830 2393 1864 2397 —
1886 2377 1926 2404 18.
1946 2378 2049 2404 Deieth
2068 2379 2095 2403 B
2107 2379 2140 2407 C,
2159 2377 2211 2408 11⁷,
2230 2378 2309 2411 Reg..

441 2419 523 2449 XIV,
541 2426 575 2450 25
593 2427 632 2452 ες.
652 2420 687 2445 de
707 2420 782 2446 Geth
801 2433 835 2438 —
854 2427 898 2453 ²3·
918 2419 1062 2453 MCCXL]
1081 2422 1112 2445 in
1128 2421 1271 2446 inchiostro
1290 2430 1358 2447 rosso
1382 2422 1405 2446 C
1422 2435 1456 2441 —-
1476 2422 1519 2449 26.
1537 2423 1703 2455 corrupclor
1726 2422 1749 2446 C
1765 2435 1798 2440 —-
1819 2428 1862 2455 29.
1880 2422 1936 2447 tibi
1954 2421 1979 2446 Α
2000 2435 2033 2439 -
2052 2427 2096 2454 30.
2122 2420 2310 2446 Macedonum

443 2468 562 2495 regnum
576 2462 694 2488 Inchoat
706 2463 828 2494 primum
843 2462 949 2487 habens
962 2469 1093 2487 caranum
1108 2463 1193 2488 annls
1206 2470 1306 2489 xxvrn
1320 2472 1368 2490 om.
1381 2465 1408 2489 B
1420 2473 1434 2489 e
1446 2466 1476 2489 in
1488 2465 1552 2489 edin.
1564 2465 1639 2490 Mur.
1653 2478 1687 2483 —
1701 2470 1744 2496 31.
1757 2463 1984 2489 Lacedoniorum
1999 2463 2023 2488 C
2031 2477 2064 2481 —
2078 2469 2123 2497 33.
2133 2454 2310 2496 fficcvm]

401 2509 414 2536 5
444 2505 474 2528 in
494 2505 635 2529 mehiostro
655 2513 724 2530 rosso
747 2504 770 2530 C

536 2579 545 2597 ¹
564 2580 592 2606 11
610 2581 687 2614 Reg„
708 2581 783 2613 XIV,
804 2588 852 2612 ²13
872 2580 907 2612 ΙΙ,
931 2581 1040 2610 Chr-on..
1058 2581 1160 2613 XXVI,
1184 2589 1256 2608 1-21.
1406 2581 1524 2609 “sextus
1544 2583 1663 2609 Thonos
1673 2600 1687 2615 ,‚
1707 2591 1723 2608 a
1744 2582 1814 2609 ἐι-ι.
1837 2589 1946 2615 1240„
1964 2588 1983 2607 R
2003 2581 2155 2615 rlproduce
2174 2581 2257 2607 Beda.

535 2621 547 2638 ²
559 2624 708 2649 Eusamus
718 2624 928 2654 fflsnouvuus,
944 2623 1198 2648 Commentariorum
1211 2626 1241 2649 in
1251 2625 1350 2649 lsaiam
1495 2624 1507 2642 ⁵
1527 2626 1645 2652 Faunus
1664 2625 1804 2656 Onosrus,
1824 2628 1863 2657 op.
1882 2625 1940 2653 cit„
1959 2623 1995 2655 11,
2016 2630 2040 2655 2,
2061 2623 2076 2657 ἕ
2095 2631 2121 2657 4.

442 2665 611 2697 prophetam,
629 2665 681 2691 lib.
699 2665 721 2696 Ι,
741 2673 803 2698 cap.
822 2665 836 2690 1
857 2664 984 2697 (Mmmr,
1002 2665 1078 2690 Patr.
1099 2666 1157 2695 lat„
1178 2673 1221 2699 24,
1239 2668 1291 2693 col.
1306 2674 1349 2699 22,
1493 2664 1506 2682 ⁶
1525 2666 1679 2700 Correggl:
1698 2668 1843 2691 scortorum
1861 2672 1963 2697 greges.

446 2709 515 2732 note
534 2713 549 2740 7
569 2715 583 2732 e
603 2707 639 2740 8).
676 2708 714 2732 Vl
733 2715 805 2732 sono
825 2708 851 2732 le
870 2707 999 2740 seguenti
1018 2708 1159 2732 vai-tantu
1180 2708 1194 2722 “
1205 2708 1288 2734 Ozias
1301 2717 1350 2734 au·
1494 2707 1506 2724 ⁷
1527 2708 1678 2742 Correggi:
1698 2708 1752 2733 colo
1770 2711 1897 2733 tractans.
2338 2711 2373 2731 20

387 2755 420 2774 xo
447 2748 460 2762 “
473 2751 529 2775 tem
548 2751 608 2783 ipse
627 2751 680 2781 est,
701 2750 749 2783 qui
761 2752 788 2775 et
801 2750 918 2775 Azan-ias
931 2749 1037 2783 duplici
1050 2750 1102 2775 etc.
1114 2759 1143 2781 „3
1166 2748 1178 2762 “
1190 2758 1224 2775 ex
1237 2751 1349 2783 regibus
1493 2748 1505 2766 ⁸
1525 2750 1675 2784 Correggl:
1694 2751 1776 2775 visus.

445 2793 459 2806 ‘⁴
470 2794 520 2823 qur·
537 2794 727 2826 ponuntur...
739 2801 781 2824 ,ης
802 2792 873 2816 “sed
896 2791 1071 2825 principium
1090 2791 1233 2818 uerbi....
1253 2793 1307 2818 etc.
1318 2802 1349 2827 „3
1493 2790 1504 2808 ⁹
1524 2793 1685 2826 Aggiungiae
1705 2799 1765 2816 mox
1782 2792 1872 2817 etiam.

447 2833 461 2848 ‘¹
471 2834 519 2860 sed
537 2834 627 2864 allus3
646 2834 919 2868 diuerslsque....,‚.
938 2833 1018 2859 “Iste
1037 2834 1158 2867 primam
1177 2835 1208 2859 et
1217 2851 1241 2866 ,μ
1481 2832 1504 2850 ¹⁰
1522 2835 1640 2860 PAuuss
1660 2834 1798 2865 ansms,
1824 2836 1864 2865 op.
1889 2834 1946 2863 cit„
1965 2833 1986 2865 1,
2010 2841 2051 2867 19,
2071 2834 2087 2867 5
2108 2841 2118 2858 1
2142 2833 2180 2868 (p.
2206 2832 2253 2867 30)
2279 2835 2309 2859 ln

534 2874 546 2892 3
566 2876 592 2901 Π
611 2877 688 2909 Reg„
708 2877 783 2908 XIV,
803 2881 895 2908 23-25.
1403 2877 1502 2908 questo
1521 2877 1613 2910 punto
1633 2876 1710 2901 dice=
1731 2875 1820 2901 ‘exin
1834 2883 1953 2908 regnum
1967 2876 2151 2910 Assyriorum
2166 2877 2196 2902 ln
2211 2876 2310 2902 Medos

536 2916 548 2934 ⁴
566 2918 653 2944 Idem.
677 2917 817 2942 Comment.
837 2918 867 2942 in
886 2917 978 2942 Jonam
992 2917 1162 2950 prophetam,
1181 2918 1253 2943 liber
1269 2926 1348 2952 unus,
1404 2917 1418 2932 ⁸
1427 2919 1568 2944 concessit
1577 2935 1602 2951 „.
1633 2919 1680 2943 Ma
1693 2919 1794 2951 questo
1807 2918 1898 2943 brano
1911 2917 1956 2943 fra
1970 2919 2126 2951 vlrgolette
2139 2916 2154 2943 δ
2166 2919 2310 2952 riportato
2339 2917 2372 2946 ²5

387 2962 417 2990 15
445 2960 593 2992 Prologus.-
612 2960 725 2990 Mmrm,
746 2965 788 2990 25,
808 2960 862 2984 col.
891 2959 968 2985 1118.
1004 2959 1034 2983 Il
1049 2958 1116 2983 labro
1141 2959 1186 2983 dei
1202 2967 1232 2983 re
1251 2960 1300 2985 cit.
1318 2958 1348 2985 e:
1404 2959 1439 2984 da
1458 2959 1541 2985 Beda.

445 3001 486 3035 IV
507 3001 583 3037 ch„
602 3001 676 3032 XIV,
697 3006 728 3032 25
749 3008 790 3035 sg.
818 3001 863 3026 Da
889 2999 1096 3038 “Assyriorum
1122 3008 1170 3025 rex
1192 3001 1350 3030 tricesimus
1482 3000 1503 3018 ¹¹
1523 3003 1640 3028 PAuLvs
1659 3002 1796 3033 Onosms,
1815 3004 1855 3036 op.
1874 3003 1931 3031 cit„
1949 3001 1985 3033 11,
2007 3007 2060 3036 1-5.
