2398 3470
149 223 263 247 Mam.
272 228 359 248 wrm
393 213 464 249 104
1159 210 1474 248 CHRONICON
1931 216 2016 253 [ΑΛ.
2034 218 2069 246 c.
2085 219 2242 254 4⁶s-4921

387 281 1910 294 ..--..................,..........................................................................-......-............,...,...............................................--..............;
1912 286 2214 293 ....................................
2215 287 2241 294 ..-

391 344 503 377 “riam
528 343 799 377 ecclesiasticam
823 354 844 375 a
867 343 936 376 fine
958 343 1124 376 librorum
1148 341 1301 380 Eusebii,
1325 350 1434 384 usque
1458 341 1505 374 ad
1527 351 1626 374 suum
1648 346 1793 384 tempus,
1816 340 1852 375 id
1877 348 1930 375 est
1950 353 2059 386 usque
2075 343 2121 376 ad
2136 343 2246 386 impe-

389 399 404 415 “
415 397 503 429 rium
518 396 646 430 Leonis
660 396 771 439 hujus,
788 395 851 428 sub
867 406 936 439 quo
953 402 988 428 et
1002 402 1156 428 mortuus
1173 400 1234 427 est.
1260 394 1448 433 Victorius,
1463 393 1604 438 jubente
1620 404 1712 437 papa
1728 394 1874 433 Hilario,
1890 396 2027 438 scripsit
2042 395 2245 429 Paschalem

389 449 404 465 “
418 447 586 480 circulum
610 447 878 491 quingentorum
901 447 1043 490 triginta
1065 446 1211 478 duorum
1235 455 1404 477 annorum
1417 444 1460 484 „¹.

180 490 360 543 Ηᾞῗξξῇξζ
472 499 618 544 Hylario
641 506 757 532 autem
788 510 880 542 papa
904 500 1083 537 defuncto,
1116 497 1315 540 Simplicius
1345 498 1483 531 natione
1514 498 1736 542 Tyburtinus,
1768 508 1812 530 ex
1841 504 1940 540 patre
1970 498 2113 532 Castino
2144 499 2177 532 ei
2207 500 2244 532 in

161 544 364 597 5⁶:2⁹1&ssssssss
386 554 590 596 pontificatu
613 553 793 590 successit,
817 553 977 595 seditque
1002 552 1098 584 annis
1123 561 1173 583 xv
1195 561 1349 584 mensem
1372 561 1396 584 1.
1442 551 1510 584 Hic
1534 561 1638 584 xxvn
1661 550 1884 595 presbyteros
1906 552 2022 585 Rome
2053 553 2243 593 constituit,
2289 552 2308 586 5

383 612 526 649 propter
548 605 755 648 penitentes,
779 611 814 638 et
836 605 1007 647 baptisma
1018 603 1041 637 ².
1088 603 1161 636 Sub
1177 603 1278 646 hujus
1301 603 1504 646 episcopatu
1519 603 1617 637 uenit
1639 603 1764 636 relatio
1780 604 1825 637 de
1850 604 1982 637 Grecia
2003 615 2068 647 per
2090 605 2246 649 cirogra-

385 661 493 702 phum
516 658 560 691 ab
583 658 718 691 Acacio
743 657 1129 699 Constantinopolitano
1154 656 1332 699 episcopo,
1357 657 1528 700 simulque
1551 663 1587 690 et
1610 668 1630 689 a
1653 657 1867 690 Thimotheo
1890 657 2086 697 Catholico,
2103 664 2139 691 et
2154 658 2245 691 affir-

383 714 491 746 mauit
514 713 654 745 Petrum
678 711 893 744 Alexandrie
917 710 1011 743 urbis
1035 710 1239 752 episcopum
1264 720 1339 742 esse
1361 709 1615 743 euticianistum
1638 709 1843 748 hereticum,
1867 710 2016 752 plurima
2039 711 2085 744 de
2110 720 2152 744 eo
2175 712 2244 744 cri-

383 766 479 805 mina
502 766 684 799 affirmans.
732 765 814 804 Quo
838 763 957 797 audito
982 763 1183 806 Simplicius
1206 763 1409 806 dampnauit
1432 762 1585 802 Petrum,
1610 763 1660 796 ita
1683 769 1811 803 tamen,
1835 769 1873 796 ut
1887 763 2066 806 penitente
2089 771 2245 798 seruaret
2393 796 2395 809 ,v

387 826 524 862 tempus
535 819 558 851 ³.
605 817 804 860 Simplicius
827 823 940 850 autem
965 816 1118 859 sepultus
1142 821 1194 848 est
1217 816 1254 848 in
1278 816 1422 849 basilica
1446 816 1539 849 beati
1562 816 1658 849 Petri
1682 816 1844 859 apostoli.
2272 818 2311 851 10
2351 840 2353 842 -
2393 809 2395 828 ⁵

242 888 263 903 a.
279 882 307 904 c.
321 888 362 909 475
473 872 578 906 Anno
602 871 787 904 Dominice
810 869 1066 903 incarnationis
1089 867 1363 903 CCCCLXXV.
1887 884 1889 886 ·
2393 869 2395 882 ’

472 926 616 959 Mortuo
640 924 771 964 Leone,
795 924 889 956 Zeno
914 923 1080 956 continuo
1104 923 1393 966 quadragesimus
1412 927 1526 956 sextus
1555 916 1597 956 db
1620 922 1782 967 Augusto
1793 923 1815 966 ⁴,
1839 923 2067 968 Augustalem
2097 924 2246 968 adeptus

382 987 434 1013 est
459 980 671 1023 dignitatem.
717 978 873 1011 Leonem
897 982 1025 1015 autem,
1050 976 1095 1008 de
1120 986 1187 1019 quo
1211 977 1414 1019 premissum
1439 983 1492 1010 est
1514 988 1618 1021 quem
1641 983 1743 1020 pater
1764 977 1839 1010 Leo
1862 978 1899 1010 in
1922 978 2021 1022 regni
2047 977 2247 1011 sociauerat

382 1033 552 1077 dignitate
568 1038 678 1065 mater
693 1031 843 1064 Zenonis
866 1030 1003 1062 occulte
1020 1030 1185 1062 clericum
1209 1030 1295 1063 fecit
1303 1030 1324 1063 ⁵.
1371 1030 1510 1064 Interea
1526 1031 1713 1064 Odouacer
1736 1041 1814 1063 cum
1831 1031 2020 1064 fortissima
2036 1031 2245 1064 Herulorun

259 1102 280 1118 ι,
294 1096 361 1121 127⁶
385 1086 620 1125 multitudine,
644 1086 783 1127 insuper
806 1084 1128 1127 Turcilinguorum,
1152 1083 1224 1116 siue
1248 1083 1458 1128 Scyrorum'
1482 1084 1617 1117 Italiam
1647 1083 1693 1117 ab
1716 1084 1880 1117 extremis
1910 1084 2092 1118 Pannonie
2119 1084 2246 1118 finibus
2270 1083 2310 1118 15
2343 1114 2346 1115 γ
2391 1063 2395 1138 ἲ

380 1149 571 1183 properare
588 1138 779 1177 contendit,
804 1137 863 1180 qui
880 1137 1023 1169 ueniens
1038 1137 1271 1179 postmodum,
1294 1147 1365 1169 non
1381 1138 1491 1170 solum
1515 1137 1622 1170 totius
1636 1137 1747 1176 Italie,
1771 1138 1915 1181 insuper
1932 1143 1967 1171 et
1983 1148 2064 1170 usus
2079 1143 2132 1171 est
2147 1137 2246 1172 ιιι-δίε

379 1199 553 1236 potestate
567 1192 589 1225 ⁶.
636 1192 794 1235 Cumque
819 1196 927 1223 totam
944 1190 1081 1222 Italiam
1105 1190 1251 1233 proprio
1265 1190 1336 1234 juri
1359 1190 1534 1230 subderet,
1558 1190 1673 1224 statim
1696 1191 1830 1235 regiam
1853 1191 2001 1234 arripuit
2025 1191 2244 1235 dignitatem.

386 1245 622 1291 “Augustulus
645 1251 768 1283 autem,
793 1244 854 1287 qui
877 1243 1013 1286 imperii
1036 1249 1291 1286 presumpserat
1314 1249 1531 1286 potestatem,
1555 1254 1701 1277 cernens
1723 1244 1920 1277 uniuersam
1945 1244 2078 1277 Italiam
2102 1244 2245 1278 Odoua-

386 1300 400 1316 “
415 1300 467 1332 cri
488 1299 623 1343 juribus
646 1298 758 1338 subdi,
782 1304 875 1330 metu
899 1297 1114 1339 perterritus,
1138 1302 1261 1339 sponte
1286 1297 1489 1330 miserabilis
1512 1308 1701 1340 purpuram
1718 1296 1883 1336 abiciens,
1908 1309 1987 1331 cum
2003 1298 2064 1330 uix
2078 1297 2244 1332 undecim

386 1357 401 1371 '⁶
415 1352 589 1386 mensibus
604 1363 676 1384 rem
700 1350 876 1394 publicam
893 1349 1107 1389 obtinuisset,
1132 1349 1347 1393 imperialem
1364 1350 1527 1393 deposuit
1549 1350 1774 1394 majestatem.
1821 1351 1874 1383 Ita
1896 1351 2135 1384 Romanorum
2149 1349 2244 1394 apud
2267 1352 2311 1384 20
2347 1344 2354 1348 ¹*
2391 1336 2393 1350 η’

383 1407 398 1423 “
413 1407 562 1440 Romam
585 1404 769 1447 imperium
785 1409 858 1436 toto
883 1403 1077 1445 [terrarum]
1095 1403 1178 1436 orbe
1201 1403 1410 1442 uenerabile,
1429 1410 1463 1436 et
1485 1403 1662 1448 Agustalis
1678 1404 1736 1435 illa
1759 1404 1962 1444 sublimitas,
1978 1414 2046 1447 que
2062 1403 2107 1437 ab
2122 1404 2244 1449 Augu-

384 1460 466 1490 “sto
490 1456 691 1501 [quondam]
714 1455 911 1488 Octauiano
936 1460 1054 1487 creata
1078 1461 1130 1487 est
1142 1453 1166 1493 ⁷,
1191 1465 1270 1488 cum
1292 1453 1488 1498 Augustulo
1515 1455 1620 1497 periit
1633 1479 1663 1495 „.

141 1500 361 1553 ⁵¹³'''⁵¹¹,2⁶¹}¹I'c?‘}{}
473 1511 613 1543 Interea
640 1510 753 1542 Rome
778 1508 957 1551 Simplicio
980 1518 1074 1551 papa
1097 1508 1303 1548 decedente,
1326 1508 1428 1541 Felix
1450 1508 1590 1541 natione
1621 1508 1801 1541 Romanus
1823 1519 1868 1541 ex
1897 1514 1997 1552 patre
2021 1508 2139 1542 Felice
2162 1518 2242 1552 pre-

194 1586 216 1602 a.
232 1554 367 1608 g‘lj‘gyssss
387 1565 536 1610 sbyter0‚
567 1563 802 1607 pontificalem
826 1562 980 1605 suscepit
1011 1562 1226 1595 catedram.
1203 1561 1215 1579 ⁸
1274 1561 1347 1595 Sub
1377 1562 1481 1606 hujus
1504 1562 1708 1605 episcopatu
1739 1562 1864 1596 iterum
1886 1562 2011 1595 relatio
2041 1562 2087 1596 de
2117 1563 2248 1596 Gracia
2336 1595 2340 1598 ,

382 1619 487 1657 uenit,
510 1617 651 1651 Petrum
666 1616 945 1650 Alexandrinum
969 1622 1170 1649 reuocatum
1187 1615 1232 1648 ab
1247 1616 1376 1649 Acatio
1400 1616 1564 1659 episcopo
1581 1615 1978 1659 Constantinopolitano.
2024 1616 2127 1650 Tunc
2143 1616 2245 1651 Felix
2266 1616 2310 1649 25
2343 1658 2346 1661 Ι

380 1671 593 1705 uenerabilis
609 1669 895 1713 archiepiscopus
918 1669 1109 1712 apostolice
1127 1670 1219 1702 sedis
1242 1679 1384 1702 romane
1400 1669 1493 1702 misit
1509 1670 1596 1703 duos
1614 1669 1797 1712 episcopus
1819 1669 2012 1709 Mesenum,
2028 1675 2065 1703 et
2078 1669 2114 1703 V
2114 1669 2243 1709 itatem.

377 1732 414 1758 ut
438 1726 532 1758 facta
555 1725 702 1769 synodo,
718 1723 747 1756 si
770 1723 971 1756 inuenirent
985 1721 1151 1756 Acatium
1175 1723 1384 1766 complicem
1406 1722 1516 1762 Petri,
1533 1723 1765 1765 dampnarent
1788 1729 1961 1766 utrosque.
2010 1721 2082 1761 Qui
2098 1722 2245 1756 uenien-

378 1785 439 1817 tes,
463 1778 620 1820 corrupti
643 1783 722 1810 sunt
752 1777 902 1820 pecunia
925 1776 1017 1814 data3
1049 1782 1083 1809 et
1106 1786 1175 1808 non
1208 1776 1370 1809 fecerunt
1392 1782 1431 1808 ut
1454 1777 1503 1809 eis
1533 1777 1662 1821 jussum
1686 1776 1802 1809 fuerat
1833 1783 1869 1810 et
1892 1776 2024 1809 reuersi
2053 1781 2142 1810 sunt.
2188 1776 2244 1810 Eo

378 1838 533 1875 tempore
563 1830 776 1864 uenerabilis
797 1841 890 1874 papa
920 1829 1020 1862 Felix
1042 1829 1184 1862 sinodus
1215 1830 1310 1870 fecit,
1333 1836 1369 1863 et
1392 1836 1535 1872 operata
1566 1829 1777 1862 discussione
1800 1830 1934 1862 inuenit
1964 1829 2098 1863 iudices
2123 1829 2244 1863 ambos

261 1901 282 1917 c.
298 1897 356 1916 nea
380 1885 566 1928 episcopos
589 1884 782 1922 Mesenum,
800 1890 835 1916 et
851 1882 1003 1916 vitalem
1026 1893 1106 1916 reos
1122 1889 1156 1916 et
1183 1889 1365 1925 corruptos
1387 1883 1548 1925 pecunia,
1564 1893 1692 1926 eosque
1715 1894 1736 1915 a
1761 1881 1848 1916 com'
1849 1882 2011 1915 munione
2026 1882 2156 1927 deJecit
2169 1892 2240 1916 una
2261 1883 2306 1917 30
2337 1897 2340 1902 *

382 1949 461 1971 cum
484 1938 612 1971 Acatio
636 1943 671 1970 et
693 1937 806 1970 Petro.
853 1937 899 1969 Et
914 1936 982 1969 hoc
1006 1936 1138 1969 factm
1154 1942 1205 1970 est
1227 1941 1382 1979 tempore
1399 1936 1595 1969 Odouacris
1618 1936 1742 1981 regis⁹.
1790 1936 1858 1969 Hic
1882 1942 1997 1969 autem
2020 1936 2174 1979 sepultus
2190 1941 2243 1970 est

380 1990 416 2022 in
439 1989 588 2023 basilica
610 1988 703 2022 beati
724 1987 825 2021 Pauli
848 1987 1012 2030 Apostoli
1025 1987 1058 2020 ¹⁰.

179 2034 359 2087 (ξῗιῗξῖςξζᾶ
469 2042 552 2077 Post
575 2042 673 2086 cujus
695 2041 828 2075 obitum
853 2041 1013 2074 Gelasius
1037 2041 1180 2074 natione
1203 2040 1295 2074 Afer
1318 2052 1362 2074 ex
1384 2047 1482 2084 patre
1507 2041 1649 2074 Valen’o
1673 2041 1709 2073 in
1733 2041 1934 2084 pontificato
1950 2041 2111 2075 Romano
2134 2040 2243 2074 subli-

386 2102 498 2130 matus
520 2101 582 2136 est,
598 2096 758 2139 seditque
782 2104 892 2127 annos
915 2104 966 2133 xv,
982 2105 1119 2128 menses
1142 2105 1209 2127 vm
1223 2093 1256 2127 ¹¹.
1304 2094 1373 2127 Hic
1397 2100 1510 2128 autem
1534 2100 1691 2137 tempore
1714 2094 1867 2127 Zenonis
1890 2093 2050 2139 Augusti,
2067 2100 2102 2128 et
2124 2094 2243 2127 Theo-

381 2150 493 2183 dorici
517 2149 612 2193 regis
635 2147 841 2181 Manicheos
864 2147 1000 2180 inuenit
1023 2147 1060 2179 in
1077 2148 1162 2181 urbe
1186 2147 1311 2186 Roma,
1328 2153 1364 2180 et
1380 2147 1488 2180 exilio
1505 2147 1683 2190 deportari
1704 2146 1813 2189 jussit,
1831 2157 1976 2189 quorum
1999 2146 2143 2180 codices
2159 2138 2311 2181 eon-'33
2324 2150 2337 2182 ’ἶ

380 2203 527 2237 cremari
551 2202 648 2235 fecit.
695 2201 764 2234 Hic
788 2201 857 2234 fuit
879 2206 1010 2234 amator
1034 2201 1132 2239 cleri,
1156 2206 1191 2234 et
1220 2211 1424 2243 pauperum,
1449 2200 1609 2233 liberauit
1642 2211 1663 2232 a
1685 2200 1856 2243 periculo,
1881 2206 1916 2232 et
1946 2199 2040 2232 fame
2063 2199 2243 2233 ciuitatem

380 2257 540 2290 Romam.
586 2255 656 2287 Hic
679 2255 716 2287 in
740 2259 947 2297 perpetuum
963 2254 1165 2297 dampnauit
1188 2252 1364 2293 Acadum,
1382 2260 1419 2286 et
1439 2253 1593 2292 Petrum,
1610 2253 1725 2286 sinon
1748 2253 1954 2296 peniterent.
2001 2253 2069 2285 Hic
2086 2253 2243 2287 Gelasiu-

468 2394 491 2412 ι.
512 2387 615 2412 Ylarlo
627 2387 652 2411 Α
665 2400 697 2404 -
712 2385 766 2420 6-7.
781 2385 1003 2419 chirographum
1016 2385 1042 2409 B
1055 2398 1088 2403 —
1103 2384 1128 2409 8.
1141 2385 1248 2410 Acatlo
1260 2384 1285 2409 A
1296 2384 1323 2409 B
1328 2394 1340 2413 .·
1358 2384 1430 2409 LPe
1450 2383 1559 2409 Aeacio
1579 2397 1588 2402 -
1609 2382 1719 2409 Catheo
1743 2383 1767 2408 C
1777 2397 1809 2402 —
1828 2391 1854 2417 9.
1868 2383 2018 2408 damnauit
2029 2383 2057 2408 B
2068 2397 2101 2402 —
2118 2390 2158 2409 10.
2171 2390 2240 2417 apo-

379 2430 449 2455 stoli
467 2437 561 2454 manca
578 2429 609 2453 ln
621 2429 681 2453 AB
699 2442 732 2446 —
756 2435 794 2453 11.
814 2427 903 2452 Anno
923 2428 1034 2452 domini
1051 2427 1075 2451 C
1085 2441 1118 2445 —
1135 2434 1174 2452 12.
1187 2427 1305 2452 Mortuo
1323 2426 1481 2458 capolettera
1499 2429 1594 2451 ornata
1609 2425 1634 2450 C
1650 2440 1683 2445 -—
1706 2433 1746 2459 14.
1759 2426 1931 2451 Heculorum
1949 2425 1973 2450 C
1982 2439 2016 2445 —
2032 2431 2071 2459 15.
2084 2425 2173 2452 ΤιιτοΙ
2185 2425 2241 2451 un-

377 2479 499 2505 guorurn
511 2471 535 2496 A
553 2485 586 2489 —
603 2470 692 2503 16-17.
710 2471 828 2504 insuper
846 2472 875 2495 et
887 2477 954 2495 usus
967 2471 1009 2494 est
1022 2470 1100 2494 urbIs
1120 2471 1260 2502 potestate
1283 2468 1307 2493 C
1317 2483 1350 2487 —-
1367 2476 1406 2502 19.
1420 2468 1610 2493 miserabllem
1623 2469 1647 2493 Δ
1658 2469 1701 2497 B,-
1719 2469 1849 2494 PAULusz
1869 2469 2042 2494 miserabilis
2062 2482 2095 2487 —
2109 2474 2152 2494 zo.
2164 2467 2240 2501 opti-

379 2516 487 2539 nulsset
499 2514 524 2538 Α
536 2513 560 2538 C
570 2527 602 2532 —
623 2520 664 2547 27.
678 2513 848 2538 damnarent
865 2513 892 2536 B
906 2525 938 2530 —
953 2511 994 2536 28.
1008 2512 1049 2536 eis
1068 2512 1175 2536 iussum
1195 2511 1287 2536 fuerat
1309 2510 1332 2535 C
1343 2525 1375 2529 —
1396 2517 1437 2544 29.
1451 2510 1535 2535 Fellx
1553 2511 1726 2536 uenerabilis
1742 2512 1767 2538 C
1782 2523 1817 2530 —·
1836 2517 1878 2545 3²·
1891 2510 2012 2536 basilica
2030 2510 2107 2536 beati
2125 2509 2204 2536 Petri
2220 2509 2244 2535 C

338 2563 351 2589 5
384 2571 417 2575 —
436 2562 480 2590 37.
497 2557 705 2591 imperpetuum
728 2555 752 2580 C
769 2569 777 2574 -
798 2555 947 2580 damnauit
965 2554 991 2578 B

469 2649 478 2666 ¹
497 2650 589 2683 BnnA,
607 2651 649 2675 De
666 2657 719 2676 me.
739 2652 788 2675 aet.
807 2650 866 2679 cit„
885 2656 930 2674 an.
951 2655 1029 2682 4409.
1426 2646 1437 2663 ⁷
1455 2648 1544 2679 IDEM,
1563 2647 1576 2680 g
1595 2647 1622 2673 X
1641 2648 1691 2673 che
1709 2654 1728 2672 n
1747 2648 1833 2681 copia
1851 2648 1888 2672 ad
1912 2647 2043 2676 atteram,
2061 2645 2200 2672 mutando
2219 2645 2243 2672 u
2272 2648 2319 2679 ις
2317 2654 2335 2672 ,τ

470 2691 482 2709 ²
500 2693 529 2718 L.
549 2693 592 2723 P..
610 2693 631 2722 1,
657 2701 683 2727 p.
707 2699 774 2726 249:
798 2692 851 2717 Ht'c
867 2691 940 2723 fecit
963 2691 1142 2716 ordinationes
1166 2691 1196 2715 in
1221 2691 1285 2715 urbe
1338 2692 1425 2722 coepta
1443 2693 1482 2714 est
1499 2691 1531 2715 in
1549 2693 1639 2715 creata
1657 2693 1701 2715 est.
2322 2690 2329 2698 “

380 2735 464 2760 Roma
482 2735 547 2760 IIII
556 2739 607 2768 per
619 2743 699 2761 mem.
720 2735 845 2760 decembr.
870 2737 896 2759 et
906 2733 980 2764 febr.
997 2734 1156 2765 presbiteros
1180 2732 1285 2762 LVIII,
1427 2730 1439 2748 ⁸
1457 2732 1486 2758 L.
1507 2733 1551 2761 P„
1568 2732 1589 2761 Ι
1610 2740 1637 2766 p.
1658 2738 1716 2764 252.
1736 2739 1755 2757 R
1769 2734 1890 2758 omette:
1908 2733 2032 2757 sednon.
2051 2730 2128 2761 VIII,
2141 2738 2175 2756 m.
2188 2729 2243 2760 ΖΙ,

382 2780 500 2804 diaconos
516 2778 572 2807 XI,
590 2779 719 2810 epitropos
732 2781 784 2810 per
802 2777 906 2801 diversa
925 2776 979 2800 loca
991 2775 1178 2801 LXXXVIII.
1339 2775 1363 2799 d.
1383 2774 1475 2799 XVII.

322 2828 354 2847 ιο
472 2819 484 2836 ²³
502 2820 533 2846 L.
552 2820 597 2849 P..
615 2820 672 2846 loc.
691 2820 740 2845 cit
1428 2814 1440 2832 ⁹
1458 2816 1486 2841 L.
1507 2817 1550 2846 P..
1570 2817 1626 2842 loc.
1646 2817 1695 2842 cit.
1713 2817 1764 2842 che
1783 2823 1802 2841 ιι
1821 2823 1905 2850 segue
1918 2817 2000 2849 quasi
2019 2816 2078 2841 alla
2097 2816 2207 2841 lettera.

471 2861 483 2878 ⁴
502 2870 522 2887 a
543 2864 573 2887 in
593 2862 719 2894 anus,
739 2862 801 2892 XV,
820 2867 865 2886 vn
887 2859 925 2894 (p.
946 2860 1009 2892 210)
1035 2857 1440 2893 aggiungegqua-10
1459 2859 1554 2884 Felice
1572 2858 1588 2884 e
1613 2859 1636 2884 11
1656 2859 1720 2884 solo
1746 2866 1829 2893 papa,
1848 2866 1928 2884 corne
1954 2858 2016 2883 dice
2035 2858 2057 2883 11
2083 2856 2242 2888 Duchesue,
2271 2860 2306 2879 20
2325 2853 2337 2878 Ϊ

381 2906 546 2938 dragesimus
563 2908 652 2929 sextat:
669 2905 702 2929 ab
719 2904 849 2937 Δημέα.
1340 2911 1366 2937 p.
1385 2909 1446 2936 254,
1466 2906 1535 2929 nota
1551 2910 1591 2936 15,
1611 2904 1765 2938 seppellito
1778 2911 1795 2928 a
1813 2903 1869 2928 San
1884 2903 1982 2933 Paolo,
2002 2903 2077 2928 dove
2089 2909 2138 2927 era
2150 2902 2178 2927 la
2191 2909 2243 2927 sun

471 2948 482 2965 ⁵
502 2956 521 2974 R
539 2951 660 2974 omette.
678 2949 847 2980 exz'gmex'que
864 2947 1028 2972 vehementer
1049 2946 1154 2982 Zenon&
1340 2948 1438 2973 tomba
1458 2948 1488 2973 di
1508 2948 1650 2981 samlglia.
2325 2956 2327 2959 ¹

470 2991 482 3010 ⁶
501 2994 626 3024 ΡΑυιυε,
644 2993 705 3025 XV,
726 2999 791 3024 vm,
813 2992 848 3018 da
867 2993 914 3018 cui
933 2998 952 3016 ι
970 2994 1030 3017 trae
1050 2991 1146 3016 alcuni
1161 2991 1284 3025 periodi.
1418 2988 1437 3006 ¹¹
1458 2989 1487 3015 L.
1506 2990 1551 3019 P..
1570 2997 1602 3024 pr
1617 2996 1683 3023 ²55=
1705 2991 1775 3015 nait
1795 2997 1838 3016 an.
1858 2989 1912 3020 IV,
1929 2997 1964 3016 ur.
1990 2987 2067 3019 7111,
2088 2988 2114 3015 d.
2132 2985 2241 3014 xwt.
2288 2996 2290 2999 ·
