2398 3470
87 247 138 283 [Α.
158 248 193 276 c.
212 247 366 283 sas-sss]
667 240 958 277 ROMUALDI
986 236 1347 277 SALERNITANI
1870 238 1883 274 l
1897 239 1940 275 13

91 314 1689 330 ...ηιω...ω»..........-.........ῃ.------.....-..---.----....ω.................................-........-......---.................................................-....
1692 310 1940 323 ...........................

0 408 8 426 ξ
89 377 104 393 “
118 385 139 407 a
161 385 231 419 quo
254 375 414 419 primitus
435 385 559 420 graues
582 374 694 407 minas
717 373 859 406 antistes
889 383 1072 417 perpessus
1095 379 1159 406 est.
1205 372 1264 406 Ad
1287 374 1356 406 hoc
1380 373 1553 417 siquidem
1584 383 1692 416 usque
1717 372 1831 406 uerbis
1862 382 1943 415 pro-

0 445 6 470 ς
87 428 103 445 “
117 437 272 472 gressum
295 434 358 468 est,
381 434 420 461 ut
441 428 523 462 talia
553 419 732 472 princeps'
756 437 776 459 a
798 427 938 469 presule
968 427 1120 459 audiret:
1146 427 1223 471 Ego
1249 426 1478 470 Justinianum
1509 427 1754 470 imperatorem
1782 420 1941 459 christia-

0 472 10 538 }
89 481 290 514 “nissimum
313 481 434 515 uidere
458 481 666 520 desideraui,
689 480 752 514 sed
774 480 1022 513 Dioclitianum
1045 480 1178 519 inueni;
1197 481 1338 513 tandem
1356 489 1399 512 ex
1414 479 1594 513 uoluntate
1611 480 1695 518 Dei3
1712 479 1849 513 monitis
1869 479 1942 512 eius

6 537 9 541 “
89 535 348 578 “acquiescens
370 536 415 568 ad
438 535 610 568 catholice
634 533 715 567 fidei
740 533 995 567 confessionem
1028 543 1106 566 cum
1137 533 1252 566 multis
1274 534 1416 576 pariter,
1439 533 1499 576 qui
1530 533 1688 566 similiter
1712 531 1942 576 desipiebant,

4 579 15 622 7.
39 587 58 620 5
88 588 104 606 ‘⁴
115 596 293 631 regressus
309 594 371 621 est.
416 587 620 621 Anthimum
636 597 773 631 quoque
790 587 944 620 eiusdem
960 588 1057 631 regie
1075 587 1226 620 ciuitatis
1241 586 1458 630 episcopum,
1474 586 1612 630 prefate
1629 586 1794 619 hereseos
1816 584 1941 618 defen-

4 636 7 637 ⁷
87 642 103 659 “
113 651 236 681 sorem,
254 642 451 675 conuictum
466 641 608 684 publice
623 639 673 684 (a)
689 640 929 673 communione
945 640 1097 683 priuauit
1121 650 1163 673 ac
1179 650 1345 683 persuaso
1368 640 1527 682 principe
1543 639 1579 671 in
1598 639 1741 672 exilium
1757 639 1909 679 ἀεὶ-εκεῖ»
1919 638 1939 671 ¹·

7 743 26 790 ἶ,
81 748 283 791 episcopum
307 748 529 787 catholicum,
553 746 692 781 nomi'ne
714 747 889 786 Mennam,
914 758 979 780 nec
1003 747 1128 780 multos
1150 753 1230 790 post
1252 747 1327 780 dies
1349 746 1509 790 pontifex
1525 745 1619 789 apud
1644 747 1802 779 eamdem
1818 746 1939 779 urbem

81 801 178 841 obiit,
202 802 298 834 cuius
322 812 448 844 corpus
472 802 620 835 Romam
645 801 843 835 translatum
866 801 1039 844 sepultum
1063 806 1115 834 est
1136 801 1173 833 in
1196 800 1346 833 ecclesia
1369 800 1460 833 beati
1483 799 1580 832 Petri
1593 799 1617 832 ².

14 845 58 888 ³³0
166 854 267 888 Huic'
283 854 452 887 suecessit
474 855 509 887 in
532 854 735 897 pontificatu
757 853 937 892 Siluerius,
961 853 1103 886 natione
1135 853 1325 891 Romanus,
1349 864 1393 885 ex
1415 859 1514 895 patre
1548 853 1735 886 Hormisda
1759 852 1939 896 episcopo,

79 907 240 952 seditque
265 918 356 941 anno
380 918 461 947 uno,
484 907 660 941 mensibus
683 918 718 941 v.
763 907 834 940 Hic
856 907 987 951 primus
1009 913 1090 950 post
1114 907 1216 940 beati.
1232 907 1391 940 Siluestri
1415 913 1584 949 tempora,
1608 907 1681 939 sine
1696 907 1869 950 imperiali
1886 918 1938 939 as-

77 972 192 1002 sensu,
216 962 408 995 Gothorum
432 972 536 994 manu
566 968 618 994 est
648 961 823 994 ordinatus
848 961 1048 1004 episcopum
1080 959 1282 994 Theodatus
1305 961 1477 1004 siquidem
1510 960 1702 993 Gothorum
1733 971 1796 993 rex
1826 961 1936 1000 Italie,

77 1015 181 1048 talem
198 1015 323 1049 indixit
337 1016 375 1047 in
391 1015 486 1048 clero
502 1015 671 1055 timorem,
687 1020 725 1047 ut
740 1014 800 1058 qui
817 1025 888 1048 non
903 1014 1127 1054 consentiret,
1150 1014 1268 1058 gladio
1291 1014 1472 1057 puniretur
1483 1013 1506 1047 ³.
1555 1019 1570 1030 ⁸
1586 1014 1801 1057 justinianus
1824 1020 1938 1047 autem

1 1105 4 1107 μ
83 1068 316 1102 “Beliearium
338 1068 522 1112 patricium
550 1068 667 1102 multis
696 1068 764 1100 iam
794 1067 913 1111 preliis
937 1068 1123 1112 gloriosum
1155 1068 1324 1100 aduersus
1354 1067 1577 1101 Theodatum
1609 1067 1740 1112 dirigit,
1763 1074 1801 1101 ut
1832 1069 1936 1101 etiam

82 1124 96 1140 ‘⁸
109 1121 244 1155 Italiam
269 1132 288 1154 a
313 1121 506 1155 Gothorum
529 1121 668 1155 seruitio
691 1120 856 1154 liberaret
869 1121 913 1161 „⁴.
959 1121 1099 1154 Interea
1119 1127 1254 1168 mortuo
1270 1120 1468 1160 Theodato,
1491 1120 1526 1152 in
1551 1120 1629 1154 loco
1652 1120 1724 1154 eius
1748 1121 1936 1166 Guittingis

6 1171 20 1179 '¹
76 1175 270 1209 Gothorum
287 1185 349 1208 rex
364 1174 548 1208 successit.'
578 1174 792 1217 ‘Bellisarius
807 1175 923 1218 itaque
938 1185 1005 1218 per
1019 1174 1176 1208 Siciliam
1192 1175 1259 1208 iter
1275 1174 1412 1207 faciens
1438 1174 1475 1207 in
1490 1170 1716 1217 Campaniam
1734 1175 1780 1208 ad
1795 1175 1934 1219 Neapo-

22 1226 25 1230 ’
75 1228 135 1261 lim
158 1229 265 1268 uenit,
295 1230 426 1272 “quem
449 1228 671 1271 Neapolitani
696 1228 792 1261 ciues
815 1229 980 1272 excipere
1003 1228 1199 1267 noluerunt,
1224 1227 1349 1271 quibus
1371 1227 1571 1272 indignatus
1594 1228 1639 1261 ad
1664 1228 1816 1261 eiusdem
1840 1228 1936 1261 urbis

21 1291 27 1301 ⁸
79 1282 396 1326 “expugnationem
419 1283 499 1316 totis
522 1292 559 1315 se
589 1281 720 1314 uiribus
751 1281 872 1322 erexit,
904 1282 1157 1326 aliquantisque
1189 1281 1327 1315 fortiter
1357 1282 1593 1326 impugnatam
1623 1281 1757 1321 diebus,
1781 1283 1934 1316 tamdem

80 1335 282 1369 “ciuitatem
306 1346 369 1379 per
391 1335 461 1369 uim
485 1336 637 1378 capiens,
661 1335 836 1379 ingressus
852 1341 914 1375 est,
930 1341 1024 1368 tanta
1040 1346 1110 1369 non
1126 1335 1236 1368 solum
1260 1335 1295 1367 in
1320 1335 1453 1375 Gothis,
1471 1335 1529 1378 qui
1553 1334 1603 1368 ibi
1619 1334 1854 1375 morabantur,
1871 1337 1935 1370 sed

4 1401 7 1404 ⁴
36 1395 43 1402 ’“
79 1391 98 1433 “A
107 1389 211 1422 etiam
233 1390 270 1421 in
295 1390 390 1422 ciues
412 1390 465 1421 ira
489 1389 636 1428 deseuit,
660 1394 697 1422 ut
719 1399 788 1422 non
813 1389 907 1428 etati,
923 1400 993 1422 non
1009 1389 1115 1427 sexui,
1132 1395 1308 1431 postremo
1333 1399 1402 1422 non
1426 1388 1754 1429 sanctimonialibus,
1777 1390 1834 1422 uel
1851 1390 1934 1433 ipsis

79 1444 94 1461 ‘⁶
106 1433 345 1476 sacerdotibus
368 1443 471 1475 etiam
496 1448 673 1485 parceret3
690 1442 785 1475 uiros
800 1442 836 1474 in
853 1448 1045 1485 conspectu
1062 1442 1245 1486 coniugum
1268 1442 1508 1475 miserabiliter
1529 1443 1714 1485 perimens,
1731 1444 1934 1486 superstites

75 1496 91 1513 ⁸
105 1501 243 1542 matres,
266 1506 308 1528 ac
332 1495 463 1529 liberos
487 1495 696 1538 captiuitatis
720 1495 800 1539 iugo
825 1495 984 1533 abduxit;
1009 1502 1135 1529 cuncta
1158 1495 1290 1538 rapinis
1313 1495 1491 1538 ditipiens,
1520 1497 1677 1529 ecclesias
1699 1496 1802 1529 etiam
1826 1500 1931 1541 expo-

20 1544 22 1546 *
78 1550 93 1567 ⁴⁶
106 1549 207 1582 h'uuit
217 1549 239 1582 ⁵.
285 1549 420 1582 Dehinc
443 1548 592 1581 Romam
608 1548 819 1591 properauit,
836 1559 904 1592 quo
920 1549 1094 1581 ciuitatem
1117 1548 1286 1592 ingresso,
1311 1548 1430 1587 Gothi,
1455 1549 1514 1592 qui
1537 1549 1573 1580 in
1597 1549 1682 1582 urbe
1699 1550 1931 1591 morabantur,

1 1633 4 1634 γ
78 1604 212 1636 “noctu
235 1603 366 1647 egressi
398 1602 605 1635 Rauennam
631 1602 846 1645 confugiunt.
894 1601 1088 1646 Guittingis>
1106 1607 1219 1634 autem
1250 1613 1331 1635 mox
1354 1602 1521 1635 aduersus
1544 1602 1748 1635 Belisarium
1780 1602 1929 1637 Romam

77 1658 91 1674 ‘⁴
105 1665 184 1689 cum
208 1656 340 1700 ingenti
363 1656 558 1689 Gothorum
582 1655 737 1688 exercitu
759 1654 865 1688 uenit.
911 1655 1096 1688 Belisarius
1121 1666 1190 1688 non
1205 1661 1322 1698 aptum
1350 1661 1487 1698 tempus
1510 1655 1574 1689 sibi
1598 1655 1754 1689 bellandi
1777 1657 1894 1702 uidens
1906 1657 1927 1700 ⁸,

17 1716 27 1735 :
77 1711 92 1728 ‘⁶
103 1710 194 1743 intra
215 1709 311 1742 urbis
333 1720 369 1742 se
386 1709 503 1741 menia
519 1708 640 1741 clausit
652 1733 682 1748 „.
729 1708 887 1752 Cumque
903 1719 969 1751 per
983 1701 1088 1741 unum
1105 1720 1232 1741 annum
1250 1709 1355 1742 Gothi
1379 1709 1530 1742 Romam
1548 1709 1772 1749 obsedissent,
1790 1711 1928 1744 demum

69 1763 180 1797 territi
202 1763 409 1796 Rauennam
431 1761 621 1795 redierunt.
673 1763 687 1779 ‘⁴
701 1761 886 1795 Belisarius
908 1773 993 1795 uero
1009 1762 1195 1805 Neapolim
1219 1762 1455 1805 proficiscens,
1479 1772 1636 1806 eamque,
1660 1769 1763 1805 prout
1787 1761 1929 1807 compe-

14 1810 21 1834 ἶ
75 1817 208 1856 “tebat,
233 1817 407 1855 ordinans,
430 1815 680 1854 reconciliauit,
704 1815 965 1859 ordinatamque
989 1816 1202 1860 relinquens,
1226 1816 1376 1849 Romam
1400 1816 1576 1860 ingressus
1600 1816 1707 1857 est„⁷.

17 1908 20 1909 ⁷
158 1870 296 1903 Interea
318 1868 486 1902 Siluerius
507 1879 601 1911 papa
623 1868 748 1902 fraude
771 1867 896 1912 Uigilii
928 1867 1184 1902 archidiaconi'
1208 1869 1271 1908 sui,
1295 1869 1354 1912 qui
1377 1869 1716 1911 Constantinopolim
1740 1875 1824 1903 tunc
1854 1872 1929 1904 eius

8 1912 39 1951 νῘἸ
70 1922 302 1966 apocrisarius
324 1927 398 1955 erat
411 1921 433 1960 ⁸,
457 1932 502 1954 ex
523 1926 692 1964 precepto
715 1921 902 1954 Theodore
925 1920 1083 1966 Auguste
1114 1932 1178 1964 per
1202 1922 1357 1955 eiusdem
1381 1921 1503 1966 Uigilii
1526 1923 1796 1966 suggestionem,
1828 1924 1931 1958 exilio

14 1992 16 1994 v
68 1977 162 2020 apud
185 1974 418 2017 Pontia[na]m
440 1974 588 2007 insulam
618 1974 821 2016 deportatus
844 1980 895 2007 est
902 1987 911 2014 3
943 1974 1060 2018 ibique
1091 1985 1182 2018 pane
1212 1974 1445 2009 tribulationis
1467 1981 1503 2009 et
1526 1986 1616 2018 aqua
1648 1977 1804 2020 angustie
1835 1977 1928 2011 Con-

7 2019 18 2076 J
68 2031 180 2063 sessor
203 2034 357 2062 mortuus
380 2034 443 2068 est,
466 2037 508 2061 eo
531 2028 626 2071 quod
649 2038 817 2061 reuocare
840 2027 1006 2061 noluisset
1025 2028 1230 2061 Anthimum
1247 2029 1670 2072 Constantinopolitanum
1694 2041 1715 2062 a
1739 2030 1928 2073 predeces-

4 2083 18 2129 J¹
67 2094 146 2117 sore
169 2093 231 2116 suo
254 2081 592 2115 excommunicatum
604 2079 627 2114 ⁹.

13 2133 15 2136 ⁴
156 2136 248 2169 Huic
271 2136 388 2179 itaque
406 2134 565 2179 Uigilius,
581 2135 722 2168 natione
737 2135 918 2169 Romanus
933 2146 976 2168 ex
991 2142 1089 2179 patre
1115 2136 1256 2169 consule
1281 2137 1447 2175 Iohanne,
1471 2136 1637 2170 successit
1653 2137 1688 2169 in
1704 2138 1925 2180 pontificatus

16 2290 18 2295 Ι
160 2267 181 2284 1.
202 2259 280 2284 mina
302 2258 327 2283 0
343 2271 375 2276 —
396 2265 419 2292 5.
433 2258 607 2284 Anthemum
624 2258 647 2283 C
663 2271 695 2276 —
717 2257 740 2283 6.
761 2259 933 2284 comunione
957 2259 980 2283 C
996 2272 1029 2278 —-
1049 2265 1072 2291 7.
1093 2260 1231 2285 catholici
1249 2259 1392 2293 principis
1410 2259 1475 2284 G·-
1490 2260 1514 2284 8.
1528 2260 1604 2293 apud
1623 2260 1719 2285 eadem
1739 2261 1836 2285 urbem
1859 2261 1882 2285 C
1894 2275 1927 2280 —-

3 2310 11 2328 γ·
68 2311 94 2336 9.
113 2301 205 2327 Roma
221 2300 287 2325 0-
305 2306 392 2326 11-12.
405 2307 521 2326 ascensu
537 2300 561 2325 C
572 2314 603 2318 —
621 2307 660 2325 12.
674 2300 874 2326 Theodahatus
887 2301 914 2326 B
931 2314 942 2319 -
960 2301 1046 2326 Italic
1063 2309 1157 2326 manca
1169 2303 1199 2326 in
1216 2302 1282 2326 0-
1300 2309 1339 2335 ι5,
1353 2302 1473 2327 seruicia
1490 2301 1528 2330 C,-
1541 2302 1660 2327 seruitio
1680 2303 1740 2326 AB
1754 2316 1785 2321 —
1803 2309 1842 2336 17.
1856 2304 1927 2329 Nea-

2 2335 12 2354 ”’
68 2344 158 2379 polim
173 2344 249 2368 ciues
272 2342 296 2367 C
312 2355 346 2362 —
367 2341 407 2367 18.
426 2344 471 2368 tot
489 2350 519 2367 se
536 2343 647 2367 uiribus
667 2357 699 2362 —
720 2350 761 2368 21.
780 2345 867 2368 etiam
888 2343 1082 2369 sacerdotibus
1106 2343 1129 2368 C
1145 2357 1178 2362 —
1199 2351 1241 2369 22.
1259 2344 1358 2370 blandi
1383 2344 1406 2368 C
1421 2358 1454 2363 —
1477 2349 1517 2376 27.
1533 2344 1712 2378 proficissens
1728 2345 1751 2368 C
1768 2358 1800 2363 —
1822 2352 1864 2378 29.
1877 2335 1927 2378 qui

2 2378 11 2420 ,¹
68 2385 308 2419 Costantinopoll
331 2384 356 2410 C
371 2398 404 2403 -—
425 2391 466 2418 30.
486 2385 688 2418 Apocrisarius
711 2385 734 2410 C
751 2398 759 2404 -
779 2386 991 2419 suggestionem
1010 2386 1166 2411 monachus
1187 2386 1278 2411 factus
1302 2386 1326 2410 C
1342 2401 1374 2405 —
1396 2393 1437 2418 31-
1458 2387 1492 2411 ad
1513 2387 1685 2411 Pontianam
1706 2387 1830 2412 insulam
1853 2388 1876 2412 C
1892 2401 1926 2407 —

6 2423 16 2457 ²,
67 2436 110 2462 33.
129 2428 377 2454 excomunicatum
399 2426 423 2452 C

155 2516 162 2533 ¹
183 2517 307 2546 PAULUS.
326 2516 415 2546 XVII,
434 2522 509 2542 1111:
528 2518 619 2550 coegit.
1021 2517 1186 2550 expoliandx's
1203 2519 1346 2547 abstinuit,
1365 2526 1418 2543 con
1440 2519 1485 2542 cui
1504 2518 1595 2543 Paolo
1609 2519 1710 2543 chlude
1724 2518 1746 2543 il
1760 2519 1923 2552 paragrafo.

4 2585 6 2589 ,
20 2579 23 2581 Α
154 2558 165 2575 ²
185 2559 214 2584 L.
228 2559 272 2587 P..
283 2559 304 2588 1.
318 2566 345 2593 p.
359 2558 419 2584 288.
432 2559 485 2584 Nel
497 2558 570 2584 Cod.
580 2559 644 2584 Vat.
658 2558 737 2591 4961,
750 2566 829 2584 come
839 2559 968 2585 riferisce
1109 2557 1121 2575 ⁶
1139 2560 1225 2589 luen,
1246 2560 1261 2593 5
1279 2560 1366 2592 xvn,
1386 2568 1433 2594 pp.
1447 2566 1496 2585 221
1512 2568 1526 2585 e
1541 2566 1607 2585 222:
1624 2561 1679 2585 slot
1689 2560 1810 2585 bellandi
1819 2563 1924 2592 tempus

5 2607 14 2612 ⁶
67 2601 89 2627 ii
108 2602 258 2627 Duchesne
277 2600 315 2634 (n.
336 2600 364 2634 8)
382 2601 429 2626 dal
449 2601 587 2630 Maassen,
607 2601 632 2626 st
651 2601 687 2626 ha
706 2609 744 2626 un
763 2601 911 2634 Exemplar
932 2602 966 2626 ll·
1020 2602 1149 2627 coniciens
1159 2602 1234 2626 {ntra
1244 2603 1325 2627 urbis.
1335 2620 1341 2627 .
1351 2620 1373 2627 ..
1386 2603 1447 2627 dice
1458 2602 1556 2627 Paolo.
1576 2601 1620 2627 Cf.
1633 2609 1701 2636 pure
1712 2601 1741 2627 L.
1755 2602 1922 2631 R,1oc.c1t.

17 2663 19 2665 v
65 2643 130 2668 bem
146 2643 260 2668 Mem-ae
274 2643 425 2676 preaebytm·
442 2651 472 2668 ac
485 2643 639 2672 xenodochi,
652 2644 703 2675 qui
711 2642 807 2673 factus
822 2647 861 2669 est
872 2645 967 2677 ept‘sco-
1109 2642 1120 2659 ⁷
1139 2643 1264 2674 PAULUS,
1284 2644 1358 2676 XVI,
1377 2651 1465 2670 xv111.

4 2680 10 2702 f
26 2701 34 2710 .
61 2687 116 2717 pue
137 2685 443 2717 Constantinopolitanus
454 2686 501 2710 sub
515 2686 557 2710 die
570 2684 620 2710 III
632 2686 670 2711 id.
689 2688 781 2714 mart..
800 2686 899 2711 iterum
907 2690 967 2719 post
1108 2684 1119 2701 ⁸
1138 2685 1167 2710 L.
1186 2686 1230 2715 P..
1248 2686 1268 2716 1,
1289 2693 1315 2720 p.
1336 2693 1402 2719 29²²
1425 2688 1498 2712 Tunc
1516 2689 1574 2711 erat
1592 2686 1708 2718 Vigilius
1725 2686 1852 2711 dlaconus
1862 2689 1924 2718 apo-

3 2734 15 2764 2„
69 2727 242 2752 comulatam
261 2726 375 2752 halim·
392 2727 448 2753 Iun.
469 2736 495 2753 u.
514 2735 535 2753 c.
557 2727 646 2760 [536]
1019 2728 1148 2753 crisart'us
1159 2729 1190 2753 ln
1203 2728 1470 2762 Constantinopolim,
1482 2733 1528 2754 etc.
1549 2729 1632 2754 Tutti
1642 2729 1734 2761 questi
1746 2728 1814 2753 fatti
1827 2729 1852 2753 si
1864 2730 1922 2753 tro-

154 2767 165 2784 ³
183 2768 270 2798 hau,
284 2767 305 2797 1,
319 2776 346 2802 p.
362 2775 428 2802 290:
440 2769 508 2794 sedit
519 2777 562 2794 on.
578 2769 596 2793 l
604 2776 684 2793 mens.
703 2769 729 2792 V
742 2769 798 2794 dies
816 2769 865 2795 XI.
889 2770 902 2784 α
912 2771 966 2795 Hic
1019 2778 1095 2795 vano
1114 2778 1182 2804 pure
1196 2771 1227 2795 in
1241 2770 1464 2801 Manesumus,
1487 2771 1614 2796 chronici
1624 2771 1735 2799 contin„
1749 2771 1784 2796 ad
1799 2778 1843 2796 an.
1856 2777 1921 2804 537;

10 2812 15 2820 ‘¹
67 2810 202 2836 “levatus
222 2812 265 2836 est
283 2818 300 2835 a
319 2812 442 2843 tyranno
456 2810 605 2836 Theodato
619 2811 681 2835 sine
700 2811 906 2838 deliberatione
920 2813 965 2838 de·
1019 2812 1195 2842 Pnocomus,
1215 2813 1282 2838 Bell.
1306 2814 1396 2842 Goth..
1414 2814 1435 2843 Ι,
1457 2821 1470 2839 2
1476 2820 1503 2846 53
1524 2821 1569 2839 ma
1583 2811 1635 2847 pii:
1655 2813 1872 2839 distintamente
1891 2814 1922 2838 in

20 2872 21 2875 ,
44 2884 46 2886 ‚
68 2852 81 2866 “
92 2854 173 2878 creti.
209 2851 267 2882 Qui
287 2852 460 2882 Theodatus.
479 2854 630 2886 corruptus
649 2854 784 2886 pecunias
803 2853 909 2884 datum,
922 2856 965 2880 ta·
1018 2854 1196 2884 ansnArus,
1215 2855 1307 2885 Brev„
1327 2862 1367 2884 22,
1388 2856 1533 2888 riportato
1554 2863 1602 2888 per
1622 2856 1717 2881 intero
1737 2855 1784 2881 dal
1803 2855 1922 2881 Ducim-

68 2895 147 2920 “lem
166 2896 299 2921 tirnorem
320 2895 437 2920 induxit
454 2895 530 2920 clero
545 2897 577 2920 ut
596 2897 643 2928 qui
665 2903 724 2920 non
744 2897 920 2922 consentiret
934 2899 963 2922 in
1018 2903 1081 2926 sus,
1100 2897 1121 2927 Ι,
1141 2905 1167 2931 p.
1188 2904 1239 2931 ²94
1258 2906 1307 2932 sg.,
1330 2900 1400 2923 nota
1423 2898 1464 2923 18.

67 2936 178 2963 “huius
197 2938 413 2963 ordinationem
433 2938 533 2971 gladio
552 2939 735 2971 puniretur„.
1105 2939 1117 2956 ⁰
1136 2948 1155 2965 R
1173 2941 1285 2974 attinge
1305 2941 1573 2967 simultaneamente
1592 2949 1607 2965 a
1623 2941 1747 2970 mutus,
1768 2941 1822 2966 loc.
1843 2943 1893 2967 cit.
1907 2949 1921 2966 e

153 2978 164 2996 ⁴
182 2979 307 3009 Pauws,
327 2980 401 3008 XVI.
421 2986 469 3010 xv,
489 2987 516 3013 p.
537 2986 597 3006 221.
1017 2982 1044 3007 al
1063 2982 1143 3007 Ltbur
1159 2982 1338 3015 anttficolis,
1358 2983 1524 3017 prendendo
1552 2984 1643 3008 intere
1663 2983 1730 3009 frasi
1754 2983 1887 3009 dall’uno
1907 2991 1921 3008 e

154 3020 166 3038 ⁵
185 3021 271 3051 luxu.
285 3022 359 3051 XVI,
373 3028 434 3051 xv1,
447 3029 467 3046 n
481 3023 560 3049 varia
574 3030 619 3047 nec
631 3031 648 3047 a
666 3023 837 3048 sacrosanctis
854 3023 966 3052 ecclesiis
1019 3024 1177 3051 dall’altro.
1565 3037 1568 3040 >

225 3137 259 3163 T.
279 3137 338 3168 vn,
357 3146 383 3172 p.
403 3144 415 3163 1
435 3151 467 3157 ·—
487 3136 511 3164 8.

82 692 306 728 Beatissimus
328 705 466 739 quoque
489 695 673 739 Agapitus,
689 705 731 727 ex
753 700 876 739 rogatu
891 693 1004 737 ipsius
1015 694 1194 737 principis,
1211 693 1376 726 catholici
1394 693 1613 726 consecrauit
1634 692 1670 725 in
1686 693 1765 726 loco
1781 691 1940 725 Anthimi
1963 709 1975 733 ι(

1971 248 2086 274 Mun-,cm
2095 251 2181 274 ιιι-ιη

2018 440 2040 456 c.
2054 438 2097 458 157
2106 435 2119 454 b

1963 682 2079 707 Agapitus
2089 684 2151 708 papa

1989 715 2010 729 a.
2026 709 2052 730 C.
2068 711 2107 734 536

1963 843 2077 864 Siluerius
2087 845 2149 869 papa

1963 876 1984 891 a.
2001 871 2027 891 C.
2044 871 2132 896 ⁵³6-537

2011 1193 2032 1207 c.
2047 1187 2090 1211 158
2097 1193 2112 1207 a

2003 1889 2024 1905 c.
2042 1883 2102 1907 13δό

1951 2130 2052 2155 Uigilius
2065 2134 2126 2156 papa

1948 2163 1970 2177 a·
1986 2158 2011 2178 C·
2027 2163 2118 2184 5³7-555

1953 2567 1986 2585 20

1951 2992 1985 3019 30
