2398 3470
224 234 300 259 Mun„
311 240 345 256 ec.
356 240 418 260 ³³5⁴

343 1302 364 1317 C.
380 1301 427 1321 75AE

345 1996 365 2011 c.
381 1990 428 2016 7³⁶

402 2791 435 2810 10

403 2998 434 3025 15

465 220 515 257 50
1047 216 1338 254 ROMUALDI
1365 214 1734 252 SALERNITANI
2068 219 2152 256 [ΛΑ.
2168 222 2202 250 c.
2216 222 2326 257 34-60]

461 351 673 390 destituerit3
697 356 851 390 matrem,
875 350 1032 390 fratrem,
1056 359 1219 387 sororem,
1244 357 1363 381 omnes
1387 353 1566 391 cognatos,
1589 352 1625 380 et
1647 346 1863 390 propinquos
1879 351 2015 380 ceteros
2030 346 2099 380 fine
2115 346 2325 380 hesitatione

460 402 650 447 prostrauit
659 402 680 442 ¹,
704 412 870 445 suumque
894 402 1094 446 magistrum
1119 400 1292 434 Senecam
1314 409 1452 432 ueneno
1476 398 1616 432 necauit
1628 399 1650 432 ².

1051 535 1177 567 Pium
1200 541 1424 566 PERSECUTIO
1447 541 1487 564 m
1508 531 1726 565 Eccmzsnss.

553 628 619 661 [ste
643 627 774 670 primus
795 627 911 660 Rome
935 626 1149 659 Christianos
1172 624 1351 667 suppliciis
1374 629 1410 656 et
1432 623 1599 657 mortibus
1622 623 1756 663 affecit,
1773 635 1816 657 ac
1833 634 1898 667 per
1922 635 2042 657 omnes
2065 624 2161 657 orbis
2182 625 2326 667 prouin-

462 681 533 714 cias
555 680 631 724 pari
653 680 897 724 persecutione
920 679 1114 712 excruciari
1138 678 1253 711 edicto
1283 677 1483 719 imperauit:
1517 678 1679 720 ipsosque
1711 683 1896 721 extyrpare
1928 683 2084 717 conatus,
2112 677 2327 711 beatissimos

460 733 590 768 Christi
613 733 787 777 apostolos
810 733 951 766 Petrum
975 742 1090 772 cruce,
1114 731 1259 764 Paulum
1282 730 1401 775 gladio
1425 730 1556 764 occidit
1567 731 1590 764 ⁴.

1267 828 1501 872 [lieronymus
1507 841 1518 862 .-

550 914 677 947 Paulus
699 913 871 956 siquidem
894 913 968 956 ipse
992 913 1115 946 eodem
1139 920 1242 951 anno,
1266 920 1335 953 quo
1358 910 1530 943 Dominus
1552 921 1674 953 passus
1696 916 1759 950 est,
1783 911 1973 957 interfecto
2005 910 2184 954 Stephano
2207 911 2326 944 diaco-

462 977 584 1000 norum
607 967 768 1006 maximo,
793 966 837 1000 ad
859 967 972 999 Deum
997 975 1194 1003 conuersus
1218 963 1393 996 Christum
1424 963 1608 1006 predicare
1640 963 1743 1007 cepit.
1790 965 1836 998 Et
1865 971 1945 1007 post
1968 975 2079 997 annos
2102 970 2173 998 tres
2196 975 2217 998 a
2240 974 2326 998 con-

463 1019 622 1053 uersione
645 1031 705 1052 sua
727 1019 825 1052 uenit
848 1018 1127 1063 Hierusolymam
1150 1017 1271 1049 uidere
1294 1016 1448 1055 Petrum,
1465 1017 1660 1060 mansitque
1684 1028 1763 1050 cum
1781 1027 1823 1050 eo
1847 1017 1970 1050 diebus
1986 1027 2037 1050 xv
2051 1023 2090 1050 ut
2106 1017 2182 1062 ejus
2204 1023 2325 1051 aucto-

462 1073 563 1106 ritate
586 1072 704 1112 fultus,
728 1072 836 1106 libere
859 1078 974 1115 posset
996 1071 1140 1104 uerbum
1163 1070 1231 1102 Dei
1254 1069 1411 1102 ecclesiis
1433 1069 1628 1112 predicare.
1676 1071 1813 1103 Deinde
1837 1076 1916 1113 post
1940 1081 2048 1104 annos
2071 1081 2136 1103 xw
2152 1076 2326 1115 assumpto

461 1125 630 1166 Barnaba,
655 1131 689 1158 et
712 1126 807 1165 Tito,
831 1126 953 1158 iterum
976 1125 1071 1158 uenit
1093 1123 1385 1168 Hierusolymam,
1410 1123 1573 1156 deferens
1596 1134 1713 1157 secum
1737 1125 1956 1168 euangelium
1972 1135 2080 1165 suum,
2097 1125 2193 1168 quod
2208 1125 2327 1158 intitu-

466 1179 555 1211 latur
578 1179 768 1212 secundum
791 1179 936 1219 Lucam,
958 1184 996 1211 ut
1020 1188 1099 1210 cum
1122 1177 1297 1220 apostolis,
1321 1177 1539 1220 maximeque
1562 1187 1641 1211 cum
1664 1177 1770 1210 Petro
1794 1178 2029 1220 apostolorum
2051 1178 2214 1222 principe
2230 1189 2327 1211 suam

464 1232 639 1265 conferret
662 1232 919 1269 auctoritatem
945 1231 1063 1274 sicque
1088 1231 1223 1263 illorum
1248 1230 1456 1263 auctoritate
1479 1230 1663 1263 roboratus
1695 1231 1916 1275 euangelium
1947 1242 2044 1264 suum
2075 1231 2237 1265 ecclesiis
2260 1232 2327 1264 Dei

463 1296 526 1329 per
547 1284 672 1318 totum'
696 1285 875 1330 Illyricum
892 1285 1094 1328 Italiamque
1113 1283 1244 1317 Gallias
1260 1294 1398 1328 quoque
1424 1290 1460 1317 et
1482 1294 1592 1327 usque
1609 1284 1809 1328 Hyspanias
1825 1284 2075 1318 disseminauit.
2122 1285 2195 1319 Sed
2214 1286 2326 1329 prius—
2379 1293 2382 1313 ῖ

461 1350 563 1383 quam
587 1339 624 1371 in
646 1339 841 1384 Hyspanias
864 1339 941 1378 iret,
965 1339 1115 1372 Romam
1140 1349 1160 1370 a
1183 1338 1289 1370 Festo
1312 1338 1452 1381 preside
1484 1338 1609 1371 ductus
1635 1345 1688 1372 est
1710 1339 1866 1372 secundo
1890 1339 2027 1382 imperii
2051 1339 2202 1373 Neronis
2224 1350 2326 1373 anno.

463 1392 681 1426 Duodecimo
704 1398 819 1425 autem
842 1392 998 1436 ejusdem
1022 1391 1173 1425 Neronis
1196 1401 1300 1431 anno,
1325 1391 1482 1424 secundo
1506 1391 1658 1424 Romam
1681 1392 1787 1424 uenit.
1834 1392 1960 1425 Petrus
1982 1402 2068 1425 uero
2091 1393 2327 1436 apostolorum
2379 1385 2390 1430 s

461 1447 624 1489 princeps
647 1446 736 1478 filius
758 1446 912 1489 JoanniS,
935 1451 1117 1489 postquam
1140 1445 1289 1488 apostoli
1312 1445 1466 1490 singulas
1489 1446 1535 1478 ad
1558 1445 1814 1489 predicandum
1830 1446 1942 1479 sortiti
1967 1451 2046 1479 sunt
2067 1447 2242 1491 regiones,
2265 1447 2326 1480 hie
2383 1462 2387 1467 .

463 1499 717 1532 Antiochenam
740 1498 900 1532 fundauit
923 1498 1121 1538 ecclesiam,
1145 1498 1264 1541 ibique
1290 1498 1477 1541 episcopus
1500 1499 1682 1532 ordinatus
1698 1499 1792 1532 sedit
1806 1509 1916 1532 annos
1938 1509 2002 1532 vn.
2025 1500 2164 1533 Dehinc
2186 1510 2327 1534 succes-
2371 1496 2382 1514 ²

460 1563 537 1586 sore
560 1552 626 1585 sibi
647 1553 684 1585 in
705 1551 896 1585 Antiochia
919 1552 1090 1591 ordinato,
1114 1562 1293 1585 romanam
1318 1552 1514 1585 Ecclesiam
1537 1563 1598 1585 suo
1624 1553 1806 1586 decorauit
1836 1553 2050 1596 episcopatu.
2096 1553 2138 1586 In
2164 1564 2234 1598 qua
2263 1565 2328 1598 per

462 1616 537 1639 xxv
559 1617 678 1646 annos,
702 1611 738 1638 et
760 1616 896 1638 menses
918 1611 999 1646 tres,
1022 1617 1043 1638 a
1066 1612 1189 1649 quarto
1212 1605 1382 1639 uidelicet
1404 1605 1543 1639 Claudii
1567 1617 1671 1647 anno,
1693 1617 1804 1650 usque
1828 1607 1873 1640 ad
1895 1607 2052 1639 ultimum
2083 1607 2236 1641 Neronis
2264 1617 2327 1641 an-
2377 1627 2379 1629 ·

463 1671 542 1692 num
567 1660 732 1699 residens,
757 1659 896 1702 scripsit
919 1660 1006 1693 duas
1028 1659 1204 1702 epistolas,
1229 1670 1296 1704 que
1320 1659 1497 1693 Canonice
1527 1660 1758 1699 nominantur,
1783 1666 1817 1694 et
1841 1660 2063 1704 euangelium
2086 1660 2219 1700 March
2244 1662 2326 1706 quia
2379 1676 2384 1694 t

461 1713 603 1746 Marcus
627 1712 816 1755 discipulus
838 1712 914 1757 ejus
936 1712 1012 1751 suit,
1037 1719 1072 1746 et
1094 1712 1184 1746 filius
1207 1713 1252 1746 de
1275 1712 1459 1756 baptismo.
1506 1714 1781 1757 Euangeliorum
1805 1724 1944 1757 quoque
1968 1713 2060 1753 libri,
2077 1725 2224 1758 quorum
2239 1714 2327 1748 alius
2381 1711 2383 1714 ¹

462 1766 644 1805 hebraicis,
667 1765 754 1799 alius
775 1767 900 1810 grecis,
924 1766 1010 1799 alius
1033 1766 1155 1799 litteris
1177 1766 1292 1800 latinis
1315 1767 1499 1810 compositi
1524 1767 1669 1808 fuerint,
1694 1767 1766 1812 ejus
1782 1773 1899 1800 tamen
1922 1774 2002 1801 suut
2015 1768 2215 1802 testimonio
2231 1779 2327 1803 com-

460 1820 605 1864 probati.
650 1819 908 1864 Constituitque
933 1820 1020 1853 duos
1043 1821 1227 1864 episcopos
1249 1821 1315 1854 sibi
1339 1821 1526 1865 adjutores,
1542 1821 1681 1862 Linum,
1698 1827 1733 1854 et
1748 1821 1886 1855 Cletum
1899 1821 1922 1861 ⁵,
1947 1833 2027 1856 cum
2043 1821 2168 1867 quibus
2189 1828 2327 1857 ceteros
2366 1837 2371 1855 ς

461 1874 643 1917 episcopos
674 1873 867 1907 ordinabat.
913 1873 981 1907 Hic
1004 1873 1165 1907 Marcum
1189 1873 1394 1917 episcopum
1425 1875 1591 1908 ordinans
1621 1875 1657 1908 in
1679 1874 1932 1909 Alexandriam
1954 1876 2058 1915 misit,
2083 1875 2327 1919 Apollinarem

458 1938 542 1960 uero
566 1927 782 1959 Rauennam.
827 1926 876 1960 At
899 1938 984 1960 uero
1008 1927 1224 1961 Clementem
1247 1937 1485 1961 successorem
1501 1928 1566 1961 sibi
1583 1929 1760 1962 constituit
1772 1927 1794 1961 ⁶.
1842 1929 1957 1969 Quem
1975 1939 2054 1962 cum
2069 1929 2106 1962 in
2122 1929 2326 1963 cathedram

466 1979 663 2020 collocaret,
685 1980 753 2013 hoc
777 1980 810 2013 ei
833 1980 1013 2013 decretum
1037 1981 1201 2024 imposuit
1225 1981 1362 2014 dicens:
1387 1981 1509 2015 Trado
1533 1981 1597 2015 tibi
1622 1987 1827 2025 potestatem
1852 1993 1874 2014 a
1895 1982 2060 2016 Domino'
2083 1982 2191 2016 michi
2218 1983 2326 2016 tradi-
2374 2000 2377 2002 -

461 2039 531 2066 tam
548 2033 689 2078 ligandi,
707 2038 810 2077 atque
827 2033 994 2067 solvendi.
1041 2034 1184 2078 Ligabis
1201 2035 1295 2078 quod
1311 2040 1460 2078 oportet,
1478 2035 1594 2069 solves
1610 2035 1706 2080 quod
1723 2035 1877 2079 expedit,
1893 2041 2068 2080 tamquam
2084 2035 2145 2080 qui
2161 2036 2207 2070 ad
2224 2035 2326 2080 liqui·
2397 2063 2398 2073 ,

462 2086 543 2119 dum
561 2086 709 2119 ecclesie
725 2086 865 2130 regulas
881 2087 1036 2120 noveris:
1061 2093 1097 2120 et
1112 2094 1149 2121 tu
1164 2088 1198 2120 in
1216 2088 1308 2121 curis
1330 2088 1442 2121 seculi
1458 2088 1598 2122 deditus
1613 2089 1755 2122 minime
1778 2089 1971 2132 reperiaris.
2017 2089 2101 2122 Tibi
2125 2095 2241 2123 autem
2258 2089 2325 2124 cri-
2355 2112 2358 2113 ν

461 2150 541 2172 men
557 2139 742 2182 impietatis
768 2146 829 2180 est,
853 2140 979 2180 studia,
995 2147 1030 2174 et
1044 2141 1299 2175 sollicitudines
1314 2143 1492 2185 suscipere
1517 2143 1709 2176 secolares:
1727 2143 1772 2176 ad
1788 2143 1857 2176 hoc
1873 2143 1966 2176 enim
1989 2143 2100 2176 solum
2117 2149 2262 2177 uocatus
2276 2154 2325 2184 es,
2362 2175 2364 2177 .
2387 2139 2389 2143 ’

461 2198 500 2226 ut
515 2198 723 2236 opportune,
739 2199 774 2226 et
789 2193 863 2227 sine
878 2194 1130 2228 intermissione
1148 2195 1278 2228 doceas
1292 2195 1440 2229 uerbum
1455 2195 1523 2228 Dei
1534 2195 1557 2229 ⁷.
1603 2196 1649 2229 Et
1664 2195 1750 2229 hinc
1766 2202 1846 2230 ante
1861 2196 1992 2239 pascha
2008 2196 2152 2230 Domini
2175 2197 2325 2240 quadra·
2364 2206 2368 2225 τ

551 2343 578 2369 3.
595 2339 755 2370 persecucio
779 2339 802 2363 C
819 2352 851 2357 ——
873 2345 897 2371 5.
920 2340 943 2364 C
958 2341 1111 2373 aggiunge:
1131 2341 1223 2367 tocius
1244 2355 1255 2361 -
1273 2343 1422 2375 ipsumque
1444 2342 1468 2367 C
1482 2356 1516 2361 —
1537 2343 1563 2369 8.
1582 2342 1645 2377 ipso
1670 2343 1694 2367 C
1710 2356 1743 2362 --
1766 2350 1807 2368 ιο.
1827 2342 2029 2375 jerusolimam
2053 2341 2117 2366 BC
2133 2357 2166 2362 -—
2188 2349 2229 2376 14·
2249 2344 2278 2368 In
2296 2343 2323 2368 B
2355 2365 2360 2381 «Γ
2381 2321 2385 2375 Ι

459 2389 571 2406 manca.-
590 2384 685 2414 slcque
705 2383 817 2408 illorum
837 2385 1008 2410 auctoritate
1029 2398 1060 2403 —
1084 2391 1124 2416 ις.
1143 2387 1235 2411 totam
1258 2387 1281 2410 C
1291 2399 1303 2405 -
1322 2386 1370 2412 Set
1388 2387 1415 2410 B
1427 2387 1451 2410 C
1467 2400 1501 2405 —-
1515 2392 1557 2412 22.
1571 2387 1673 2412 residit
1690 2387 1717 2411 B
1731 2401 1762 2406 —-
1776 2393 1819 2420 ²3·
1833 2386 1990 2419 discipulus
2009 2387 2096 2411 invaece
2115 2387 2146 2410 ax·
2161 2386 2236 2413 filius
2249 2388 2276 2412 B
2288 2400 2322 2407 -
2356 2403 2358 2405 >

461 2430 503 2456 24.
521 2424 634 2450 fuerant
651 2425 678 2449 B
691 2439 724 2444 —
739 2425 781 2451 26.
795 2427 975 2460 apolenarem
992 2428 1015 2452 C
1033 2442 1064 2446 —
1080 2429 1121 2455 28.
1138 2429 1208 2454 mihi
1221 2430 1247 2453 B
1261 2429 1284 2453 C
1294 2442 1328 2447 --
1343 2436 1385 2463 29.
1399 2431 1535 2463 tanquam
1549 2430 1576 2454 B
1589 2430 1612 2454 C
1627 2444 1660 2449 —
1675 2438 1718 2463 31.
1739 2430 1943 2456 sollicitudine
1961 2430 1985 2454 Α
2001 2445 2033 2448 —
2047 2436 2090 2462 3²·
2104 2432 2244 2465 oportune
2262 2432 2289 2456 B
2301 2431 2326 2456 C
2353 2449 2358 2452 .
2378 2446 2381 2461 2

548 2530 557 2548 ¹
577 2533 716 2564 Onosxus,
735 2534 797 2566 vn,
816 2539 843 2567 7,
864 2543 909 2568 1-9
927 2537 963 2559 ad
980 2536 1104 2562 litteram.
1416 2538 1445 2563 di
1464 2538 1618 2570 Clemente,
1637 2538 1688 2570 ΙΙΙ,
1708 2547 1733 2571 4,
1752 2547 1768 2572 9
1790 2538 1860 2572 (vol.
1879 2540 1929 2572 1v,
1949 2549 1977 2575 p.
2000 2540 2046 2574 87)
2064 2540 2142 2567 dicet
2161 2539 2176 2555 ⁴¹
2188 2540 2263 2566 ἀλλὰ
2274 2540 2324 2567 uzl-
2351 2540 2355 2544 ’
2376 2541 2379 2544 ”

548 2572 560 2590 ¹
579 2574 626 2600 Cf.
643 2582 672 2607 p.
691 2576 735 2608 48,
756 2576 824 2602 nota
842 2583 870 2609 9.
1417 2581 1432 2605 ὁ
1443 2581 1520 2613 Κλήμ
1539 2582 1553 2605 ς
1564 2582 1612 2612 τῆς
1624 2581 1745 2611 Ρωμαίων
1756 2584 1804 2607 ’καὶ
1819 2583 1897 2607 αὐτὸς
1910 2583 2062 2615 ἐκκλησίας
2075 2583 2164 2614 τρίτος
2176 2582 2324 2608 automno:
2374 2578 2379 2602 ’ἒ

546 2614 558 2632 ²
576 2617 651 2642 Beda
674 2625 749 2651 pone
772 2619 799 2644 la
827 2621 855 2644 ι8
873 2620 1071 2653 persecutione
1097 2622 1142 2646 nel
1168 2623 1260 2655 punto
1286 2622 1361 2648 dove
1416 2629 1519 2648 καταπ
1538 2623 1552 2647 C
1572 2623 1680 2648 namon
1705 2624 1830 2656 συνεργὸς
1853 2625 1902 2649 κπῐ
1919 2624 2086 2657 συναθλητὴς
2105 2625 2243 2657 γεγονῠναι
2257 2625 2324 2657 πρὸς
2354 2625 2373 2650 ᾝ

459 2657 536 2683 dice:
555 2658 664 2683 Primus
684 2659 756 2684 Nero
780 2663 842 2692 etc„
866 2661 1031 2695 riprodotto
1057 2662 1092 2688 da
1113 2670 1132 2688 R
1158 2664 1231 2689 uella
1255 2665 1363 2697 pagina
1416 2666 1497 2691 αὐτοῦ
1515 2669 1684 2698 μαρτυρεῖται
1696 2684 1720 2699 „.

461 2700 639 2732 precedente.
1505 2707 1516 2724 ⁷
1534 2709 1677 2739 Rusmus,
1688 2708 1780 2740 Frexes.
1790 2710 1827 2733 ad
1835 2709 1948 2742 Recogn.
1959 2709 2039 2735 Clem.
2051 2709 2231 2743 (patrologia
2240 2717 2322 2743 grae·
2351 2707 2358 2712 “
2370 2709 2375 2712 “

549 2740 561 2757 ⁴
581 2742 718 2775 OR081US,
737 2745 791 2770 loc.
809 2745 869 2775 cit„
888 2745 903 2777 g
925 2752 966 2771 10.
1415 2757 1447 2775 ca
1466 2750 1488 2782 1,
1507 2758 1534 2783 p.
1557 2750 1651 2783 1207)2
1671 2751 1747 2776 dice=
1767 2750 1781 2764 “
1793 2750 1882 2777 Cuius
1895 2752 1935 2777 rei
1948 2752 2022 2777 hane
2035 2753 2266 2785 accepimusesse
2278 2759 2322 2778 ra-
2348 2754 2370 2777 ἃ

548 2782 559 2798 ⁵
576 2785 712 2810 Eusebius
725 2786 807 2818 (Hist.
819 2786 929 2819 Eccles.)
942 2795 1000 2812 non
1015 2796 1140 2814 accenna
1153 2790 1251 2815 affatto
1265 2797 1282 2815 a
1304 2790 1363 2814 Cle-
1417 2791 1431 2805 ¹‘
1441 2791 1553 2817 tlonem
1572 2791 1647 2823 quod
1667 2791 1757 2817 Linus
1769 2793 1798 2817 et
1812 2791 1908 2816 Cletus
1921 2791 2040 2817 fuerunt
2051 2792 2166 2826 quidem
2179 2793 2246 2819 anve
2259 2792 2321 2819 Cle-
2362 2813 2363 2818 ,

461 2827 521 2852 tus,-
540 2826 569 2850 dl
581 2825 677 2855 Linus,
691 2827 766 2852 dice:
787 2828 800 2842 ⁸
812 2830 860 2860 τῆς
874 2829 902 2852 δε
915 2829 1054 2860 ιΡωμαίων
1073 2831 1223 2862 ἑκκλήσιας
1236 2832 1301 2862 μετὰ
1314 2832 1362 2863 τὴν
1417 2833 1431 2847 ⁸
1442 2834 1564 2858 mentem
1584 2834 1712 2867 episcopi
1732 2834 1764 2858 ln
1783 2834 1853 2859 urbe
1870 2835 1970 2865 Roma,
1989 2835 2037 2860 sed
2056 2835 2208 2867 superstite
2225 2835 2322 2866 Petro,
2350 2835 2351 2838 ’

462 2865 474 2878 ⁰
486 2866 609 2892 Πααὺλου
628 2875 675 2892 nm
688 2869 786 2899 Πέτρου
798 2871 940 2902 μαρτυρίαν
954 2872 1057 2902 πρῶτος
1069 2873 1218 2905 πληροῦται
1231 2874 1278 2905 τὴν
1291 2875 1362 2898 ento·
1417 2875 1431 2889 a
1443 2875 1573 2901 videlicet
1590 2877 1624 2901 ut
1643 2876 1684 2901 illi
1704 2877 1885 2909 episcopatus
1903 2883 1999 2902 curam
2017 2878 2155 2909 gererent,
2174 2876 2236 2911 ipse
2253 2884 2322 2904 vero
2342 2877 2347 2882 “

463 2907 573 2941 “northw
593 2910 671 2935 Λίνος
683 2930 705 2944 η.
725 2911 774 2943 111,
795 2919 820 2942 2,
843 2920 884 2944 xx,
910 2914 980 2940 ediz.
1001 2914 1134 2947 Dindorf,
1160 2916 1259 2950 Lipsia
1285 2916 1360 2949 1871,
1416 2918 1617 2952 “apostolatus
1636 2919 1764 2952 impleret
1789 2920 1912 2944 officium
1923 2937 1946 2952 „.
1984 2920 2025 2945 La
2051 2920 2138 2945 ste-sa
2162 2919 2343 2947 hantone.
2374 2939 2375 2943 ,

462 2952 518 2977 vol.
536 2951 586 2983 IV,
606 2960 633 2986 p.
655 2953 701 2986 84.
1416 2961 1442 2985 sl
1466 2960 1535 2985 vede
1559 2961 1666 2986 accolta
1685 2961 1775 2986 anche
1799 2961 1831 2986 in
1857 2962 2027 2993 Dvcnmxu,
2051 2961 2131 2986 Liber
2143 2961 2320 2995 Pontificum,
2348 2988 2351 2989 γ

550 2991 562 3010 ⁰
581 2995 724 3026 Eusebius,
745 3004 802 3021 non
822 2997 899 3029 parla
919 2998 948 3022 dl
975 2999 1071 3023 Marco
1089 3007 1104 3024 e
1122 2999 1153 3025 di
1180 3001 1362 3034 Apofflnareg
1415 3001 1438 3033 1,
1459 3008 1484 3034 3,
1507 3001 1555 3027 118
1572 3008 1588 3026 e
1608 3009 1667 3035 119,
1681 3010 1696 3027 e
1709 3003 1907 3035 specialmente
1921 3003 1993 3028 nella
2006 3004 2076 3028 nota
2089 3010 2114 3035 9,
2127 3002 2218 3029 dende
2230 3002 2269 3029 ho
2282 3003 2321 3028 ri-
2348 2997 2358 3037 ξ
