2398 3470
182 275 257 299 Mum,
269 281 302 297 cc.
315 281 400 300 213-214
417 265 490 300 264

246 563 293 581 ῑψτ.
311 563 334 581 15

207 722 254 741 apr.
272 718 295 736 16
309 720 330 737 et
346 722 368 741 17

239 1256 259 1270 c.
275 1249 334 1274 ²50⁶

240 1576 288 1596 apr.
303 1576 340 1592 ex.

1178 261 1492 298 CHRONICON
2032 268 2085 303 [Α.
2105 268 2140 298 c.
2160 271 2173 296 1
2182 269 2251 302 1⁷5]

415 388 591 419 hementer
613 385 768 422 afflictus,
792 395 859 418 non
883 385 1004 417 ualens
1026 384 1115 417 ultra
1137 383 1310 427 progredi,
1333 393 1370 416 se
1392 383 1482 416 intra
1505 388 1618 416 castra
1639 383 1775 427 recepit
1790 383 1811 416 ¹.
1856 384 2042 419 Lombardi
2073 392 2186 419 autem
2219 391 2253 418 et

416 440 483 478 alii,
506 439 564 482 qui
587 437 673 471 cum'
696 437 940 471 Alexandrinis
967 438 1242 475 coniurauerant,
1273 436 1498 479 oppressione
1528 436 1677 469 ciuitatis
1707 437 1858 480 cognita,
1887 447 2013 482 magna
2041 438 2186 472 militum
2217 445 2253 472 et

414 493 571 536 peditum
594 491 809 524 multitudine
833 496 1058 535 congregata,
1088 489 1133 523 ad
1163 489 1238 522 eius
1267 489 1507 522 liberationem
1537 489 1701 522 festinare
1733 496 1912 533 ceperunt,
1942 497 1977 524 et
2006 492 2161 525 secundo
2193 492 2253 525 die

416 551 492 589 post
513 545 643 588 pascha
666 544 761 577 circa
782 542 1029 576 Alexandriam
1053 549 1166 576 castra
1188 542 1306 576 metati
1329 549 1417 575 sunt.
1464 542 1545 582 Quo
1569 542 1721 587 cognito,
1743 542 1931 586 imperator
1953 544 2004 577 eis
2026 544 2175 584 obuiam,
2197 557 2252 578 re-

415 599 498 632 licta
521 597 669 631 ciuitatis
693 596 885 636 obsidione,
909 596 1070 639 perrexit.
1116 595 1272 638 Cumque
1295 595 1376 628 hinc
1400 600 1435 628 et
1457 595 1539 628 inde
1563 595 1658 628 acies
1680 595 1797 629 forent
1826 595 1991 630 militares
2021 597 2188 642 disposite
2217 604 2254 632 et
2300 597 2320 630 5

414 653 451 684 in
474 653 652 685 eo“·essent
674 656 711 683 ut
733 650 864 694 pariter
887 649 1102 690 dimicarent,
1125 648 1286 694 religiose
1309 649 1458 692 quedam
1482 659 1630 692 persone
1653 654 1689 682 et
1711 649 1777 682 uiri
1801 651 1972 693 sapientes
1994 651 2084 685 inter
2105 652 2254 695 impera-

414 712 521 739 torem
544 711 579 737 et
601 704 817 737 Lombardos
840 703 932 735 hunc
957 702 1098 735 modum
1122 702 1310 736 concordie
1333 707 1586 735 tractauerunt:
1610 707 1648 735 ut
1670 702 1870 742 Lombardi,
1893 703 2040 738 dimissis
2062 705 2175 744 armis,
2190 705 2254 738 im-

416 758 584 801 peratoris
606 763 780 801 tamquam
804 756 932 790 domini
954 756 1008 789 sui
1030 756 1177 800 gratiam
1201 755 1377 788 humiliter
1396 756 1623 799 postularent,
1647 755 1773 789 dehinc
1796 762 1867 790 tres
1895 758 2084 800 prudentes
2112 758 2178 791 uiri
2209 768 2254 792 ex

413 817 512 854 parte
534 811 751 853 imperatoris
774 816 810 843 et
831 816 902 843 tres
925 821 967 843 ex
991 815 1090 852 parte
1112 808 1389 842 Lombardorum
1417 808 1640 853 eligerentur,
1656 818 1803 853 quorum
1819 810 2047 852 dispositione
2061 816 2097 845 et
2110 811 2255 846 arbitrio

415 875 531 899 eorum
555 864 699 898 deberet
720 875 790 907 pax
813 869 848 896 et
870 863 1061 897 concordia
1083 862 1260 896 terminari
1272 861 1294 895 ¹.
1342 862 1499 906 Cumque
1523 863 1589 895 hoc
1620 868 1761 906 pactum
1790 869 1825 896 et
1853 863 2057 907 imperatori
2088 870 2123 897 et
2150 865 2255 899 Lom-

415 917 531 951 bardis
553 928 623 951 non
646 917 822 951 modicum
845 917 1043 960 placuisset,
1065 916 1255 958 imperator
1277 914 1425 958 Papiam
1447 915 1563 954 rediit,
1586 921 1622 949 et
1643 915 1831 949 Lombardi
1855 917 1900 950 ad
1922 916 2064 959 propria
2093 923 2173 951 sunt
2201 929 2256 951 re·

415 971 515 1004 uersi.
559 971 751 1014 Imperator
773 970 912 1003 interim
935 969 1072 1002 nuntios
1095 969 1139 1001 ad
1162 967 1399 1002 Alexandrum
1423 979 1550 1012 papam
1573 969 1668 1012 apud
1691 969 1886 1014 Anagniam
1910 969 2049 1010 direxit,
2070 980 2197 1016 rogans
2217 977 2256 1006 ut

414 1025 550 1068 aliquos
572 1025 616 1057 de
639 1024 805 1057 fratribus
827 1024 897 1057 suis
920 1024 965 1056 ad
980 1034 1058 1056 eum
1074 1023 1110 1055 in
1125 1022 1371 1056 Lombardiam
1387 1022 1550 1062 mitteret,
1566 1023 1627 1066 qui
1641 1022 1744 1056 simul
1760 1034 1838 1057 cum
1853 1023 2059 1057 Lombardis
2074 1025 2256 1058 tractande

414 1078 511 1121 pacis
534 1078 707 1121 colloquio
730 1077 943 1110 interessent.
989 1076 1086 1119 Papa
1108 1086 1203 1115 uero,
1228 1075 1373 1109 consilio
1396 1075 1526 1116 habito,
1543 1076 1742 1110 Hubaldum
1755 1075 1975 1110 Hostiensem
1992 1082 2027 1110 et
2042 1077 2256 1112 Bernardum

414 1132 639 1165 Portuensem
662 1131 855 1174 episcopos,
880 1136 914 1163 et
936 1129 1147 1163 Willelmum
1170 1128 1376 1172 Papiensem
1400 1129 1614 1163 cardinalem
1630 1128 1750 1163 sancti
1764 1129 1858 1163 Petri
1875 1130 1919 1163 ad
1934 1130 2086 1164 Vincula
2100 1130 2139 1163 in
2152 1130 2259 1166 Lom-
2283 1132 2322 1165 15

416 1184 575 1219 bardiam
597 1185 698 1223 misit,
721 1191 758 1217 ut
780 1184 879 1217 simul
903 1195 982 1217 cum
1004 1183 1213 1216 Lombardis
1234 1193 1360 1226 pacem
1383 1183 1533 1216 ecclesie
1563 1189 1598 1216 et
1627 1183 1726 1217 Italie
1757 1189 2014 1227 pertractarent
2025 1184 2049 1217 ⁸.
2095 1183 2167 1223 Qui
2195 1196 2258 1219 ue·

415 1240 560 1276 nientes,
591 1237 710 1271 habito
740 1237 1015 1271 Lombardorum
1047 1236 1203 1277 consilio,
1232 1236 1293 1269 diu
1316 1247 1395 1270 cum
1425 1236 1651 1280 imperatore'
1679 1236 1780 1280 pacis
1811 1237 2024 1281 colloquium
2054 1238 2258 1273 habuerunt.

416 1292 488 1326 Sed
511 1303 589 1325 cum
612 1302 725 1335 neque
749 1291 946 1325 cardinales
968 1299 1082 1334 neque
1103 1290 1294 1324 Lombardi
1317 1290 1467 1334 aliquem
1490 1291 1645 1324 fructum
1667 1290 1764 1333 pacis
1786 1290 1831 1324 ab
1853 1291 2062 1334 imperatore
2092 1292 2259 1336 consequi

415 1345 615 1388 potuissent,
639 1344 832 1378 cardinales
857 1349 891 1376 et
914 1343 1104 1377 Lombardi
1127 1343 1267 1376 infectis
1283 1343 1430 1388 negotiis
1452 1344 1498 1376 ad
1512 1343 1654 1386 propria
1675 1343 1855 1377 redierunt
1868 1343 1892 1377 ⁴.
1938 1344 2130 1387 Imperator
2143 1351 2259 1379 autem

415 1409 477 1443 spe
499 1398 598 1442 pacis
622 1398 867 1441 consequende
891 1397 1085 1440 frustratur,
1109 1397 1154 1430 de
1177 1407 1270 1430 nouo
1293 1407 1455 1442 guerram
1477 1396 1685 1430 Lombardis
1708 1397 1828 1430 facere
1844 1397 1942 1441 cepit
1957 1403 1992 1431 et
2007 1398 2259 1432 Alexandriam
2282 1401 2325 1432 20

415 1453 527 1486 modis
551 1451 674 1495 quibus
696 1456 831 1494 poterat
852 1451 1031 1484 infestare.
1075 1450 1266 1485 Lombardi
1281 1457 1396 1484 autem
1414 1461 1433 1483 e
1451 1460 1620 1484 conuerso
1643 1455 1814 1493 ceperunt
1827 1450 1879 1484 illi
1893 1461 1958 1494 pro
1973 1460 2077 1494 posse
2100 1451 2260 1486 resistere

413 1513 448 1539 et
469 1505 716 1538 Alexandrinis
739 1514 842 1548 opem
866 1510 901 1537 et
923 1504 1087 1537 auxilium
1117 1515 1182 1548 pro
1212 1503 1343 1537 uiribus
1372 1503 1569 1538 ministrare
1582 1502 1604 1537 ⁸.
1650 1503 1695 1537 Et
1725 1504 1807 1547 quia
1836 1504 2026 1547 imperator
2054 1505 2182 1539 multos
2212 1506 2258 1540 de

416 1559 484 1593 suis
507 1564 542 1591 et
564 1558 657 1591 fame
681 1563 716 1590 et
739 1557 832 1590 bello
856 1557 1064 1598 ammiserat,
1088 1563 1123 1591 et
1143 1563 1360 1602 repugnante
1384 1557 1528 1591 horrore
1549 1557 1670 1602 yemis,
1686 1558 1723 1590 in
1739 1557 1923 1591 obsidione
1938 1557 2152 1592 Alexandrie
2166 1565 2258 1592 stare

414 1623 484 1645 non
507 1617 653 1655 poterat,
676 1622 713 1643 se
736 1621 815 1643 cum
838 1611 908 1643 suis
931 1611 1023 1644 intra
1045 1610 1191 1654 Papiam
1214 1611 1359 1654 recepit,
1384 1617 1418 1644 et
1450 1616 1553 1643 nacta
1583 1611 1818 1653 oportunitate
1849 1611 2025 1654 temporis,
2056 1612 2260 1656 frequenter

416 1665 511 1697 circa
533 1664 782 1698 Alexandriam
806 1663 1035 1703 discurrebat,
1058 1664 1132 1697 eius
1154 1664 1291 1698 labores
1315 1670 1349 1697 et
1370 1664 1490 1697 uineas
1513 1663 1728 1703 denatabat,
1752 1664 1914 1707 capiebat
1935 1664 2042 1703 ciues,
2058 1670 2094 1698 et
2109 1665 2260 1709 dampna
2282 1665 2325 1698 25

2283 866 2320 897 10

505 1808 529 1834 3.
548 1801 723 1826 liberacione
745 1802 763 1826 ι
783 1809 796 1825 ι
815 1801 905 1826 Arndt
923 1814 956 1818 —
977 1808 1000 1833 5.
1020 1801 1141 1825 obsione
1164 1800 1186 1825 C
1202 1813 1213 1818 -
1231 1802 1261 1826 Ia
1280 1808 1293 1825 s
1311 1800 1343 1825 di
1358 1803 1448 1832 quma
1466 1807 1531 1826 vocs
1549 1797 1563 1824 ἃ
1579 1808 1610 1824 su
1627 1807 1727 1825 rama
1748 1800 1770 1823 C
1787 1813 1820 1817 —
1841 1805 1865 1832 7.
1884 1800 1993 1825 cotidie
2015 1800 2038 1824 C
2058 1813 2068 1820 ·
2091 1799 2261 1826 Lombardis

417 1845 441 1868 A
462 1857 495 1861 —
514 1851 539 1876 9.
559 1844 755 1876 disposicione
777 1843 799 1867 C
815 1852 829 1867 s
847 1843 940 1868 Arndt
957 1856 989 1861 —
1012 1850 1052 1868 η.
1073 1843 1194 1868 nuncios
1218 1842 1242 1868 C
1256 1852 1271 1868 e
1289 1843 1381 1868 Arndt
1398 1855 1431 1862 —
1454 1850 1492 1875 ¹4·
1512 1842 1674 1875 Hybaldum
1691 1843 1718 1867 A
1737 1855 1770 1861 —
1792 1850 1831 1875 15·
1852 1841 2025 1868 Guillelmus
2043 1843 2079 1874 B,
2100 1843 2128 1875 C,
2148 1843 2229 1870 Sam
2247 1851 2262 1868 e

415 1887 507 1912 Arndt
526 1899 556 1904 —
580 1886 620 1911 18.
638 1886 687 1911 Set
710 1885 732 1910 C
747 1893 761 1910 s
780 1885 874 1911 Arndt
892 1899 924 1903 —
947 1893 987 1918 19.
1008 1886 1137 1919 negocsss
1155 1887 1183 1911 B
1205 1885 1228 1910 C
1244 1894 1258 1910 a
1276 1885 1367 1912 Arndt
1386 1899 1417 1903 -
1438 1891 1480 1910 21.
1499 1884 1563 1910 illis
1586 1884 1609 1909 C
1623 1885 1655 1909 dn·
1667 1885 1758 1916 prima
1782 1892 1870 1915 mano,
1893 1889 2011 1911 corrulo
2034 1892 2082 1910 coa
2105 1893 2204 1911 rann
2228 1899 2261 1904 ·—

417 1936 459 1962 ²3·
478 1929 587 1962 hyemis
606 1930 634 1953 Β
652 1937 665 1953 e
684 1929 766 1954 Sasu
786 1942 794 1946 -
814 1927 991 1953 AlexandrIe
1011 1928 1161 1953 obsidione
1185 1928 1207 1952 C
1223 1937 1237 1952 s
1255 1927 1348 1953 Arndt

377 2038 390 2064 5
509 2031 515 2047 ¹
535 2031 622 2063 lnam,
642 2033 696 2057 loc.
716 2033 855 2057 cit.:....
876 2030 1019 2060 Quocirca
1044 2029 1099 2064 (F.)
1125 2032 1154 2055 in
1181 2033 1313 2064 proxima

420 2074 433 2087 ¹‘
447 2075 530 2099 nocte
551 2075 642 2099 castra
661 2073 732 2099 fecit
754 2073 881 2099 comburi
901 2074 929 2098 et
955 2074 986 2097 in
1012 2073 1157 2097 dominice
1180 2071 1312 2098 Resurre-

421 2116 434 2129 “
445 2117 553 2142 ctionis
573 2124 674 2141 aurora
695 2123 757 2141 cum
777 2116 911 2141 omnibus
930 2117 989 2141 suls
1009 2122 1105 2140 versus
1126 2115 1245 2147 Papiam
1260 2117 1315 2140 iter

422 2159 435 2172 ¹‘
445 2166 525 2184 suum
544 2159 654 2184 direxit
663 2176 687 2190 „-

508 2200 520 2217 ²
536 2202 560 2226 Il
581 2208 792 2234 compromesso
812 2201 856 2226 dcl
880 2200 911 2225 16
929 2208 944 2225 e
967 2206 996 2231 17
1012 2207 1071 2233 apr.
1088 2207 1152 2233 1175
1169 2202 1245 2226 fatto
1260 2201 1273 2214 “
1284 2202 1315 2226 in

422 2244 594 2268 “territorio
612 2244 701 2276 Papie
720 2243 750 2268 in
771 2250 872 2276 campo
891 2243 990 2267 subtus
1009 2243 1214 2268 Montebeuum
1242 2245 1316 2268 inter

422 2286 435 2299 ⁸
448 2286 603 2311 exercitum
623 2286 807 2318 imperatorIs
826 2287 854 2310 et
873 2285 1070 2317 Lombardle„
1091 2285 1121 2310 su
1147 2286 1315 2319 pubblicato

421 2328 469 2353 dal
487 2328 657 2359 Musas-om,
678 2328 861 2360 Antiquitataes
882 2327 996 2352 Italicae
1016 2328 1126 2352 Maedis
1142 2328 1222 2360 Aevi,
1236 2331 1316 2354 tomo

421 2371 469 2402 1v,
487 2378 514 2404 p.
534 2375 600 2402 275;
621 2372 662 2395 M.
688 2371 718 2396 G.
740 2371 786 2399 H,
805 2371 903 2404 Leges,
918 2370 953 2401 11,
974 2378 1001 2404 p.
1023 2375 1080 2402 145.
1118 2370 1217 2395 Anche
1231 2371 1316 2401 Boso,

420 2413 504 2437 Liber
523 2413 636 2446 Pontifl,
650 2414 705 2437 loc.
721 2413 777 2442 cit.‚
796 2413 877 2445 paria
897 2412 925 2437 di
945 2414 988 2437 tre
1007 2412 1118 2437 uominl
1138 2413 1218 2437 scelti
1239 2413 1315 2442 dalla

423 2455 502 2487 parte
529 2455 676 2488 imperiale
700 2456 733 2480 ed
761 2454 921 2480 altrettanti
951 2454 987 2479 da
1011 2456 1092 2488 parte
1120 2454 1196 2480 della
1224 2455 1313 2488 Lega:

423 2497 483 2522 “Et
503 2499 600 2522 statim
618 2498 700 2522 electi
721 2499 787 2523 sunt
807 2506 822 2522 a
841 2496 870 2522 F.
891 2497 1044 2530 Philippus
1058 2497 1245 2523 coloniensis
1260 2498 1316 2522 ele-

421 2539 435 2553 ”
445 2541 514 2571 ctus,
535 2538 732 2572 G(ualfredus)
752 2540 785 2565 de
804 2539 928 2565 Pozasca
947 2538 1104 2572 (Plozasca)
1128 2539 1316 2565 TaurInensis

421 2581 434 2595 ‘¹
445 2581 620 2614 capitaneus,
640 2583 669 2606 et
687 2580 866 2615 R(alnerius)
886 2581 920 2606 de
938 2580 1044 2606 Sancto
1057 2581 1183 2605 Nazario
1196 2581 1315 2614 Paplen-

424 2623 437 2636 ⁴‘
448 2623 502 2653 sis;
522 2631 537 2648 a
556 2623 726 2649 Lombardis
744 2631 812 2648 vero
831 2621 999 2656 G(erardus)
1022 2622 1111 2648 Pistls
1138 2622 1256 2655 (Pistus)
1282 2623 1316 2648 de

425 2663 623 2695 “Mediolano,
644 2665 677 2691 G.
697 2664 857 2699 (Albertus)
877 2666 910 2691 dc
936 2665 1076 2691 Gambara
1104 2665 1265 2690 Brixiensis
1288 2668 1315 2691 et

422 2705 436 2718 “
450 2706 482 2732 C.
497 2708 530 2731 de
549 2707 675 2737 Verona;
698 2709 726 2732 in
740 2716 812 2741 quos
831 2710 948 2740 utraque
967 2715 1032 2740 pars
1050 2707 1169 2740 ylariter
1188 2714 1314 2741 compro·

424 2747 436 2760 “
451 2749 564 2780 mlsit„.
601 2748 671 2774 Parc
691 2750 741 2775 che
759 2750 833 2775 Boso
853 2750 936 2775 abbia
956 2749 1076 2774 confuso
1098 2751 1105 2773 i
1133 2750 1212 2774 nomi
1238 2749 1314 2782 degli

424 2791 525 2815 arbitri
545 2798 598 2815 con
617 2792 706 2823 quelli
719 2793 769 2817 che
782 2792 912 2824 figurant>
925 2791 1001 2817 nella
1013 2793 1211 2816 convenzIone
1224 2791 1268 2816 del
1284 2798 1314 2816 22

424 2832 516 2865 luglio
538 2839 619 2866 11773
640 2833 675 2857 ci.
695 2841 764 2866 pure
782 2835 954 2863 Mum-rom,
975 2835 1064 2866 Antiq.
1092 2835 1149 2863 cit..
1169 2836 1249 2859 tomo
1269 2833 1314 2866 IV,

362 2881 394 2908 25
424 2883 451 2908 p.
470 2880 538 2906 277;
559 2875 599 2900 Μ
625 2876 653 2900 G.
677 2877 712 2900 H.
733 2877 831 2910 Leges.
850 2877 884 2907 II,
906 2883 963 2910 151.

510 2916 521 2931 ³
540 2917 624 2948 Boso,
644 2919 726 2943 Liber
753 2920 864 2951 Pontis„
891 2920 926 2951 11,
951 2928 977 2952 p.
1004 2927 1071 2953 430:
1100 2918 1113 2931 ⁸
1126 2936 1132 2944 .
1145 2919 1317 2944 ...domnus

424 2960 437 2973 u
448 2959 608 2985 Alexander
626 2968 699 2993 papa
719 2962 752 2985 de
772 2963 916 2987 communi
932 2963 1050 2987 fratrum
1064 2968 1179 2986 suorum
1193 2961 1317 2986 consilio

424 3002 591 3033 “predictas
619 3009 752 3035 personas
781 3003 862 3036 plene
890 3005 1044 3030 instructas
1078 3004 1113 3029 ad
1145 3003 1316 3036 presenthrn

424 3044 538 3076 “ipsius
557 3045 697 3078 principis
725 3046 882 3071 honorifice
908 3047 1065 3071 destinavit
1077 3065 1082 3070 .
1161 3045 1316 3080 Episcopus

361 2252 393 2271 10

362 2462 391 2488 15

361 2673 396 2692 20

1370 2031 1512 2064 “namque
1531 2030 1697 2056 Portuensis
1715 2033 1743 2055 et
1763 2031 1919 2056 cardinalis
1938 2031 2032 2056 sancti
2050 2030 2128 2056 Petri
2146 2030 2182 2056 ad
2194 2030 2265 2056 vin·
2293 2038 2328 2065 3⁰

1371 2073 1385 2086 “
1393 2074 1459 2099 cula
1481 2081 1531 2106 per
1543 2072 1690 2107 Spoletum
1703 2075 1732 2097 et
1745 2073 1862 2098 Imolam
1877 2074 1962 2104 atque
1974 2073 2136 2099 Bononiam
2147 2073 2266 2099 honori-

1370 2114 1383 2127 “
1395 2115 1445 2140 fice
1458 2116 1638 2140 transeuntes
1658 2121 1744 2147 usque
1761 2114 1937 2140 Placentiam
1951 2115 2156 2147 processerunt,
2170 2115 2266 2148 ibique

1370 2158 1384 2172 “
1394 2158 1547 2183 adventum
1566 2157 1729 2182 Hostiensis
1748 2157 1876 2191 episcopi
1893 2158 1943 2190 qui
1961 2165 2011 2191 per
2024 2158 2157 2182 Pisanum
2170 2159 2200 2183 et
2210 2157 2265 2183 Lu·

1371 2200 1385 2214 “
1396 2207 1495 2226 canam
1506 2199 1640 2225 civitates
1649 2207 1713 2225 curn
1722 2199 1816 2232 gloria
1826 2202 1854 2225 et
1863 2200 1972 2225 honore
1983 2201 2129 2230 transivit,
2142 2207 2192 2233 per
2204 2200 2266 2226 dles

1371 2243 1384 2256 ‘⁴
1396 2243 1508 2276 aliquot
1526 2245 1712 2276 expectarunt
1720 2260 1745 2274 ,,.
1782 2242 1797 2257 ‘¹
1806 2243 1951 2268 Hubaldus
1969 2243 2133 2268 HostIensis
2151 2244 2237 2276 episc.
2248 2262 2263 2276 n
2292 2251 2325 2279 35

1368 2294 1383 2311 e
1405 2285 1589 2310 “Bernartius
1613 2285 1781 2310 Portuensis
1806 2287 1835 2310 et
1859 2287 1955 2311 sancte
1979 2283 2080 2310 Rufine
2104 2286 2214 2319 episc„
2240 2285 2265 2311 si

1369 2330 1493 2352 travano
1514 2328 1557 2353 fra
1577 2329 1587 2352 l
1605 2327 1815 2352 sottoscrittori
1835 2326 1863 2352 di
1882 2327 1962 2352 boile
1981 2327 2011 2352 di
2030 2327 2207 2353 Alessandro
2225 2327 2266 2352 111

1370 2370 1408 2394 fin
1428 2370 1475 2395 dal
1494 2377 1557 2403 gen.
1580 2369 1997 2403 1169=ers·1.02wnnrsu>,
2019 2377 2045 2395 n.
2069 2376 2151 2402 ¹159¹
2172 2378 2188 2395 e
2205 2377 2264 2404 aff:

1373 2412 1560 2437 “willelmus
1578 2411 1605 2437 S.
1631 2412 1709 2437 Petri
1735 2412 1770 2436 ad
1796 2411 1921 2437 Vincula
1941 2412 2030 2446 presb.
2052 2412 2151 2444 card.„
2178 2413 2204 2437 sl
2227 2412 2264 2437 ha

1371 2458 1470 2480 invece
1488 2455 1524 2480 fin
1545 2455 1592 2480 dal
1607 2463 1622 2488 3
1637 2455 1692 2480 feb.
1708 2453 2119 2487 1159;Jarrt-Lonwnm⁷nu>,
2135 2462 2163 2480 n.
2180 2459 2266 2487 ¹1s4⁰
2292 2461 2328 2487 4ο

1370 2506 1384 2522 e
1403 2505 1443 2530 sg.

1458 2538 1467 2554 ⁴
1488 2540 1575 2572 Boso,
1597 2541 1679 2565 Liber
1692 2540 1806 2572 Pontis„
1820 2540 1854 2571 11,
1869 2548 1895 2573 p.
1909 2547 1958 2573 43¹
1970 2548 1977 2564 ε
1993 2540 2006 2553 “
2018 2559 2022 2564 .
2036 2559 2040 2564 .
2053 2559 2058 2564 .
2071 2559 2076 2564 .
2090 2539 2161 2564 Cum
2175 2540 2266 2574 igitur

1372 2582 1385 2596 “
1395 2590 1410 2607 a
1430 2590 1481 2608 suo
1500 2582 1651 2616 proposito
1670 2589 1760 2615 pravo
1778 2582 1808 2606 Γ.
1829 2582 1957 2607 recedere
1980 2582 2144 2607 nullatenus
2168 2582 2263 2614 vellet,

1371 2623 1384 2637 “
1396 2624 1485 2657 legati
1498 2632 1514 2649 a
1529 2625 1691 2650 sanctorum
1710 2624 1826 2650 Patrum
1845 2623 1952 2658 regulis
1965 2626 1992 2649 et
2005 2624 2265 2649 constitutionibus

1372 2667 1384 2679 “
1397 2667 1511 2693 deviare
1530 2667 1670 2697 nolentes,
1689 2675 1723 2693 eo
1743 2667 1774 2692 in
1795 2668 1900 2692 erroris
1920 2668 1964 2692 sui
1983 2666 2100 2701 perfidia
2118 2666 2266 2698 derelicto,
2292 2673 2324 2700 45

1373 2710 1431 2734 “ad
1451 2709 1623 2742 presentiam
1649 2709 1747 2734 domni
1774 2716 1847 2743 pape
1871 2717 1903 2734 ac
1930 2710 2049 2735 fratrum
2067 2716 2182 2734 suorum
2205 2709 2264 2734 col-

1373 2751 1503 2785 “legium
1529 2751 1646 2777 ductore
1672 2751 1801 2777 Domino
1827 2751 1971 2777 redierunt
1983 2770 2005 2783 „.
2044 2751 2089 2777 Ct.
2115 2758 2183 2784 pure
2207 2749 2265 2775 Ro-

1370 2799 1457 2819 nnnrx
1481 2800 1518 2819 ns
1536 2793 1647 2819 Morus
1677 2795 1780 2826 Claros„
1807 2794 1836 2818 in
1864 2795 1902 2818 M.
1936 2794 1965 2818 G.
1995 2795 2030 2818 H.
2058 2793 2116 2825 SS.,
2137 2793 2183 2824 VI,
2204 2798 2263 2825 3²4,

1372 2836 1466 2861 all'an.
1490 2842 1565 2869 1175.

1459 2876 1470 2892 ⁵
1489 2877 1576 2908 Boso,
1597 2879 1680 2903 Liber
1699 2879 1814 2911 Pontis„
1834 2879 1886 2903 loc.
1907 2878 1971 2902 cita
1994 2876 2170 2902 “Lombardi
2197 2883 2265 2901 vero
2291 2881 2326 2908 50

1373 2919 1543 2953 “antiquam
1563 2928 1611 2945 sue
1630 2921 1772 2946 libertatis
1791 2921 2000 2953 possessionem
2020 2919 2147 2945 viriliter
2168 2918 2264 2943 defen-

1374 2962 1387 2975 “
1398 2962 1504 2994 dentes,
1524 2963 1709 2996 improbitate
1729 2963 1853 2988 eiusdem
1873 2962 1903 2987 F.
1924 2963 2028 2987 fortius
2048 2961 2136 2987 solito
2155 2961 2264 2985 restite—

1374 3004 1388 3017 ¹‘
1399 3006 1472 3036 runt,
1486 3007 1514 3030 et
1534 3005 1686 3037 Papienses
1705 3012 1767 3030 cum
1787 3004 1999 3030 marchionibus
2018 3006 2046 3028 et
2066 3003 2203 3028 Cumanis
2224 3010 2265 3027 ss-

1373 3046 1387 3059 “
1398 3045 1487 3071 siduis
1508 3048 1754 3072 devastationibus
1773 3047 1974 3081 expugnabant
1985 3064 2008 3078 n*
