2398 3470
120 299 173 336 [A-
191 299 226 329 C·
245 300 320 334 ³³⁶]
892 291 1208 330 CHRONICON
1932 291 1976 329 81
2020 303 2094 326 saun.
2111 310 2144 325 ce.
2160 305 2220 326 sx-sa

118 427 210 461 Nam
233 427 349 460 omnia
378 437 463 460 uasa
486 433 623 461 sacrata
653 436 770 467 aurea,
794 426 852 459 uel
884 431 1061 471 argentea,
1086 431 1144 459 aut
1175 436 1255 458 erea
1278 425 1475 468 composuit
1487 426 1508 464 ¹,
1536 425 1625 458 sicut
1653 426 1690 457 in
1715 425 1858 459 basilica
1889 425 1984 459 beati

116 479 212 513 Petri
242 481 402 523 apostoli,
433 481 482 514 ita
505 487 540 514 et
570 481 664 514 beati
687 480 788 514 Pauli
818 479 969 523 apostoli
994 479 1181 513 ordinauit.
1229 479 1301 512 Sed
1332 483 1368 512 et
1391 488 1534 511 crucem
1565 489 1704 512 auream
1728 490 1832 523 super
1864 480 1977 513 locum

116 537 210 572 beati
235 537 335 571 Pauli
352 538 500 581 apostoli
516 539 644 581 posuit,
660 543 866 581 pensantem
888 537 995 570 libras
1011 547 1067 570 01..
1113 537 1335 580 Donauitque
1351 534 1477 570 eodem
1502 536 1582 570 loco
1595 536 1607 553 ²
1631 536 1694 569 sub
1719 536 1858 570 ciuitate
1874 535 1984 581 Tyria

115 591 366 634 possessionem
380 591 392 609 ³
415 592 588 626 Comitum
610 597 823 635 prestantem
845 591 975 624 solidos
991 601 1049 623 DL.
1096 590 1231 624 Eodem
1254 596 1412 632 tempore
1436 589 1523 622 fecit
1545 590 1792 623 Constantinus
1808 590 1983 635 Augustus

73 642 92 677 5
114 643 291 678 basilicam
314 645 349 678 in
374 645 505 688 palatio
528 645 730 679 Sessoriano
753 644 813 677 ubi
836 643 882 677 de
908 643 1003 688 ligno
1027 650 1147 677 sancte
1172 643 1285 677 crucis
1309 643 1441 676 domini
1465 643 1573 676 nostri
1596 643 1681 686 Jesu
1704 643 1835 677 Christi
1858 643 1982 686 posuit,

115 703 150 731 et
170 698 208 731 in
231 708 315 732 auro
339 704 375 732 et
401 700 546 743 gemmis
570 698 750 737 conclusit,
781 697 841 730 ubi
866 703 902 730 et
924 707 1052 730 nomen
1085 697 1235 730 ecclesie
1260 696 1450 735 dedicauit,
1483 706 1552 739 que
1576 696 1843 740 cognominatur
1872 707 1982 740 usque

111 751 216 785 hodie
233 751 463 790 Ierhusalem;
487 753 524 785 in
540 763 609 796 quo
626 752 705 785 loco
731 750 910 784 constituit
925 750 1078 793 pretiosa
1101 751 1195 783 dona
1211 750 1276 783 ista
1288 749 1318 782 ⁴:
1344 749 1557 783 candelabra
1573 756 1653 782 ante
1677 750 1809 793 lignum
1826 755 1983 783 sanctum

110 804 263 838 lucentia
285 805 474 850 argentea⁵
499 810 657 849 quatuor,
689 802 881 838 secundum
905 814 1086 837 numerum
1119 809 1266 847 quatuor
1291 803 1552 848 euangeliorum
1583 803 1817 846 ponderantia
1846 803 1983 847 singula

0 861 25 893 ξεῖ
111 857 218 891 libras
242 868 341 892 Lxxx
353 858 377 893 ⁶.

2 908 22 955 ἑ,
48 911 89 945 10
198 911 334 946 Eodem
357 919 515 957 tempore
539 913 625 946 fecit
647 912 826 946 basilicam
850 917 968 944 sancte
985 910 1131 956 Agnetis
1154 911 1325 956 martyris,
1343 921 1386 944 ex
1409 917 1535 955 rogatu
1558 910 1630 943 filie
1653 921 1729 944 sue:
1754 916 1791 944 et
1813 910 1982 954 baptiste-

110 964 198 997 rium
219 965 257 998 in
279 966 405 1000 eodem
429 967 520 1007 loco,
544 966 605 999 ubi
629 972 663 999 et
686 965 862 1009 baptizata
885 970 938 997 est
961 975 1060 998 soror
1084 965 1159 1009 ejus
1183 964 1397 1003 Constantia,
1423 974 1502 996 cum
1526 964 1596 997 filia
1619 963 1770 1009 Augusti
1782 962 1806 997 ⁷.

6 995 25 1062 Ξ
199 1019 334 1053 Eodem
348 1026 506 1063 tempore
523 1020 768 1054 Constantinus
784 1018 962 1063 Augustus
985 1019 1073 1051 fecit
1089 1018 1265 1051 basilicam
1282 1017 1384 1051 beato
1400 1018 1591 1052 Laurentio
1615 1018 1747 1051 martiri
1771 1018 1828 1050 uia
1843 1017 1980 1051 Ti'bur-

111 1071 183 1106 tina
197 1073 234 1106 in
256 1083 341 1119 agro
357 1073 511 1113 Vemno,
528 1085 632 1117 supra
657 1072 815 1106 arenario
833 1073 961 1115 cripte:
989 1078 1023 1105 et
1038 1083 1148 1116 usque
1173 1072 1218 1106 ad
1235 1082 1361 1114 corpus
1384 1071 1496 1105 sancti
1511 1071 1689 1105 Laurentii
1714 1071 1874 1116 martyris
1889 1071 1977 1104 fecit

8 1161 13 1169 ,ι
110 1126 238 1170 gradus
261 1128 483 1167 ascensionis,
508 1133 543 1161 et
567 1127 818 1161 descensionis.
864 1126 905 1159 In
929 1136 998 1170 quo
1022 1126 1102 1159 loco
1127 1125 1321 1159 construxit
1345 1124 1514 1164 absidam,
1539 1131 1574 1159 et
1597 1126 1779 1159 exornauit
1802 1125 1982 1159 marmori-

49 1177 86 1212 15
110 1178 176 1212 bus
196 1180 415 1223 porfireticis,
432 1187 467 1214 et
491 1181 644 1224 desuper
666 1181 736 1214 loci
752 1179 891 1213 inclusit
914 1180 958 1212 de
975 1186 1132 1223 argento,
1149 1185 1184 1212 et
1208 1178 1374 1212 cancellis
1391 1179 1435 1212 de
1461 1185 1606 1223 argento
1622 1179 1808 1222 purissimo
1831 1178 1978 1217 ornauit,

109 1232 170 1276 qui
192 1233 389 1275 ponderant
412 1234 519 1268 libras
542 1234 650 1273 mille,
675 1239 711 1267 et
734 1239 854 1267 cetera
877 1234 971 1266 dona
994 1233 1119 1267 obtulit
1142 1233 1286 1276 copiosa
1301 1232 1324 1266 ⁸.

197 1286 344 1320 Hisdem
368 1287 585 1330 temporibus
600 1286 847 1321 Constantinus
870 1282 1049 1330 Augustus
1066 1286 1153 1319 fecit
1177 1285 1357 1319 basilicam
1372 1286 1430 1319 uia
1452 1286 1632 1319 Lauicana
1653 1286 1745 1319 inter
1762 1286 1851 1319 duos
1867 1287 1982 1319 lauros

109 1338 211 1372 beato
233 1339 350 1379 Petro,
374 1346 409 1374 et
431 1340 641 1374 Marcellino
665 1339 819 1384 martyri,
845 1345 879 1372 et
902 1338 1134 1379 Mausoleum,
1156 1338 1218 1371 ubi
1241 1338 1476 1372 beatissimam
1499 1339 1693 1383 Augustam
1716 1344 1861 1372 matrem
1885 1349 1981 1372 suam

109 1392 225 1435 posuit
247 1393 284 1426 in
306 1394 524 1438 sarcophago
548 1393 749 1437 porfiretico
763 1391 785 1426 ⁹.

44 1445 88 1478 20
200 1445 334 1479 Eodem
357 1453 515 1490 tempore
538 1447 626 1480 fecit
650 1446 899 1480 Constantinus
922 1447 1102 1491 Augustus
1126 1445 1302 1479 basilicam
1325 1446 1362 1478 in
1386 1446 1529 1480 ciuitate
1561 1446 1694 1485 Hostia,
1717 1447 1813 1491 juxta
1843 1452 1980 1489 portum

109 1498 206 1532 urbis
228 1499 354 1541 Rome,
378 1500 559 1534 beatorum
582 1500 817 1544 apostolorum
842 1499 949 1540 Petri,
973 1506 1009 1533 et
1031 1499 1141 1538 Pauli,
1166 1505 1200 1532 et
1224 1499 1391 1542 Johannis
1414 1500 1571 1542 Baptiste
1586 1498 1620 1533 ¹⁰.

197 1552 342 1586 Hisdem
366 1553 580 1598 temporibus
602 1553 690 1587 fecit
712 1553 962 1587 Constantinus
985 1553 1178 1597 Augustam
1201 1552 1379 1586 basilicam
1402 1553 1439 1586 in
1470 1553 1610 1586 ciuitate
1634 1552 1834 1587 Albanense
1865 1554 1976 1587 sancti

109 1605 278 1649 Johannis
301 1607 457 1651 Baptiste
470 1606 506 1640 ¹¹.

199 1660 299 1694 Fecit
321 1666 357 1694 et
380 1660 626 1694 Constantinus
648 1660 826 1704 Augustus
848 1661 941 1692 intra
964 1660 1086 1693 urbem
1110 1659 1267 1702 Capuam
1291 1659 1470 1692 basilicam
1495 1660 1740 1703 apostolorum,
1764 1671 1832 1704 que
1849 1671 1978 1705 cogno-

42 1713 84 1745 25
108 1712 251 1746 minauit
282 1713 610 1753 Constantinianam‚
642 1713 678 1747 in
709 1724 777 1756 qua
806 1713 956 1756 plurima
987 1713 1103 1756 posuit
1134 1714 1226 1746 dona
1240 1712 1274 1746 ¹².
1320 1713 1422 1746 Fecit
1456 1723 1595 1756 quoque
1625 1712 1804 1746 basilicam
1834 1714 1870 1746 in
1893 1713 1980 1747 urbe

109 1764 262 1809 Neapoli
275 1765 311 1799 ¹³.

195 1818 337 1853 Marcus
367 1821 509 1853 natione
534 1820 725 1858 Romanus,
757 1830 800 1852 ex
822 1825 922 1862 patre
954 1819 1088 1858 Prisco,
1114 1819 1282 1853 Siluestro
1314 1819 1482 1857 successit
1503 1821 1541 1853 in
1573 1821 1789 1864 episcopatu,
1819 1821 1980 1864 seditque

105 1873 206 1905 annis
227 1882 268 1913 11,
293 1872 468 1906 mensibus
491 1882 570 1906 vm.
617 1873 684 1906 Hic
709 1872 897 1911 constituit,
921 1878 959 1905 ut
982 1873 1169 1916 episcopus
1192 1873 1325 1912 Hostie,
1351 1884 1431 1906 cum
1455 1874 1498 1907 ab
1524 1885 1565 1907 eo
1590 1875 1776 1917 episcopus
1791 1874 1886 1907 urbis
1902 1875 1977 1908 Ro-

104 1934 181 1957 mae
204 1931 437 1964 consecratur,
454 1925 561 1968 pallio
585 1932 739 1959 uteretur
753 1924 787 1958 ¹⁴.
836 1924 901 1958 'Et
925 1926 1106 1958 constituit
1128 1926 1164 1958 in
1187 1926 1338 1959 ecclesia
1363 1926 1522 1959 omnibus
1540 1927 1663 1959 diebus
1679 1927 1871 1966 dominicis,
1889 1928 1976 1961 etin

27 1977 82 2020 21³⁰
104 1978 270 2011 natalitiis
292 1979 528 2022 apostolorum
546 1986 624 2021 post
648 1979 880 2023 euangelium,
897 1978 1092 2023 symbolum
1116 1979 1159 2012 ab
1185 1980 1278 2012 omni
1302 1980 1410 2019 clero,
1427 1985 1462 2013 et
1477 1980 1607 2023 populo
1632 1981 1702 2013 alta
1717 1991 1806 2014 uoce
1832 1982 1976 2015 cantari.

31 2027 33 2029 ’
104 2030 151 2064 Et
173 2031 231 2064 hic
254 2033 428 2075 requieuit
451 2032 488 2065 in
511 2042 612 2075 pace,
638 2038 672 2065 et
695 2032 851 2074 sepultus
875 2038 927 2064 est
950 2032 984 2064 in
1015 2033 1165 2065 ecclesia
1188 2033 1281 2066 beati
1312 2032 1409 2066 Petri
1432 2034 1593 2075 apostoli,
1626 2033 1724 2077 cujus
1747 2034 1976 2068 fundamenta

102 2083 350 2118 Constantinus
364 2086 555 2128 imperator
577 2092 703 2119 octauo
721 2085 779 2118 die
795 2091 875 2128 post
890 2085 1098 2129 baptismum
1122 2098 1230 2126 suum,
1248 2092 1378 2119 terram
1401 2087 1550 2129 ipsemet
1565 2087 1706 2120 fodiens
1716 2086 1750 2126 ¹⁵,
1766 2088 1898 2131 primus
1913 2088 1975 2120 im-

103 2137 228 2180 posuit,
254 2144 289 2171 et
311 2139 356 2172 ad
379 2139 493 2178 finem,
517 2145 555 2172 ut
578 2145 630 2172 est
653 2149 809 2177 cernere,
833 2149 943 2183 usque
965 2140 1130 2182 perduxit
1144 2138 1180 2173 ¹⁶.

41 2275 44 2292 ζ
192 2261 218 2288 3.
237 2256 268 2280 {n
285 2255 345 2281 AB
363 2263 472 2281 manca.-
491 2256 634 2288 apost0113
652 2258 747 2281 accetto
772 2255 800 2281 la
825 2257 921 2281 lenione
940 2257 972 2281 dt
994 2257 1017 2281 C
1031 2256 1165 2287 conforme
1189 2258 1227 2282 ad
1242 2257 1272 2283 L.
1292 2258 1322 2282 P.
1344 2272 1377 2277 —
1398 2265 1423 2290 4.
1442 2257 1562 2292 Eodem]
1580 2259 1612 2283 tn
1635 2258 1659 2283 C
1674 2259 1786 2284 {natale
1805 2259 1921 2285 minata
1940 2274 1972 2278 —

23 2293 24 2296 ’
43 2307 47 2331 7
103 2300 129 2328 5.
147 2297 317 2323 Sorsorlano
335 2298 360 2322 Δ
373 2298 398 2324 C
414 2311 425 2317 -
445 2298 528 2324 Ihesu
546 2298 658 2324 Christi
679 2299 703 2324 C
715 2312 747 2317 —-
761 2303 787 2330 7.
806 2299 982 2324 Hierusalem
1001 2300 1028 2324 B
1043 2313 1075 2317 -—
1089 2300 1113 2325 8.
1128 2299 1253 2325 lucenda
1271 2301 1404 2332 argentea
1425 2300 1562 2333 quattuor
1576 2302 1601 2327 C
1618 2314 1651 2320 —
1674 2308 1715 2327 10.
1728 2302 1828 2327 sancte
1846 2301 1974 2327 martiris

22 2334 26 2355 ἶ
45 2363 47 2378 ι,
103 2338 228 2372 Agnetis
243 2340 267 2366 C
278 2353 311 2357 —
329 2346 370 2364 11.
384 2339 561 2365 Constancia
580 2340 607 2364 B
618 2341 642 2367 C
658 2354 691 2359 —-
708 2347 748 2365 12.
764 2340 926 2366 Laurencio
946 2341 1058 2366 martiri
1074 2342 1113 2369 C,-
1131 2341 1288 2367 Laurentio
1300 2343 1421 2375 martyri
1434 2342 1461 2366 B
1474 2355 1507 2360 —
1522 2349 1562 2375 13.
1577 2349 1663 2375 super
1675 2344 1805 2368 arenaria
1817 2344 1911 2377 cripta
1923 2344 1950 2368 B
1962 2358 1973 2363 -

21 2410 24 2415 .
47 2414 49 2416 q
101 2380 178 2406 beati
196 2381 346 2407 Laurencii
365 2395 399 2400 —
421 2386 461 2413 15.
475 2382 680 2415 porphiretlch
692 2383 719 2406 B
731 2383 852 2407 —induit
864 2382 908 2411 B,-
926 2383 1067 2409 conclusit
1085 2383 1114 2408 L.
1134 2383 1165 2408 P.
1180 2396 1192 2402 -
1213 2383 1254 2409 18.
1275 2383 1464 2416 Mausoleum]
1485 2385 1575 2409 moesi
1593 2385 1703 2410 leuitici
1719 2386 1743 2411 C
1760 2398 1793 2403 —
1812 2385 1900 2418 18·19.
1914 2393 1973 2411 ma-

101 2423 176 2447 trem
194 2430 275 2449 suam
293 2424 454 2456 Augustam
474 2425 504 2449 in
524 2423 671 2457 sarcofago
690 2425 854 2458 porfiretlco
869 2425 895 2451 C
905 2438 939 2444 —
953 2430 1046 2458 24-25.
1059 2433 1141 2459 quam
1160 2426 1380 2459 cognominavit
1392 2426 1420 2450 B
1432 2439 1466 2445 --
1487 2427 1529 2452 28.
1548 2433 1640 2452 annos
1658 2433 1684 2452 11
1703 2434 1812 2453 menses
1831 2434 1890 2453 vm
1905 2429 1973 2454 C—

22 2461 42 2467 ”
106 2470 149 2497 3²·
169 2465 316 2499 baptIsma
334 2466 358 2492 C

188 2562 196 2580 ¹
216 2563 246 2590 L.
266 2564 313 2589 P..-
328 2565 428 2596 ponde.
1060 2566 1074 2580 “
1086 2567 1180 2598 ipsum
1191 2567 1283 2592 locum
1293 2568 1322 2592 in
1332 2570 1433 2602 crypta
1443 2569 1542 2601 posuit
1552 2569 1627 2600 etc.„
1640 2575 1695 2593 con
1708 2566 1827 2594 l’elenco
1837 2568 1882 2594 dei
1892 2569 1968 2595 doni.

185 2604 197 2622 ¹
215 2613 235 2632 a
252 2607 409 2639 aggiunge=
429 2606 586 2638 donavitque
604 2607 690 2632 eodem
709 2607 768 2632 loca.
1130 2606 1152 2625 ¹⁰
1171 2608 1201 2635 L.
1221 2609 1265 2638 P..
1279 2610 1335 2636 vol.
1350 2610 1408 2640 cit..
1420 2618 1448 2642 p.
1466 2610 1528 2635 1822
1548 2610 1562 2624 ¹¹
1573 2610 1687 2635 Eisdem
1702 2610 1881 2642 temporibus
1894 2610 1968 2636 fecit

186 2649 198 2668 ³
216 2648 246 2676 L.
265 2649 316 2675 P..-
331 2649 464 2681 possessio.
1058 2651 1231 2683 “Augustus
1261 2650 1465 2678 Constantinus
1494 2653 1646 2677 basilicam
1674 2652 1764 2677 beatis
1794 2653 1967 2686 martyribus

42 2723 43 2726 Ἴ
188 2689 200 2707 ⁴
218 2698 238 2716 n
257 2692 364 2715 omette
383 2691 413 2715 in
426 2691 538 2722 segulto
558 2689 656 2716 aicune
670 2691 741 2717 altre
760 2691 922 2718 donazioni.
959 2693 1004 2719 cf.
1056 2692 1069 2706 α
1084 2694 1251 2719 Marcellino
1267 2695 1435 2729 presbytero
1455 2696 1484 2720 et
1498 2695 1587 2720 Petro
1606 2696 1764 2720 exorcistae
1778 2696 1805 2719 ln
1820 2696 1967 2721 territurio

39 2740 44 2752 >
96 2734 126 2759 L.
146 2735 190 2763 P„
209 2741 256 2767 pp.
278 2734 338 2765 178,
360 2739 420 2765 179.
1057 2735 1154 2762 “inter
1172 2736 1244 2761 duos
1256 2736 1353 2762 lauros
1372 2739 1400 2762 et
1414 2738 1563 2771 mysileum
1583 2737 1631 2762 ubi
1646 2739 1736 2762 mater
1755 2738 1843 2770 ipsius
1855 2739 1967 2770 sepulta

36 2793 50 2820 ἓ
187 2773 199 2792 ⁵
217 2775 248 2800 L.
266 2775 310 2805 P..
330 2775 388 2800 vol.
407 2775 468 2806 cit„
488 2783 515 2809 p.
538 2779 603 2809 1792
625 2774 638 2788 ‘¹
650 2775 678 2799 in
697 2781 753 2807 quo
772 2776 837 2801 loco
859 2777 914 2802 hoc
935 2785 1002 2803 con·
1057 2778 1070 2792 ¹*
1081 2779 1125 2804 est
1144 2779 1251 2805 Helena
1270 2780 1412 2812 Augusta,
1431 2780 1479 2804 via
1499 2780 1654 2811 Lavicann,
1675 2780 1804 2806 millai-lo
1822 2786 1859 2805 111
1869 2798 1894 2813 ,μ

33 2819 51 2840 ⁴,
99 2818 216 2844 ⁴¹stituit
235 2817 342 2843 donum
355 2834 379 2851 ‚.
1136 2818 1158 2837 ¹¹
1176 2820 1208 2848 L.
1225 2822 1270 2851 P..
1289 2822 1348 2848 vol.
1368 2822 1425 2853 cit„
1443 2830 1471 2855 p.
1493 2821 1550 2855 183.

185 2858 197 2876 ⁶
215 2860 246 2886 L.
265 2860 314 2886 P..-
334 2859 430 2892 “quae
449 2860 545 2885 lucent
562 2866 596 2885 ex
618 2861 835 2894 argentoun„
1134 2861 1158 2879 ¹²
1177 2863 1206 2889 L.
1226 2864 1271 2894 P..
1291 2872 1318 2897 p.
1341 2865 1400 2898 184.

185 2901 196 2918 ⁷
215 2902 246 2928 L.
265 2902 308 2931 P..
328 2902 384 2928 loc.
402 2902 451 2927 cit.
479 2909 499 2927 κ
517 2903 626 2927 omette
645 2902 665 2927 ll
685 2903 772 2928 resto.
1136 2903 1159 2922 ¹³
1177 2905 1207 2932 L.
1227 2906 1272 2936 P..
1291 2914 1319 2939 p.
1342 2907 1399 2939 185.

49 2975 52 2976 ⁷
186 2942 198 2961 θ
216 2944 245 2970 L.
264 2944 309 2974 P„
329 2944 384 2969 voi.
403 2945 462 2975 cit„
482 2951 508 2976 p.
531 2945 591 2971 180.
617 2952 636 2969 R
656 2947 778 2970 omette:
798 2945 841 2971 ‘a
860 2945 1001 2972 silvestro
1133 2946 1154 2964 ¹⁴
1172 2948 1202 2974 L.
1222 2949 1265 2978 P..
1284 2957 1312 2981 p.
1336 2949 1392 2975 186.
1420 2957 1439 2975 a
1459 2951 1565 2975 omette
1585 2950 1633 2982 poi
1653 2951 1730 2975 tutto
1749 2950 1771 2975 ¹1
1790 2951 1867 2976 resto
1890 2950 1964 2976 della

0 3018 1 3027 ἵ
49 2998 54 3001 «
96 2986 109 3000 ‘⁴
121 2987 269 3022 episcopo,
288 2986 335 3012 ubi
354 2988 382 3011 ot
401 2987 553 3012 constituit
577 2987 683 3012 donum
703 2987 758 3012 hoc
771 3004 785 3019 ,‚
809 2995 863 3013 eon
881 2986 1001 3015 l’elenco
1055 2997 1083 3023 p.
1106 2991 1164 3022 187.

40 3030 59 3069 ἡ
97 3028 140 3054 dei
160 3028 238 3054 doni.
1133 3029 1155 3048 ¹⁵
1173 3032 1202 3058 L.
1222 3033 1266 3062 P..
1285 3033 1306 3065 1,
1326 3040 1387 3059 xxv
1408 3034 1446 3066 (p.
1467 3034 1540 3067 ποι).

184 3069 196 3087 ⁹
215 3071 243 3096 L.
255 3071 299 3101 P..
310 3071 367 3096 vol.
377 3071 434 3101 cit.¹
445 3078 471 3103 p.
485 3070 545 3097 181.
565 3071 651 3103 Depo
664 3070 745 3103 Δία.
753 3071 797 3105 Ρ.)
811 3072 861 3097 ha:
874 3072 923 3098 “et
934 3075 999 3099 ante
1136 3073 1158 3091 ¹⁸
1178 3075 1207 3101 L.
1226 3076 1271 3105 P..
1290 3075 1345 3102 loc.
1365 3077 1414 3102 cit.
1441 3076 1504 3101 dice
1522 3077 1573 3101 che
1598 3076 1696 3103 Marco
1721 3077 1751 3102 fu
1770 3077 1884 3112 sepolto
1906 3076 1919 3091 ‘¹
1931 3079 1960 3104 in

259 3185 552 3219 T.vn‚p.1-6.

1995 2784 2027 2810 25

1993 3000 2027 3026 30

2057 1033 2077 1050 c.
2092 1028 2152 1049 ¹08⁶

2058 1812 2155 1832 Marcus

2057 1845 2079 1860 n.
2096 1838 2123 1859 C.
2139 1840 2178 1864 ³³6

2053 1945 2073 1961 c.
2088 1945 2127 1964 1⁰9
2135 1945 2150 1960 a
