2398 3470
0 199 19 206 ἶ
0 171 3 174 ’
0 0 20 161 ῆνθ-’ἕϊιᾴάἓέᾯῃ

1 586 26 604 ³⁴·

0 877 4 886 ’-
28 863 82 907 10
109 864 271 897 “meruit.
317 864 431 908 Leges
454 874 591 908 quoque
615 864 863 903 Romanorum,
887 874 1030 907 quarum
1061 863 1240 905 prolixitas
1267 864 1373 896 nimia
1403 869 1488 902 erat,
1521 862 1718 906 inutilisque
1750 861 1964 895 dissonantia

7 840 35 846 Τ
3 606 35 823 ῖὲἓᾚψςὲὲῼνῖζᾴῳκῖ
0 432 27 583 &fri-2:2²2
10 357 14 362 ·

105 256 158 291 [Α.
178 256 212 283 c.
231 256 382 289 soi-564]
689 248 977 285 ROMUALDI
1006 247 1368 285 SALERNITANI
1889 245 1958 282 115

107 325 126 334 ιι
127 323 1954 333 ιιιιιιιιιιιιιιιιιιιιιιιιιιιιιιιιιιιιιιιιιιιιιιιιιιιιιιιιιιιιιιιιιιιιιιιιιιιιιιιιιιιιιιιιιιιιιιιιιιιιιιιιιιιιιιιιιιιιιιιιιιιιιιιιιιιιιιιιιιιιιιιιιιιιιιιιιιιιιιιιιιιιιιιιιιιιιιιιιιιιιιιιιιιιιιιιιιιιιιι

104 393 225 416 uersus
249 383 383 416 Gothos
406 383 618 416 conferrent.
668 382 740 421 Qui
756 383 860 415 maris
876 382 1048 415 Adriatici
1064 382 1174 414 sinum
1199 381 1396 419 transuecti,
1420 381 1542 414 sociati
1558 381 1726 414 Romanis
1742 390 1868 424 magno
1884 390 1962 413 cum

105 437 231 471 Gothis
253 436 440 469 certamine
465 437 670 469 conflixere.
717 435 854 474 Quibus
878 432 1027 470 deuictis
1050 441 1085 468 et
1106 445 1216 479 usque
1242 435 1288 468 ad
1310 435 1582 468 internecionem
1605 435 1736 477 pariter
1752 445 1830 467 cum
1846 433 1964 466 Totila

105 500 223 530 eorum
237 500 320 534 rege
336 499 428 533 pene
444 490 579 529 deletis,
597 490 756 523 honorati
771 490 884 522 multis
899 489 1098 522 muneribus
1113 488 1338 533 Longobardi
1354 489 1505 521 uictores
1529 489 1573 521 ad
1597 488 1743 531 propria
1757 492 1961 525 remearunt,

105 549 139 576 et
154 543 247 577 omni
263 548 432 585 tempore,
450 554 522 587 quo
538 543 762 587 Langobardi
778 543 993 575 Pannoniam
1011 543 1248 585 possederunt,
1265 542 1425 575 Romane
1441 541 1635 584 reipublice
1652 542 1816 574 aduersus
1832 540 1964 573 emulos

62 595 82 630 5
106 597 280 630 adiutores
303 597 454 629 fuerunt.
506 597 634 641 Sicque
658 597 778 629 Nax-sis
800 596 995 629 uniuersam
1027 596 1161 628 Italiam
1185 596 1230 628 ad
1253 595 1445 638 reipublice
1471 596 1546 627 iura
1567 595 1717 628 reduxit.
1763 594 1882 627 Totila
1911 594 1963 626 in-

105 650 267 689 terfecto,
293 649 353 693 qui
377 651 445 682 iam
469 650 561 682 ultra
585 650 708 683 decem
731 660 839 682 annos
861 650 899 682 in
922 660 964 682 ea
986 654 1204 692 regnauerat.
1250 648 1331 681 Pari
1356 649 1459 681 etiam
1475 650 1578 682 modo
1603 648 1809 682 Iustinianus
1824 653 1860 681 et
1878 647 1963 680 alias

103 709 236 748 gentes,
258 713 328 736 non
351 703 461 736 solum
485 714 550 746 per
573 703 776 736 Belisarium
801 703 990 735 Patricium
1023 714 1145 735 uerum
1169 702 1273 735 etiam
1298 707 1332 734 et
1355 712 1419 745 per
1442 702 1528 735 alios
1551 712 1630 735 suos
1653 702 1762 734 duces
1784 701 1867 734 belli
1886 701 1961 733 iure

105 756 318 799 compressit.
369 758 383 774 “
399 755 514 794 Quam
538 755 583 790 ob
607 767 745 789 causam
769 762 912 799 propter
934 756 1058 789 horum
1076 755 1226 789 omnium
1254 755 1416 788 uictorias
1438 761 1476 787 ut
1498 754 1759 795 Alamannicus,
1783 755 1963 793 Gothicus,

106 810 121 828 ⁸
137 810 357 850 Franciscus,
389 810 627 850 Germanicus,
658 809 804 849 Asticus,
835 808 1012 849 Alanicus,
1043 808 1301 853 Africanusque
1333 810 1521 849 diceretur,
1553 809 1683 842 habere
1713 809 1773 842 hec
1802 808 1937 841 nomina
1952 809 1961 827 ¹

108 918 124 936 ‘⁴
137 916 284 950 mirabili
307 916 477 950 breuitate
501 917 663 950 correxit.
709 917 798 950 Nam
814 927 933 950 omnes
950 916 1213 950 constitutiones
1229 917 1437 960 principum,
1455 926 1524 960 que
1540 917 1659 960 utique
1682 916 1798 948 multis
1812 916 1848 948 in
1863 915 1963 948 uolu-

110 971 124 988 “
138 970 287 1003 minibus
308 970 536 1009 habebantur,
559 971 649 1003 intra
672 967 858 1004 duoHecim
883 969 988 1003 libros
1012 970 1192 1010 coartauit,
1215 971 1394 1014 ipsumque
1415 971 1581 1003 uolumen
1597 970 1767 1003 Codicem
1791 967 1963 1012 appellari

111 1023 308 1067 “precepst-
353 1023 598 1067 Rursum[que]
621 1017 837 1067 singulorum
867 1024 1128 1067 magistratuum
1159 1024 1232 1056 siue
1258 1024 1415 1056 iudicum
1438 1024 1545 1067 leges,
1571 1033 1639 1067 que
1670 1034 1780 1067 usque
1812 1023 1858 1056 ad
1892 1022 1963 1055 duo

109 1079 124 1096 “
137 1077 246 1110 millia
261 1088 352 1120 pene
368 1077 474 1109 libros
496 1083 595 1109 erant
610 1083 760 1116 extense,
783 1078 875 1110 intra
898 1076 1148 1121 quinquaginta
1170 1077 1336 1111 librorum
1359 1088 1537 1110 numerum
1559 1076 1697 1122 redegit
1720 1087 1866 1121 eumque
1894 1075 1964 1109 Co-

43 1130 80 1163 15
111 1132 126 1149 ‘⁴
140 1130 254 1163 dicem
277 1130 508 1174 Digestorum,
533 1130 607 1162 siue
630 1130 886 1164 Pandectarum
909 1130 1081 1164 uocabulo
1112 1131 1336 1174 nuncupauit.
1383 1131 1559 1170 Quattuor
1582 1131 1684 1164 etiam
1709 1129 1961 1163 Institutionum

110 1185 125 1202 “
138 1184 254 1222 libros,
278 1184 313 1216 in
344 1183 468 1228 quibus
497 1183 653 1216 breuiter
681 1184 919 1217 uniuersarum
951 1183 1067 1228 legum
1098 1189 1212 1217 textus
1245 1185 1560 1228 comprehenditur,
1591 1184 1726 1217 nouiter
1757 1183 1962 1226 composuit.

111 1237 256 1270 “Nouas
290 1246 428 1281 quoque
463 1237 557 1282 leges
587 1247 673 1280 quas
703 1237 777 1280 ipse
800 1243 968 1270 statuerat
997 1238 1034 1270 in
1056 1249 1161 1270 unum
1192 1237 1368 1271 uolumen'
1392 1239 1565 1277 redactas,
1597 1238 1759 1271 eumdem
1792 1236 1961 1270 Codicem

106 1290 121 1307 ‘⁶
140 1289 387 1332 Nouella[ru]m
411 1291 605 1333 nuncupari
628 1290 785 1324 sanciuit.
831 1290 1056 1324 Construxit²
1080 1301 1219 1334 quoque
1245 1292 1337 1324 idem
1353 1291 1516 1334 princeps
1538 1292 1630 1324 intra
1645 1291 1766 1324 urbem
1792 1290 1961 1324 Constan-

110 1345 125 1361 “
136 1343 318 1386 tinopolim
333 1349 489 1376 sanctum
505 1343 571 1376 Dei
586 1344 694 1386 patris
707 1344 887 1387 templum,
903 1345 998 1388 quod
1020 1355 1127 1388 greco
1149 1345 1322 1378 uocabulo
1339 1347 1349 1363 ‘
1360 1344 1476 1389 Agian
1491 1344 1648 1388 Sophian
1658 1344 1666 1358 ’
1689 1345 1782 1377 idest
1798 1344 1961 1377 Sanctam

37 1398 80 1429 20
109 1398 124 1414 ¹⁶
137 1396 352 1439 Sapientiam
375 1397 573 1430 nominauit.
620 1397 727 1430 Cuius
751 1407 837 1440 opus
854 1398 942 1430 adeo
960 1403 1084 1431 cuncta
1100 1398 1239 1431 edificia
1262 1398 1415 1438 excellit,
1438 1404 1477 1430 ut
1497 1398 1535 1430 in
1556 1398 1639 1431 totis
1654 1403 1823 1431 terrarum
1843 1398 1962 1441 spatiis

109 1451 124 1468 ‘⁴
137 1449 218 1482 huic
241 1449 355 1482 simile
379 1460 449 1482 non
471 1449 581 1493 possit
602 1450 764 1482 inueniri.
812 1450 896 1483 Erat
912 1450 1002 1483 enim
1019 1451 1077 1484 hic
1092 1451 1256 1494 princeps
1279 1451 1347 1483 fide
1371 1451 1572 1490 catholicus,
1596 1451 1633 1484 in
1655 1451 1818 1494 operibus
1833 1456 1959 1491 rectus,

109 1504 124 1521 ¹⁴
135 1503 264 1547 pietate
286 1503 445 1545 insigms,
469 1503 507 1535 in
530 1503 667 1536 iudiciis
690 1503 809 1543 iustus,
833 1504 992 1547 equitatis
1014 1504 1124 1537 cultor
1146 1506 1328 1547 egregius,
1352 1504 1504 1547 ideoque
1528 1504 1645 1538 omnia
1669 1500 1704 1537 ei'
1729 1504 1960 1538 occurrebant

109 1559 123 1576 ⁸
135 1556 172 1589 in
195 1555 322 1589 bonum
334 1580 348 1596 „
356 1556 378 1589 ⁸.

191 1609 254 1644 His
277 1615 391 1642 autem
414 1610 628 1654 temporibus
651 1610 864 1644 beatissimus
887 1617 987 1654 pater
1017 1612 1226 1645 Benedictus
1249 1613 1344 1655 apud
1375 1611 1554 1645 Cassinum
1578 1611 1739 1645 radiabat
1765 1612 1957 1651 uirtutibus,

36 1662 80 1696 25
103 1664 163 1707 qui
185 1670 288 1698 nocte
312 1663 374 1697 illa
407 1674 475 1708 que
498 1670 656 1696 sanctum
679 1664 891 1707 precedebat
916 1665 1007 1697 diem
1031 1664 1176 1704 sabbati,
1201 1676 1270 1709 quo
1293 1665 1416 1710 uigilia
1438 1665 1700 1699 resurrectionis
1722 1665 1852 1699 Christi
1876 1666 1960 1699 coli-

99 1723 166 1758 tur,
188 1717 323 1751 scilicet
346 1717 556 1751 duodecimo
580 1717 749 1750 kalendas
772 1718 902 1760 aprelis
924 1719 999 1751 Deo
1023 1718 1179 1761 spiritum
1196 1718 1352 1751 reddidit
1362 1718 1385 1751 ⁴.
1438 1720 1452 1736 “
1465 1718 1576 1751 Huius
1591 1718 1808 1762 temporibus
1823 1719 1961 1753 Cassio-

105 1773 120 1789 “
133 1771 255 1804 dorum
279 1772 373 1814 apud
389 1771 512 1804 urbem
528 1771 675 1804 Romam
693 1777 761 1804 tam
777 1772 935 1811 seculari,
952 1783 1054 1816 quam
1072 1772 1191 1805 diuina
1207 1772 1352 1806 scientia
1368 1772 1493 1805 claruit
1503 1772 1525 1805 ⁵.
1571 1773 1639 1806 Hic
1656 1773 1813 1816 primitus
1829 1773 1959 1813 consul,

104 1825 120 1842 ²
131 1824 258 1858 deinde
282 1830 432 1864 senator,
457 1825 502 1857 ad
525 1831 737 1867 postremum
760 1836 845 1858 uero
861 1826 1050 1858 monachus
1066 1826 1133 1858 fuit
1145 1824 1166 1858 ⁸.
1213 1826 1291 1859 Hoc
1308 1826 1410 1858 etiam
1426 1832 1584 1869 tempore
1600 1827 1787 1871 Dionysius
1803 1827 1910 1861 abbas
1925 1827 1960 1860 in

105 1878 120 1896 “
131 1877 217 1911 urbe
241 1878 355 1911 Roma
372 1878 576 1910 constitutus
591 1878 791 1921 paschalem
815 1879 986 1911 calculum
1003 1879 1186 1921 mira[nda]
1203 1879 1502 1923 argumentatione
1521 1880 1716 1923 composuit
1728 1879 1772 1921 „⁷,
1792 1881 1962 1924 incipiens

27 1930 76 1964 -30
98 1930 143 1964 ab
165 1941 256 1964 anno
280 1930 454 1964 dominice
477 1930 726 1964 incarnationis
749 1931 944 1964 .DXXX11.
962 1932 1020 1975 qui
1037 1938 1089 1965 est
1105 1942 1216 1965 annus
1229 1932 1440 1965 Diocletiani
1464 1931 1646 1966 CCXLIX
1670 1933 1797 1966 Uictor
1820 1944 1958 1978 quoque

101 1984 288 2027 Capuanus
311 1984 496 2027 episcopus
527 1984 652 2017 librum
684 1985 728 2017 de
760 1986 891 2028 pascha
921 1985 1088 2025 scribens,
1117 1985 1266 2018 Uictorii
1296 1986 1411 2029 arguit
1440 1996 1576 2018 errores
1588 1985 1610 2019 ⁸.
1660 1987 1675 2003 ‘⁴
1691 1987 1794 2019 Tunc
1819 1998 1958 2031 quoque

1989 258 2199 284 Mun.,cc.114-115

2039 502 2059 518 c.
2074 503 2113 521 uo
2121 503 2135 517 a

2040 1253 2062 1269 c.
2075 1253 2114 1272 uo
2121 1246 2134 1266 b

1982 1602 2119 1623 Benedictus
2135 1603 2187 1623 Cas.

1982 1629 1994 1653 †
2009 1635 2031 1650 21
2048 1635 2127 1650 marzo
2140 1634 2180 1655 5⁴3

103 2038 117 2056 ⁸
130 2037 225 2080 apud
255 2037 592 2080 Constantinopolim
627 2037 826 2071 Priscianus
854 2038 1069 2071 Cesariensis
1098 2039 1322 2083 grammatice
1354 2038 1444 2072 artis'
1478 2040 1654 2082 profunda
1689 2040 1830 2073 rimatus
1867 2047 1919 2073 est
1932 2039 1954 2073 ⁹.
2031 2053 2051 2067 c·
2068 2053 2127 2071 wa

104 2089 261 2124 “Arator
283 2090 388 2124 etiam
411 2091 571 2124 Romane
597 2092 747 2125 ecclesie
770 2091 1003 2126 subdiaconus
1026 2093 1263 2135 apostolorum
1286 2099 1383 2126 actus
1405 2093 1563 2126 uersibus
1577 2093 1601 2112 ¹⁰
1625 2094 1781 2127 exarauit
1794 2117 1825 2134 ,,.
1873 2093 1954 2132 Quo

94 2149 248 2187 tempore
272 2143 392 2177 beatus
421 2144 614 2178 Germanus
643 2145 816 2187 parisiace
847 2145 943 2178 urbis
972 2146 1159 2189 episcopus
1189 2147 1226 2178 in
1255 2146 1437 2179 sanctitate
1462 2146 1617 2180 clarebat
1631 2146 1664 2179 ¹¹.
1712 2147 1814 2180 Tunc
1846 2147 1952 2180 etiam

190 2255 212 2273 1.
231 2247 318 2274 Getas
341 2248 365 2273 G
379 2262 412 2267 —
431 2255 456 2281 3.
477 2256 528 2274 suo
547 2255 612 2282 rege
630 2249 656 2273 B
668 2248 692 2272 C
709 2262 717 2267 -
738 2256 808 2281 pene
827 2249 929 2274 deletis
948 2257 1040 2274 manca
1059 2250 1089 2274 ιή
1108 2250 1131 2274 Α
1153 2263 1161 2268 -
1182 2257 1304 2275 remeare
1325 2251 1350 2276 C
1366 2263 1399 2269 —
1419 2257 1442 2284 5.
1462 2251 1558 2284 jurare
1577 2250 1662 2276 duxit
1684 2250 1708 2275 C
1724 2264 1757 2269 —
1776 2251 1800 2276 6.
1820 2253 1887 2283 quia
1916 2251 1955 2279 C,-

99 2290 148 2322 qui
166 2290 226 2315 AB
244 2303 277 2308 —
296 2289 320 2315 8.
339 2291 525 2316 Alamanicus
537 2291 631 2316 AB-
647 2298 686 2323 13.
701 2291 809 2316 Rursus
828 2291 889 2315 AB
907 2304 917 2309 -
938 2291 1074 2316 indiciam
1093 2292 1115 2316 C
1131 2305 1164 2310 —
1187 2299 1226 2324 14.
1246 2293 1328 2317 milia
1348 2293 1409 2318 AB
1428 2306 1461 2311 —-
1477 2292 1516 2318 16.
1531 2293 1746 2326 comprenditur
1764 2293 1829 2317 C—
1853 2299 1891 2326 17.
1906 2302 1954 2318 vo-

99 2331 194 2358 lumen
212 2333 247 2358 ab
264 2339 299 2357 eo
321 2333 345 2357 C
361 2346 370 2351 -
388 2333 509 2358 eundem
531 2333 554 2358 C
571 2347 603 2351 —
627 2332 665 2358 18.
685 2333 837 2359 Novellam
855 2333 915 2358 AB
928 2334 966 2361 C.-
985 2334 1117 2359 paunus:
1130 2334 1316 2359 Novellarum
1336 2348 1346 2354 -
1366 2342 1530 2369 nuncupare
1546 2335 1569 2359 C
1586 2350 1619 2355 —
1638 2342 1680 2360 21.
1694 2336 1761 2360 huic
1774 2336 1914 2370 prlncipls
1932 2335 1956 2360 C

99 2387 132 2392 —
151 2379 193 2407 ²4.
212 2372 349 2400 Casinum
367 2375 392 2400 A
412 2389 445 2393 —
464 2382 506 2408 34.
525 2375 694 2400 diocliciani
719 2375 742 2399 C
758 2389 767 2394 -
788 2374 925 2401 CC.LXX
946 2376 969 2400 C

31 2459 36 2478 ῃ
54 2456 70 2484 5
183 2448 193 2466 ¹
212 2450 336 2481 PAuuss,
356 2452 398 2476 De
413 2455 478 2484 gest.
493 2452 590 2484 lang„
603 2452 624 2482 1,
638 2460 699 2486 cap.
712 2459 788 2478 xxv:
807 2453 901 2478 habere
913 2461 994 2486 agno-
1051 2452 1064 2467 “
1076 2455 1185 2479 tissime
1205 2456 1342 2480 reseravit
1353 2472 1376 2487 ,,.
1979 2463 2013 2482 20

29 2497 33 2503 ·’
97 2491 170 2517 nin
187 2494 292 2518 meruit.
1136 2494 1148 2512 ⁶
1167 2496 1347 2527 ΡΑυιυε,....
1369 2496 1430 2522 “ad
1450 2499 1623 2531 postremum
1644 2498 1799 2523 monachus
1824 2499 1915 2523 emim
1927 2516 1950 2531 „.

183 2532 195 2550 ²
214 2533 337 2565 murus,
357 2535 411 2561 loc.
430 2536 496 2560 cit..·
515 2534 676 2561 Enxtruxlt.
1137 2539 1148 2556 7
1167 2547 1186 2565 R
1205 2541 1289 2574 copia
1309 2541 1423 2569 Paulus.
1443 2541 1481 2566 fin
1501 2542 1565 2574 qul;
1581 2542 1748 2567 mostrando
1762 2542 1808 2567 nel
1829 2543 1905 2567 resto
1919 2541 1949 2567 dl

183 2573 195 2591 ³
213 2575 305 2602 lusu:
327 2576 341 2591 “
351 2577 419 2602 Erat
438 2578 515 2602 enim
534 2578 581 2603 hic
601 2578 734 2612 princeps
753 2578 807 2603 fide
826 2579 994 2608 catholicus,
1049 2590 1201 2609 conoscere
1220 2584 1422 2609 direttamente
1442 2584 1549 2617 l’opera
1568 2584 1597 2609 di
1617 2584 1765 2616 Dynmum
1781 2584 1913 2617 Exiguus.

32 2640 35 2663 i
60 2642 62 2650 k
99 2615 155 2642 “in
169 2619 301 2652 operibus
314 2622 417 2652 rectus,
430 2621 462 2645 in
475 2621 588 2655 Judicio
602 2622 702 2655 justus,
722 2621 842 2654 ideoque
855 2623 883 2647 et
897 2624 995 2648 omnia
1137 2623 1148 2641 ⁸
1172 2626 1260 2651 Victor
1277 2626 1411 2658 episcopm
1437 2628 1526 2658 capue
1550 2627 1639 2651 eletto
1667 2627 1711 2651 nel
1734 2627 1860 2651 sebbralo
1888 2631 1947 2660 541,

36 2666 72 2691 ἰο
100 2659 331 2688 “concurrebant
351 2664 382 2688 in
402 2664 508 2688 bonum
520 2680 544 2695 „.
1050 2670 1143 2692 morto
1171 2673 1202 2700 17
1229 2669 1341 2693 ottobre
1362 2674 1420 2701 554.
1459 2667 1505 2693 Cf.
1530 2668 1683 2701 Patrologia
1707 2668 1802 2697 latina,
1821 2668 1948 2699 LXVIII,
1978 2671 2010 2698 25

186 2702 199 2719 ⁴
217 2702 302 2734 1⁰1⁸,
316 2711 376 2738 081)-
390 2705 489 2734 XXVI,
504 2713 520 2730 a
534 2706 685 2739 proposito
699 2705 730 2730 di
750 2706 905 2732 Benedetto
919 2707 994 2732 dice:
1051 2715 1111 2742 251.
1130 2717 1148 2735 R
1171 2709 1238 2743 pero
1258 2712 1347 2735 trasse
1373 2711 1399 2735 la
1427 2711 1534 2735 notizia
1557 2712 1591 2735 da
1622 2711 1711 2741 BEDA,
1739 2711 1781 2736 De
1807 2718 1852 2735 sex
1878 2714 1948 2736 aeta-

100 2743 213 2770 “Cuius
232 2746 329 2776 vitam,
349 2748 424 2772 sicut
444 2750 545 2773 notum
564 2750 614 2777 est,
634 2749 733 2773 beatus
753 2756 826 2782 papa
839 2748 996 2782 Gregorius
1049 2753 1120 2777 tibus
1129 2753 1237 2777 mundi:
1254 2753 1267 2765 ‘⁴
1279 2753 1380 2777 Victor
1389 2761 1501 2785 quoque
1512 2753 1666 2785 Capuanus
1679 2754 1829 2785 episcopus
1843 2753 1947 2778 librum

100 2786 155 2813 “ln
164 2789 223 2813 suis
233 2788 366 2823 Dialogis
378 2791 459 2816 suavi
470 2798 600 2816 sermone
610 2792 866 2825 composuit....„.
886 2792 996 2817 Stando
1050 2793 1064 2806 ¹¹
1077 2795 1110 2819 de
1130 2795 1233 2827 pascha
1253 2795 1391 2824 scribens;
1412 2795 1535 2820 Victorii
1556 2797 1652 2828 arguit
1671 2803 1812 2826 errores„.

40 2864 43 2867 v
98 2829 287 2864 ull'oplnione
296 2830 348 2864 piis
358 2839 487 2863 comune,
500 2841 550 2858 san
565 2833 721 2859 Benedetto
736 2832 807 2858 mori
819 2834 840 2858 il
856 2841 886 2858 21
902 2841 995 2859 marzo
1137 2835 1148 2851 ⁹
1169 2843 1187 2860 R
1207 2837 1350 2868 copiando
1377 2837 1502 2866 PAULus,
1529 2838 1606 2869 dopo
1628 2837 1641 2850 ¹‘
1652 2838 1724 2862 artis
1735 2855 1759 2868 „‚
1785 2838 1898 2866 omette,
1918 2839 1949 2861 ut

38 2883 70 2912 ²5
99 2878 158 2905 543.
177 2871 220 2898 Cf.
240 2872 330 2899 Tos'n
349 2873 448 2906 Lurox,
468 2875 547 2899 Deua
559 2876 617 2900 vita
630 2876 662 2899 dt*
672 2875 728 2900 San
744 2877 894 2905 Bene-letto,
917 2877 995 2901 Mon·
1049 2878 1088 2902 tta
1106 2878 1230 2903 dixerim.
1269 2877 1338 2903 Cosl
1366 2879 1411 2903 nel
1438 2880 1583 2912 principio
1610 2879 1653 2903 del
1675 2880 1793 2911 periodo
1816 2880 1948 2911 seguente
1977 2882 2013 2907 30

98 2915 247 2944 tecassiiio,
270 2914 344 2949 1892,
366 2925 392 2949 p.
413 2916 473 2942 281.
1049 2922 1169 2944 omettez
1192 2920 1267 2945 Tunc
1284 2927 1387 2953 quoque
1405 2921 1641 2946 nikilominus....

183 2955 195 2972 ⁶
213 2963 231 2982 n
251 2959 382 2991 riprende
402 2966 417 2984 a
437 2961 551 2993 copiare
571 2960 594 2985 u
614 2968 674 2993 cap.
696 2960 774 2985 XXV
793 2961 823 2986 di
843 2960 941 2990 Paolo,
963 2961 994 2986 di
1127 2960 1148 2978 ¹⁰
1168 2969 1185 2986 R
1204 2964 1324 2996 ornette3
1343 2963 1510 2988 hexametris.
1547 2963 1617 2988 Pare
1637 2965 1687 2988 che
1706 2965 1807 2995 questo
1830 2964 1902 2988 fatto
1923 2964 1948 2989 si

46 2996 49 2998 ”
98 2999 143 3023 cul
163 3001 269 3025 omette
287 3000 355 3034 pero
381 3001 457 3034 dopo
475 3001 592 3027 claruit:
622 3002 695 3034 “qul
719 3003 794 3028 inter
819 3005 919 3033 cetera,
942 3011 994 3036 que
1049 3005 1177 3029 risen-isca
1198 3006 1223 3029 ai
1244 3006 1331 3038 tempi
1352 3006 1380 3029 (Ιί
1402 3012 1475 3038 papa
1495 3006 1615 3037 Vigilio,
1637 3014 1717 3030 verso
1739 3007 1757 3030 il
1781 3012 1839 3038 544.

100 3038 115 3053 ¹'
125 3041 262 3067 nobiliter
281 3043 403 3076 sedpslt,
423 3044 596 3077 psalmorum
618 3045 749 3079 precipue
768 3046 879 3070 occulta
894 3048 993 3079 poten·
1127 3045 1147 3062 ¹¹
1169 3045 1345 3072 Ganooxuus
1364 3046 1566 3076 TURounNsxs,
1586 3051 1625 3081 op.
1645 3049 1699 3079 cit„
1720 3049 1767 3078 1V,
1788 3054 1829 3082 27.
