2398 3470
169 242 220 279 [a
240 241 274 270 c.
294 241 388 277 11⁷⁷}
751 234 1042 272 ROMUALD1
1070 234 1435 272 SALERNITANI

166 359 266 399 dixit,
288 370 437 403 moxque
460 370 480 392 a
496 359 698 392 Teotonicis
723 358 739 375 ‘⁶
753 359 806 392 Te
830 359 942 392 Deum
966 358 1147 391 laudamus
1161 383 1178 401 „
1212 364 1266 391 est
1300 357 1440 391 excelsa
1469 366 1559 390 uoce
1591 361 1778 389 cantatum.
1825 356 2018 398 Imperator

165 418 281 446 sutem
304 412 522 455 apprehensa
544 422 635 455 pape
660 412 816 451 dextera,
839 413 950 455 ipsum
973 412 1010 444 in
1034 411 1223 444 ecclesiam
1244 410 1452 449 introduxit,
1476 415 1512 443 et
1534 415 1683 452 accepta
1706 409 1750 442 ab
1781 408 1843 442 illo
1873 407 2018 442 benedi-

170 465 284 498 ctione
299 463 308 481 ¹
331 465 376 498 ad
391 465 556 508 palatium
572 465 672 497 ducis
687 474 765 497 cum
781 464 851 497 suis
866 464 982 496 rediit.
1029 463 1126 506 Papa
1140 474 1226 496 uero
1243 473 1322 496 cum
1339 462 1576 495 cardinalibus
1591 468 1627 495 et
1641 461 1771 494 nuntiis
1787 461 1883 505 regis
1897 460 2021 493 iterum

168 517 288 562 galeas
307 518 483 562 ingressus
507 518 553 551 ad
576 528 674 550 suum
697 517 884 560 hospitium
907 516 1022 551 rediit.
1070 517 1108 549 In
1133 517 1288 558 uesperis
1311 522 1427 549 autem
1456 515 1646 558 imperator
1675 526 1740 558 per
1768 512 2021 556 nuntios'jsuos'

125 569 145 602 5
170 581 300 613 papam
323 571 407 603 satis
431 571 624 604 affectuose
646 571 792 615 rogauit,
816 576 854 603 ut
876 571 905 603 si
928 571 962 603 ei
985 571 1152 613 placeret,
1175 569 1333 613 sequenti
1358 569 1428 607 die,
1452 569 1490 600 in
1513 568 1604 602 festo
1628 568 1764 602 scilicet
1778 567 1872 601 beati
1890 566 2021 606 Iacchi,

167 623 205 656 in
228 623 381 656 ecclesia
403 624 515 656 sancti
534 624 652 657 *Marci
676 624 855 656 missarum
878 623 1044 656 solemnia
1067 622 1275 660 celebraret;
1300 622 1521 655 desiderabat
1543 621 1635 654 enim
1657 622 1702 655 ab
1725 630 1786 654 ore
1810 621 1886 654 eius
1901 619 2022 653 diuina

168 676 282 709 officia
304 677 453 719 supplex
476 682 511 709 et
534 677 680 710 deuotus
708 676 840 709 audire.
888 674 995 709 Cuius
1023 675 1183 718 petitioni
1214 685 1305 717 papa
1335 685 1509 707 assensum
1541 675 1713 718 benignus
1743 674 2022 712 accommodans,

166 739 298 762 summo
321 739 422 762 mane
447 739 524 762 cum
547 729 782 762 cardinalibus
803 730 850 762 ad
872 729 984 762 sancti
1006 728 1121 762 Marci
1138 728 1323 761 ecclesiam
1338 727 1444 761 uenit.
1491 727 1598 761 Cuius
1613 728 1814 760 uestiarium
1831 727 2018 771 ingressus,

42 815 43 819 ,
169 792 246 814 cum
268 782 487 825 patriarchis,
510 782 784 825 archiepiscopis
809 788 844 814 et
865 781 1040 825 episcopis
1063 786 1098 814 et
1120 780 1356 814 cardinalibus
1386 780 1578 813 honorifice
1608 780 1691 813 satis
1720 786 1755 813 et
1785 779 2022 813 ecclesiastice

43 839 53 853 ¹·
108 835 148 868 10
170 844 208 867 se
229 835 356 874 induit,
379 842 412 868 et
435 835 481 868 ad
504 835 716 868 celebranda
739 835 859 867 diuina
881 835 1062 868 missarum
1083 834 1252 868 solemnia
1274 834 1484 876 preparauit.
1532 833 1725 875 Imperator
1746 838 1874 872 autem,
1896 839 1936 866 ut
1957 833 2022 865 hu-

169 887 361 926 militatem,
385 898 489 931 quam
514 887 620 920 corde
644 893 866 930 conceperat,
890 897 996 930 opere
1019 888 1284 926 demonstraret,
1308 892 1419 919 sumto
1443 885 1600 919 stratoris
1631 885 1754 924 officio,
1785 885 1928 928 pallium
1959 886 2023 919 de-

170 941 294 983 posuit,
317 952 420 974 manu
443 941 577 984 uirgam
601 940 750 983 accepit,
774 940 893 984 laycos
915 941 960 972 de
984 940 1093 973 choro
1116 939 1247 982 expulit
1269 945 1305 972 et
1326 949 1419 982 pape
1442 939 1488 972 ad
1518 939 1625 971 altare
1649 939 1846 972 solemniter
1877 945 1911 972 et
1940 948 2021 982 pro-

169 994 408 1027 cessionaliter
429 993 587 1026 uenienti
610 995 702 1026 uiam
724 999 898 1037 tamquam
923 993 1085 1026 ostiarius
1106 993 1316 1036 preparauit.
1362 993 1499 1025 Dehinc
1530 992 1565 1024 in
1596 993 1704 1025 choro
1735 1003 1815 1025 cum
1848 992 2024 1036 archiepi-

170 1047 296 1090 scopis,
321 1047 496 1090 episcopis
519 1053 554 1079 et
576 1046 713 1079 clericis
735 1046 943 1079 Alamannis
965 1056 1159 1085 remanens,
1181 1045 1305 1091 quibus
1327 1056 1369 1079 eo
1393 1045 1451 1079 die
1473 1045 1638 1079 cantandi
1662 1045 1854 1078 iniunctum
1871 1050 1946 1078 erat
1969 1046 2024 1078 of-

110 1101 149 1134 15
172 1101 287 1133 ficium
300 1100 322 1139 ⁸,
344 1101 481 1133 missam
505 1100 635 1133 domini
658 1110 749 1143 pape
774 1101 899 1133 deuote
922 1100 1003 1133 satis
1026 1106 1060 1133 et
1083 1099 1257 1132 humiliter
1283 1099 1458 1132 audiebat.

259 1154 416 1197 Cumque
441 1154 536 1187 dicto
560 1153 745 1196 euangelio
768 1163 861 1196 papa
882 1153 1098 1186 ascendisset
1120 1153 1304 1196 pulpitum,
1327 1158 1365 1185 ut
1388 1152 1623 1195 alloqueretur
1644 1153 1812 1195 populum
1825 1155 1847 1191 ⁸,
1876 1153 2023 1195 impera—

171 1213 226 1240 tor
248 1207 422 1240 accedens
445 1207 597 1249 propius,
621 1206 718 1248 cepit
739 1206 847 1239 uerba
878 1206 952 1239 eius
981 1207 1145 1239 attentius
1176 1206 1382 1240 auscultare.
1430 1205 1537 1239 Cuius
1568 1205 1790 1239 deuotionem
1819 1217 1913 1249 papa
1945 1206 2024 1240 dili-

168 1266 292 1304 genter
313 1259 507 1297 attendens‚
531 1259 649 1298 uerba,
673 1270 740 1303 que
763 1259 838 1301 ipse
862 1258 1071 1292 litteratorie
1094 1259 1308 1302 proferebat,
1331 1259 1418 1291 fecit
1440 1269 1506 1301 per
1526 1259 1760 1302 patriarcham
1791 1258 1955 1303 Aquileie
1987 1260 2024 1292 in

168 1313 290 1358 lingua
312 1312 509 1345 Teotonica
532 1312 713 1344 euidenter
735 1312 873 1354 exponi.
919 1312 1036 1345 Finito
1059 1318 1173 1345 autem
1195 1321 1365 1350 sermone,
1389 1317 1424 1344 et
1451 1313 1466 1329 “
1479 1310 1598 1344 Credo
1619 1312 1656 1344 in
1679 1323 1784 1345 unum
1807 1313 1919 1346 Deum
1934 1338 1949 1355 „
1968 1323 2024 1346 so-

41 1375 50 1393 ’-
105 1367 148 1399 20
171 1366 332 1399 lemniter
355 1365 550 1403 decantato,
566 1365 752 1407 imperator
768 1375 847 1398 cum
862 1366 931 1398 suis
947 1364 1163 1408 principibus
1178 1365 1224 1398 ad
1238 1365 1348 1408 pedes
1364 1375 1455 1407 pape
1473 1363 1629 1398 de'uotus
1645 1365 1796 1398 accessit
1811 1372 1847 1400 et
1863 1365 1988 1399 obtulit
2000 1366 2022 1399 ⁴.

171 1419 289 1452 Finita
310 1425 428 1452 autem
450 1418 564 1457 missa,
587 1428 666 1451 cum
688 1429 782 1461 papa
803 1418 848 1451 ad
871 1429 969 1450 suum
991 1418 1156 1461 palatium
1179 1418 1288 1451 uellet
1310 1418 1439 1457 redire,
1462 1417 1649 1461 imperator
1671 1419 1852 1452 dexteram
1877 1419 1949 1452 eius
1964 1430 2025 1453 ac-

172 1472 319 1515 cipiens,
343 1483 421 1504 eum
443 1482 552 1514 usque
576 1471 622 1504 ad
643 1476 763 1514 portas
779 1471 926 1504 ecclesie
954 1471 1036 1504 satis
1051 1471 1197 1504 honeste
1213 1470 1368 1504 deduxit.
1415 1470 1572 1514 Cumque
1589 1482 1715 1515 equum
1730 1482 1827 1504 suum
1844 1471 1960 1506 album
1979 1473 2023 1506 de

172 1535 268 1559 more
283 1524 399 1558 uellet
421 1525 624 1563 ascendere,
648 1524 838 1567 imperator
860 1534 903 1557 ex
928 1525 995 1557 alia
1018 1530 1114 1567 parte
1137 1524 1323 1563 accedens,
1346 1530 1498 1557 streuam
1522 1524 1598 1558 eius
1627 1525 1746 1564 tenuit,
1778 1531 1813 1558 et
1842 1531 2022 1570 postquam

173 1589 301 1624 equum
324 1579 490 1617 ascendit,
514 1578 627 1621 ipsum
650 1578 900 1621 aliquantulum
923 1579 1078 1611 stratoris
1101 1588 1198 1611 more
1221 1588 1285 1621 per
1306 1578 1398 1611 freni
1420 1577 1497 1611 lora
1520 1577 1677 1618 deduxit,
1707 1588 1810 1622 quem
1840 1589 1933 1622 papa
1961 1579 2024 1613 be-

107 1633 150 1667 25
173 1633 350 1672 nedicens,
372 1632 419 1665 ad
441 1631 626 1674 hospitium
649 1631 763 1664 redire
786 1631 941 1674 permisit
952 1631 975 1664 ⁵.
1021 1632 1100 1674 Ipse
1123 1642 1221 1670 uero,
1244 1631 1340 1665 clero
1364 1637 1399 1665 et
1420 1631 1551 1674 populo
1567 1631 1663 1664 illum
1678 1631 1900 1676 precedente,
1914 1643 2024 1677 usque

174 1686 221 1720 ad
242 1696 337 1719 mare
362 1685 552 1719 descendit.
598 1685 735 1718 Dehine
758 1685 879 1728 galeas
902 1684 1088 1728 ingressus,
1112 1685 1158 1718 ad
1179 1684 1344 1728 palatium
1367 1695 1463 1717 suum
1488 1695 1567 1718 cum
1597 1684 1710 1728 gloria
1740 1690 1792 1718 est
1822 1690 1858 1718 et
1888 1686 2025 1720 honore

174 1749 346 1773 reuersus.

266 1876 291 1894 2.
310 1869 428 1894 ecclesia
446 1869 471 1894 A
489 1882 522 1887 —
542 1877 567 1901 3.
593 1869 707 1894 nunciis
734 1870 769 1900 B,
795 1870 825 1900 C,
850 1868 926 1893 Sauo
949 1876 963 1893 e
981 1869 1072 1893 Arndt
1091 1882 1122 1886 —
1143 1876 1166 1900 4.
1188 1869 1308 1893 nuncios
1329 1869 1362 1897 Β,
1383 1869 1412 1899 C,
1435 1868 1512 1893 Sasso
1529 1876 1543 1892 e
1561 1869 1652 1893 Arndt
1673 1882 1704 1886 —-
1723 1868 1749 1894 6.
1768 1869 1926 1903 solempnia
1946 1870 1970 1894 A
1991 1882 2024 1888 -

182 1918 221 1936 xo.
241 1911 401 1945 solempnia
420 1912 444 1936 Α
465 1925 495 1930 -
525 1918 564 1935 11.
590 1912 704 1944 sumpto
730 1911 753 1935 Α
780 1923 813 1928 -
840 1917 880 1935 12.
906 1910 998 1935 laicos
1025 1911 1058 1941 Β,
1085 1910 1114 1939 C,
1139 1910 1216 1934 Sana
1235 1918 1249 1934 e
1267 1909 1358 1935 Ande
1375 1922 1386 1928 ·
1406 1909 1592 1944 solempniter
1610 1910 1634 1934 A
1656 1924 1687 1927 ——
1712 1917 1751 1943 13.
1771 1910 1928 1936 hostiarius
1949 1911 1972 1935 A
1993 1925 2025 1930 —-—

179 1959 220 1986 ις.
239 1953 338 1979 domni
359 1954 383 1979 C
397 1961 411 1977 a
429 1953 519 1980 Amat
536 1966 572 1971 —
594 1952 633 1978 16.
652 1951 801 1985 Quumque
820 1954 871 1978 Be
889 1952 967 1977 Sasso
981 1966 1012 1970 —
1034 1958 1075 1984 17.
1093 1952 1233 1977 ascultare
1251 1951 1276 1976 Α
1297 1965 1327 1970 -
1351 1957 1440 1984 19-20.
1460 1952 1647 1986 solempniter
1665 1953 1689 1977 A
1708 1967 1739 1970 —
1761 1959 1802 1978 20.
1821 1953 1930 1987 optulit
1949 1953 1973 1978 A
1992 1967 2024 1972 —

178 2003 220 2029 23.
240 1997 381 2022 strenuam
400 1997 601 2026 A3-strenuam
622 1996 724 2021 Car-uso
742 2009 774 2013 —
795 2001 837 2027 25.
856 1995 1019 2028 hospicium
1038 1996 1062 2020 Α

117 2304 149 2323 10

118 2513 148 2540 15

118 2726 152 2745 20

90 2910 150 2962 ,²⁵

176 2084 343 2110 “ordinata
368 2086 462 2110 autem
482 2085 665 2118 processione
685 2092 751 2109 mox
771 2091 786 2108 a
805 2085 914 2117 septem
933 2084 1071 2116 archiepi-

175 2126 190 2142 ''
199 2128 295 2159 scopis
307 2128 336 2152 ei:
349 2128 498 2152 canonicis
511 2127 630 2152 ecclesie
642 2134 729 2159 usque
742 2126 778 2151 ad
790 2126 874 2158 pedes
888 2127 986 2151 domni
1001 2133 1072 2159 pape

176 2168 190 2183 ⁸
201 2170 362 2195 deducitur.
382 2168 449 2199 Quo
467 2177 532 2194 cum
545 2170 730 2202 pervenisset,
742 2169 860 2202 pallium
882 2169 997 2194 rubeum
1015 2177 1072 2201 quo

177 2211 261 2238 “erat
280 2212 398 2238 ludutus
416 2213 560 2246 deposuit,
580 2219 692 2244 seseque
707 2213 737 2236 in
751 2214 853 2236 terram
867 2213 1026 2245 prostravit
1044 2215 1072 2237 et

177 2254 325 2288 “primum
350 2255 434 2288 pedes
462 2254 566 2279 deinde
590 2261 682 2286 genua
708 2253 790 2278 lilius
816 2253 995 2278 deosculatus
1021 2256 1072 2279 est.

177 2295 271 2322 “Mox
286 2297 375 2329 igitur
388 2303 462 2329 papa
481 2303 632 2329 parumper
645 2303 794 2329 assurgens
809 2303 840 2320 ac.
855 2298 973 2328 utraque
987 2303 1071 2322 manu

176 2337 190 2351 ‘⁴
201 2340 289 2371 caput
302 2339 484 2372 imperatoris
504 2338 678 2371 amplectens
692 2345 722 2362 ac
736 2338 914 2367 deosculans.
927 2338 964 2363 ad
977 2337 1067 2363 dexte·

177 2381 259 2406 “ram
279 2388 357 2406 suam
377 2381 529 2406 consedere
549 2381 676 2413 precepit
696 2388 728 2405 sc
742 2381 853 2405 demum
873 2381 914 2405 sic
927 2381 984 2406 aits
1001 2381 1072 2405 Bene

174 2422 302 2452 'venitm
315 2422 367 2455 fill
385 2422 496 2451 ecclesie,
519 2423 672 2455 statimque
691 2422 866 2455 apprehensa
886 2429 971 2447 manu
992 2422 1071 2447 illius

176 2464 190 2478 ⁴¹
200 2464 284 2490 duxit
295 2465 326 2489 in
340 2464 497 2493 ecclesiam,
510 2464 648 2497 imposuit
667 2466 754 2489 etiam
774 2465 909 2497 hymnum
932 2464 967 2488 Te
985 2464 1072 2489 Dm

178 2506 191 2520 “
202 2506 343 2531 laudamus
361 2513 424 2531 cum
443 2506 578 2539 pulsione
597 2507 744 2538 signorum
755 2522 778 2531 ..
788 2521 797 2531 .
808 2525 814 2531 .
825 2525 838 2539 „

268 2548 396 2574 “Eadem
416 2549 511 2581 itaque
536 2548 582 2573 die
608 2549 687 2573 misIt
705 2549 827 2573 domnus
853 2556 926 2583 papa
951 2550 1071 2582 impera-

178 2591 259 2616 Ι’ἴοι-ἰ
281 2599 347 2617 vass.
366 2591 491 2624 plurima
510 2599 593 2617 aures
613 2593 641 2617 et
660 2594 794 2625 argentes
809 2592 931 2617 diversis
943 2592 1071 2617 ciborum

178 2632 352 2666 “generibus
381 2633 492 2658 referta.
529 2633 611 2658 Misit
637 2634 724 2658 etiam
748 2634 875 2659 vitulum
901 2634 1071 2667 saginatum,

176 2675 249 2701 “hec
268 2677 294 2701 ei
319 2676 402 2700 verbs
426 2675 606 2701 mandandoe
636 2675 755 2707 epulari
775 2679 802 2701 ct
822 2676 942 2708 gaudere
963 2678 1072 2708 oportet,

179 2717 268 2749 “quia
285 2717 362 2749 filla-s
379 2725 452 2742 meus
470 2719 589 2742 mortuus
614 2719 652 2742 m
674 2720 700 2742 st
723 2719 883 2746 resurrexit,
903 2718 1025 2750 perierat
1048 2720 1074 2742 et

179 2759 193 2774 ⁸
201 2760 327 2784 inventus
343 2761 382 2784 ert
392 2777 417 2790 „.

266 2800 274 2817 ¹
294 2801 379 2833 Boso,
398 2801 479 2826 wer
496 2801 610 2831 Pontis„
634 2801 668 2831 11,
691 2808 758 2834 44⁰³
779 2801 792 2815 ⁹
805 2801 964 2835 Statimque
984 2809 1070 2835 augu-

179 2842 271 2875 “stus,
293 2844 467 2877 apprehensa
493 2843 637 2876 pontificis
663 2844 788 2872 dextera.
812 2851 876 2869 cum
902 2845 1025 2869 canticis
1043 2847 1072 2868 et

180 2884 194 2899 ⁴¹
204 2885 337 2910 laudibus
349 2892 437 2918 usque
450 2886 483 2910 sd
504 2885 620 2910 chorum
642 2886 732 2919 ipsius
744 2886 862 2911 ecclesie
875 2887 968 2920 ipsum
987 2885 1071 2911 dedu·

179 2927 257 2959 'xit,
271 2929 298 2953 et
313 2928 455 2953 inclinato
474 2928 567 2960 espite
586 2927 813 2953 benedictionem
834 2929 925 2962 ipsius
944 2935 1071 2954 reveren-

149 3002 154 3008 ·
181 2969 195 2984 ⁸
205 2971 247 2995 ter
266 2971 389 3004 suscepit
400 2987 423 3002 „.

267 3011 278 3028 ²
298 3012 382 3042 lons,
404 3013 458 3038 loc.
479 3014 541 3037 cit.:
563 3012 751 3045 “Insequenti
774 3020 841 3039 vero
860 3013 907 3038 die
925 3021 982 3045 quo
1001 3014 1070 3039 cele-

1128 2083 1141 2097 ⁴⁴
1151 2083 1287 2108 brabatur
1307 2082 1408 2108 festum
1428 2083 1521 2108 sancti
1540 2083 1636 2109 Iacobi
1649 2084 1789 2118 apostoiI,
1803 2085 1837 2109 ad
1850 2085 1966 2109 eandem
1981 2092 2022 2109 ec-

1126 2124 1266 2150 i‘clesiam
1286 2126 1382 2156 rediit,
1406 2127 1433 2150 et
1459 2126 1651 2151 celebraturus
1679 2128 1827 2152 missarum
1854 2127 2024 2159 sollempnia

1129 2170 1214 2194 “cum
1238 2169 1341 2194 festiva
1367 2170 1550 2201 processione
1576 2170 1813 2202 patriarcharum,
1837 2170 2023 2203 archiepisco-

1129 2211 1142 2224 ¹‘
1152 2218 1261 2245 porum,
1270 2211 1480 2244 episcoporum,
1489 2212 1708 2244 presbiterorum
1724 2214 1752 2237 et
1765 2212 1951 2237 diaconorum
1966 2219 2024 2236 esr-

1128 2253 1292 2278 “dinnlium
1310 2255 1339 2278 et
1358 2253 1479 2278 aliorum
1499 2254 1626 2279 Ecclesie
1644 2255 1778 2279 ordinum
1799 2254 1834 2279 ad
1854 2261 1964 2279 sacrum
1983 2255 2023 2279 al-

1127 2295 1140 2310 “
1152 2298 1212 2321 tare
1222 2297 1369 2329 processlt.
1390 2296 1565 2329 Imperatore
1577 2297 1667 2329 igitur
1678 2299 1772 2322 stante
1782 2297 1813 2322 in
1824 2298 1922 2327 choro,
1934 2297 2024 2322 clerus

1126 2339 1140 2354 ‘⁴
1150 2338 1327 2364 Teutonicus
1345 2340 1430 2364 misse
1444 2339 1598 2365 introitum
1612 2340 1746 2365 altisonis
1766 2340 1884 2365 vocibus
1903 2339 2025 2372 psallere

1127 2380 1141 2394 α
1152 2382 1237 2414 cepit,
1254 2382 1283 2406 et
1301 2382 1394 2406 totum
1413 2382 1585 2406 decantandi
1606 2382 1729 2407 officium
1748 2389 1812 2406 cum
1826 2382 1906 2406 omni
1920 2382 2023 2406 iubila-

1127 2423 1230 2449 “tione
1249 2424 1360 2457 peregit
1372 2440 1400 2455 „-

1213 2464 1225 2481 ³
1243 2466 1394 2495 humine.
1414 2467 1476 2492 clt.:
1497 2466 1590 2491 “Post
1608 2467 1790 2500 evangelium
1811 2468 1904 2491 autem
1918 2468 1946 2490 et
1966 2473 2021 2490 ser-

1128 2508 1141 2523 ¹‘
1151 2515 1263 2534 monem
1284 2509 1388 2534 factum
1408 2510 1443 2535 ad
1463 2509 1573 2542 plebem
1584 2525 1592 2534 .
1604 2527 1610 2534 .
1621 2525 1629 2534 .
1640 2526 1647 2534 .
1658 2526 1681 2540 „-

1212 2549 1223 2567 ⁴
1232 2550 1320 2582 iuml,
1333 2551 1387 2576 loc.
1398 2552 1463 2576 cit-e
1478 2550 1492 2563 ⁸
1505 2570 1510 2575 .
1523 2570 1528 2575 .
1541 2571 1546 2575 .
1559 2571 1564 2575 .
1577 2553 1732 2584 imperator
1745 2551 1840 2576 denuo
1851 2551 1887 2575 ad
1900 2551 2024 2584 vestigia

1127 2593 1273 2618 “eiusdem
1293 2594 1438 2626 pontificis
1458 2601 1521 2618 cum
1546 2594 1727 2627 principibus
1752 2593 1812 2618 suis
1836 2593 2021 2622 devotissime

1125 2634 1140 2649 ⁸
1152 2636 1286 2668 procidit,
1306 2637 1334 2661 et
1353 2637 1460 2669 apertis
1479 2636 1620 2661 thesauris
1640 2637 1699 2661 suis
1719 2643 1818 2660 aurum
1841 2637 1865 2660 ei
1886 2637 1954 2669 post
1976 2642 2022 2668 pe-

1125 2676 1139 2690 ⁸
1151 2678 1217 2703 dum
1237 2678 1334 2703 oscula
1353 2678 1461 2703 obtulit
1474 2696 1499 2710 „.

1213 2720 1225 2738 ⁵
1242 2720 1328 2750 lum,
1347 2720 1402 2745 loc.
1426 2721 1492 2746 cit.:
1521 2720 1706 2745 “Decantata
1731 2721 1826 2752 itaque
1847 2721 1941 2748 missa,
1960 2721 2022 2744 eius

1128 2759 1279 2787 “dextram
1298 2762 1495 2795 apprehendit,
1514 2764 1542 2787 et
1562 2764 1643 2786 extra
1662 2762 1812 2788 ecclesiam
1832 2769 1919 2794 usque
1933 2762 1967 2787 sd
1982 2763 2023 2787 sl-

1125 2802 1140 2817 ¹
1150 2802 1216 2828 bum
1229 2804 1370 2828 caballum
1383 2810 1447 2828 eum
1461 2804 1609 2835 conduxit,
1624 2805 1652 2829 et
1663 2805 1825 2836 streuguam
1839 2804 1894 2828 sibi
1909 2804 2025 2829 fortiter

1126 2846 1254 2871 “tenust-
1291 2845 1363 2871 Cum
1382 2848 1475 2871 autem
1495 2846 1607 2871 frenum
1628 2847 1769 2880 acciperet
1788 2847 1817 2871 et
1831 2847 1963 2871 stratoris
1980 2845 2024 2870 of-

1125 2888 1243 2914 “ficium
1266 2889 1352 2913 vellet
1379 2889 1506 2921 implere,
1532 2889 1674 2921 pontifex.
1700 2889 1767 2921 quia
1794 2889 1848 2913 iter
1873 2895 1961 2926 usque
1986 2889 2020 2913 sd

1126 2928 1140 2943 ‘¹
1151 2936 1225 2954 msre
1244 2930 1332 2954 nimis
1346 2929 1495 2954 videbatur
1509 2929 1663 2961 prolixum.
1677 2935 1729 2961 pro
1743 2928 1820 2954 racto
1833 2928 1933 2953 habuit
1945 2929 2022 2961 quod

1127 2971 1140 2985 “
1150 2971 1301 2997 nffoctuose
1321 2972 1415 2997 voluit
1435 2971 1568 2997 exhibere
1579 2988 1602 3003 „.

2090 256 2104 264 .,
2120 246 2153 261 ce.
2169 245 2257 265 231-232

2105 582 2124 598 c,
2142 578 2180 599 ¹⁶⁹
2187 575 2199 594 b

2109 735 2147 758 iul.
2164 741 2189 759 ²5

2105 1383 2124 1396 c,
2141 1383 2179 1402 2711
2187 1384 2200 1397 ss

2052 2176 2087 2201 30

2052 2388 2085 2414 35

2053 2597 2087 2623 40

2053 2811 2084 2837 45
