2398 3470
188 241 262 264 Mun„
278 245 310 260 cc.
327 245 413 264 ²2⁴-225
425 228 471 268 27
479 229 498 264 8
1188 224 1501 260 CHRONICON
2050 226 2100 262 [A.
2121 226 2153 255 C·
2175 225 2267 260 ιι’171

250 1429 269 1443 c.
282 1425 322 1443 262
331 1429 345 1442 α

254 2229 274 2243 c.
290 2223 349 2243 2⁶:11

378 2844 411 2862 10

422 360 571 383 uennam
595 354 629 380 et
654 347 843 381 Ueneciam
868 347 1068 379 collocatus.
1114 346 1271 389 Cumque
1296 345 1497 388 imperatori
1519 345 1722 388 petitionem
1745 354 1836 388 pape
1859 346 1904 378 de
1920 344 2164 388 componenda
2178 353 2266 386 pace

424 414 501 435 cum
524 412 606 445 rege
630 400 749 434 Sicilie
771 410 881 442 usque
904 399 950 431 ad
973 409 1082 432 annos
1105 399 1317 443 quindecim,
1340 404 1375 431 et
1398 398 1442 431 de
1467 397 1640 431 faciendis
1661 398 1814 442 treuguis
1837 407 1915 430 cum
1938 397 2143 430 Lombardis
2158 406 2266 439 usque

423 456 468 488 ad
491 464 599 486 annos
622 463 683 485 sex
704 463 767 495 per
792 451 948 485 ordinem
973 452 1219 494 exposuissent,
1245 452 1412 485 aduersus
1436 461 1496 484 eos
1519 452 1743 484 uehementer
1765 449 1964 495 indignatus
1990 450 2180 487 infremuit,
2212 459 2266 481 as-

423 517 541 541 serens
563 507 639 539 illos
662 507 699 538 in
722 506 790 538 hoc
814 510 963 538 tractatu
985 504 1083 548 pacis
1105 505 1216 548 magis
1240 503 1431 538 Alexandri
1454 515 1544 547 pape
1568 504 1691 537 honori
1714 509 1749 536 et
1763 504 1960 543 commodo,
1976 514 2079 547 quam
2094 501 2266 547 dignitati'

426 561 559 603 imperii
582 559 786 602 prouidisse.
833 558 951 597 Quare
975 557 1135 601 precepit
1159 558 1219 596 eis,
1242 563 1280 590 ut
1303 559 1348 590 ad
1371 568 1497 600 papam
1523 557 1709 591 redeuntes
1735 557 1875 589 firmiter
1890 557 1924 590 ei
1940 567 1983 589 ex
1997 567 2059 589 sua
2072 562 2171 600 parte
2186 566 2267 599 pro-

425 618 605 656 ponerent,
630 613 723 655 quod
746 612 821 654 ipse
845 622 923 645 cum
948 621 990 644 eo
1015 618 1049 643 et
1073 611 1223 644 ecclesia
1245 621 1369 654 pacem
1393 611 1542 644 libenter
1564 611 1712 650 faceret,
1735 611 1798 644 sed
1825 610 1916 655 regis
1947 609 2067 643 Sicilie
2098 615 2133 643 et
2163 609 2266 642 Lom-

424 667 608 700 bardorum
633 671 796 709 treuguas
818 665 1018 708 denegaret.
1066 663 1139 702 Qui
1161 664 1346 697 uenientes
1369 669 1478 697 totum
1502 674 1592 707 pape
1615 674 1679 706 per
1702 663 1861 696 ordinem
1877 663 2077 702 retulerunt,
2094 663 2185 696 sicut
2199 662 2269 694 illis

424 721 538 752 fuerat
562 718 605 751 ab
628 719 838 762 imperatore
861 717 1073 750 mandatum.
1120 717 1205 750 Post
1228 728 1373 761 quorum
1396 717 1586 750 discessum
1618 717 1806 760 imperator
1839 715 2068 749 Gottifridum
2098 715 2266 748 minorem

426 772 693 805 cancellarium¹
722 782 800 805 cum
833 771 997 814 episcopo
1028 770 1275 803 Clarimontis²
1300 776 1336 803 et
1365 770 1492 803 abbate
1524 771 1568 803 de
1598 769 1815 803 Bonaualle⁸
1845 769 2022 802 Venecias
2054 768 2232 812 delegauit
2243 768 2268 808 ¹,

423 826 607 869 iniungens
631 826 691 864 eis,
707 824 801 868 quod
824 823 1018 857 Christiano
1043 823 1252 856 cancellario
1276 829 1310 856 et
1334 823 1437 856 sociis
1459 823 1529 856 suis
1551 822 1801 867 ignorantibus,
1825 828 1926 855 caute
1950 827 1985 854 et
2000 821 2161 864 priuatim
2176 831 2268 864 pape

427 889 470 911 ex
500 889 561 911 sua
590 884 690 920 parte
714 877 960 922 significarent,
983 877 1078 917 quod
1102 876 1176 919 ipse
1191 876 1317 910 amoris
1339 876 1413 910 eius
1428 876 1556 909 intuitu
1578 885 1702 919 pacem
1717 875 1809 919 regis
1833 875 1951 908 Sicilie
1974 885 2082 919 usque
2103 874 2150 907 ad
2163 884 2270 908 annos

425 931 625 975 quindecim
649 937 682 963 et
705 940 813 973 usque
837 931 882 962 ad
904 940 966 962 sex
997 939 1106 961 annos
1128 929 1404 962 Lombardorum
1434 935 1597 973 treuguas
1628 929 1850 966 concederet,
1874 928 1903 960 si
1925 938 2018 971 papa
2049 927 2187 960 cuidam
2209 937 2270 960 sue

426 986 585 1028 petitioni
609 985 774 1027 preberet
805 993 991 1016 assensum.
1039 982 1152 1021 Quam
1177 989 1292 1016 tamen
1323 983 1526 1026 petitionem
1551 983 1583 1015 ei
1605 982 1747 1016 uolebat
1776 982 1913 1026 penitus
1943 992 2018 1014 esse
2048 981 2270 1024 incognitam,

424 1039 487 1071 sed
510 1037 645 1071 duobus
667 1037 915 1076 cardinalibus,
939 1046 1025 1080 quos
1041 1037 1115 1079 ipse
1130 1034 1351 1081 e(c)legisset,
1375 1036 1515 1069 uolebat
1530 1036 1626 1068 illam
1641 1035 1829 1079 diligenter
1844 1035 1983 1078 exponi,
1998 1045 2040 1067 ea
2054 1041 2170 1067 tamen
2188 1044 2271 1067 con-

427 1092 568 1133 ditione,
592 1091 687 1134 quod
709 1091 737 1123 si
761 1090 957 1123 cardinales
979 1089 1083 1122 electi
1106 1090 1274 1133 petitione
1299 1089 1438 1133 cognita
1461 1090 1505 1122 de
1528 1100 1569 1122 ea
1592 1089 1799 1132 complenda
1823 1088 2003 1121 consilium
2026 1097 2118 1131 pape
2139 1086 2270 1120 tribue-

424 1150 512 1187 rent,
536 1144 611 1187 ipse
634 1155 711 1177 eam
734 1144 809 1176 sine
833 1142 1000 1176 dilatione
1023 1143 1218 1185 perficeret.
1622 1136 1625 1138 ’

514 1198 568 1230 Ex
589 1198 751 1230 mandato
774 1196 889 1239 itaque
911 1206 1004 1238 papa
1027 1195 1209 1228 Hubaldus
1231 1196 1427 1228 Hostiensis
1451 1196 1636 1239 episcopus
1658 1202 1693 1229 et
1715 1194 1922 1228 Theodinus
1945 1194 2132 1228 cardinalis
2145 1194 2191 1228 ad
2205 1194 2274 1226 hoc

427 1251 604 1295 negotium
627 1255 706 1283 sunt
728 1249 844 1288 electi,
869 1249 993 1292 quibus
1015 1249 1236 1291 imperatoris
1257 1249 1381 1292 petitio
1405 1249 1448 1281 ab
1473 1249 1546 1282 eius
1568 1249 1697 1282 nuntiis
1718 1249 1884 1292 priuatim
1907 1255 1958 1281 est
1981 1254 2015 1280 et
2038 1247 2191 1281 studiose
2215 1256 2274 1280 ex-

425 1305 548 1348 posita.
596 1303 751 1348 Cumque
776 1302 970 1335 cardinales
992 1303 1163 1345 petitione
1187 1302 1329 1346 cognita
1351 1313 1442 1345 pape
1471 1309 1709 1347 suggererent,
1740 1302 1835 1346 quod.
1865 1301 2024 1345 petitioni
2054 1300 2274 1344 imperatorie

426 1358 587 1401 preberet
609 1367 792 1398 assensum,
816 1355 1023 1389 Alexander
1044 1366 1147 1399 papa,
1170 1361 1291 1399 utpote
1313 1356 1418 1388 homo
1441 1356 1609 1398 prouidus
1631 1362 1666 1389 et
1689 1356 1870 1394 discretus,
1894 1355 1989 1398 cepit
2013 1364 2161 1398 quenam
2184 1359 2275 1387 esset

429 1410 583 1445 occulta'
605 1411 666 1442 illa
688 1410 808 1452 petitio
832 1409 947 1442 animo
971 1409 1119 1442 estuanti
1141 1409 1322 1442 reuoluere
1347 1415 1381 1442 et
1404 1410 1675 1442 Teotonicorum
1704 1410 1803 1443 dolos
1834 1415 1869 1442 et
1898 1409 2068 1442 uersutias
2097 1413 2274 1451 suspectas

427 1465 567 1498 habere.
615 1463 729 1502 Quam
751 1463 897 1495 mutauit
920 1473 996 1495 cum
1021 1463 1199 1496 uoluntate
1225 1462 1417 1501 consilium,
1441 1473 1608 1503 asserens,
1631 1473 1701 1496 non
1726 1463 1851 1495 decere
1874 1462 2114 1495 auctoritatem
2138 1467 2273 1504 aposto-

428 1518 528 1550 licam
550 1516 711 1560 petitioni
734 1516 909 1560 incognite
931 1515 1081 1558 prebere
1105 1526 1320 1558 consensum,
1345 1525 1412 1548 nec
1436 1516 1480 1549 de
1502 1527 1541 1548 re
1566 1516 1670 1549 dubia
1692 1522 1727 1549 et
1750 1516 1886 1548 incerta
1901 1515 2037 1558 aliquid
2050 1513 2274 1557 respondere,

427 1571 490 1604 sed
512 1571 541 1603 si
563 1570 765 1613 petitionem
789 1569 884 1602 illam
907 1569 1039 1602 uellent
1062 1569 1094 1602 ei
1117 1569 1267 1602 fideliter
1290 1569 1437 1612 aperire,
1461 1575 1497 1602 et
1519 1569 1598 1602 talis
1621 1575 1712 1602 esset
1734 1569 1796 1602 illa
1817 1568 1953 1611 petitio,
1977 1578 2044 1611 que
2067 1573 2191 1601 contra
2212 1568 2274 1600 ho-

426 1634 546 1657 norem
568 1624 634 1656 Dei
657 1629 692 1656 et
715 1623 904 1666 dampnum
927 1616 1079 1655 ecclesie
1102 1633 1172 1656 non
1196 1629 1382 1665 spectaret,
1406 1622 1555 1656 libenter
1577 1633 1654 1655 eam
1677 1622 1822 1656 effectui
1844 1621 2070 1664 manciparet.
2118 1619 2200 1659 Quo
2216 1631 2275 1653 au-

428 1677 514 1716 dito,
546 1677 757 1710 Gottifridus
787 1676 901 1708 minor
930 1675 1163 1709 cancellarius
1192 1676 1394 1720 indignatus
1427 1676 1472 1709 ad
1503 1676 1744 1719 imperatorem
1774 1675 1891 1708 rediit.
1936 1675 2133 1718 Episcopus
2162 1679 2275 1707 autem

430 1729 652 1763 Clarimontis
676 1740 754 1761 cum
778 1729 905 1762 abbate
929 1729 973 1762 de
998 1729 1200 1768 Bonaualle,
1223 1729 1283 1772 qui
1303 1735 1552 1772 remanserant,
1576 1729 1736 1763 uidentes
1759 1729 1853 1773 quod
1876 1728 2008 1761 nullum
2031 1739 2052 1760 a
2074 1737 2167 1770 papa
2195 1736 2276 1770 pos-

428 1790 504 1816 sent
526 1784 657 1816 habere
683 1793 901 1826 responsum,
924 1782 1007 1815 licet
1028 1783 1141 1822 inuiti,
1163 1783 1366 1826 petitionem
1388 1783 1608 1826 imperatoris
1629 1793 1721 1826 pape
1746 1787 1988 1826 exposuerunt.

506 1838 602 1870 'Erat
626 1843 738 1870 autem
762 1837 828 1870 hec
852 1836 985 1880 petitio.
1030 1837 1224 1880 Imperator
1247 1848 1337 1880 pape
1361 1848 1424 1880 per
1446 1837 1585 1870 nuntios
1608 1847 1687 1870 suos
1718 1837 1935 1880 promiserat,
1966 1836 2062 1880 quod
2091 1835 2121 1868 si
2150 1845 2274 1878 pacem

429 1902 507 1924 cum
533 1901 575 1923 eo
599 1891 743 1930 faceret,
766 1897 893 1923 terram
917 1890 1088 1923 comitisse
1112 1890 1296 1923 Mathildis
1308 1890 1330 1930 ⁵,
1354 1902 1457 1934 quam
1480 1891 1555 1933 ipse
1579 1890 1733 1929 tenebat,
1755 1890 1791 1922 in
1822 1901 1926 1922 manu
1957 1890 2030 1922 eius
2060 1895 2095 1922 et
2124 1888 2275 1922 ecclesie

430 1949 599 1987 potestate
621 1943 822 1977 remitteret.
869 1943 1016 1976 Petebat
1040 1953 1135 1987 ergo,
1158 1949 1196 1976 ut
1218 1944 1341 1977 liceret
1365 1945 1398 1976 ei
1420 1954 1529 1987 usque
1553 1945 1599 1976 ad
1621 1944 1824 1988 quindecim
1847 1953 1967 1983 annos,
1996 1942 2162 1975 uidelicet
2190 1951 2277 1985 quo-

429 2008 539 2041 usque
562 2008 631 2040 pax
653 1998 746 2041 regis
770 1997 888 2030 Sicilie
911 1998 1128 2040 perduraret,
1153 1998 1308 2030 eiusdem
1331 2004 1423 2031 terre
1438 1998 1594 2032 redditus
1610 1998 1683 2031 sine
1700 1997 1979 2030 contradictione
1995 1997 2167 2039 recipere,
2183 2006 2277 2029 com-

431 2051 533 2094 pletis
554 2061 639 2083 uero
663 2051 864 2093 quindecim
888 2050 998 2090 annis,
1020 2051 1173 2089 uolebat,
1196 2052 1414 2094 possessione
1444 2062 1552 2094 penes
1581 2061 1660 2083 eum
1691 2055 1904 2090 remanente,
1934 2050 2049 2083 statim
2081 2050 2124 2082 de
2156 2048 2278 2082 eadem

430 2111 523 2138 terra
546 2115 624 2136 cum
648 2103 798 2136 ecclesia
819 2104 1001 2147 placitare,
1026 2114 1183 2136 asserens
1206 2104 1299 2137 illam
1325 2105 1370 2137 ad
1393 2104 1446 2137 ius
1461 2104 1512 2137 sui
1529 2105 1665 2147 imperii
1680 2104 1866 2147 pertinere.
1912 2103 2010 2146 Papa
2024 2108 2141 2136 autem
2157 2102 2279 2136 intuitu

2297 821 2334 852 10

2299 1087 2336 1119 15

2297 1355 2340 1385 20

2298 1620 2398 1674 25Ι

2298 1889 2398 1930 303

2392 2075 2398 2093 Ξ

2394 2100 2398 2117 i

2390 2123 2398 2134 -Λ

430 2159 523 2202 regis
548 2157 681 2200 Sicilie,
707 2167 807 2201 quem
831 2157 1015 2199 plurimum
1040 2157 1219 2201 diligebat,
1243 2168 1353 2201 usque
1378 2159 1422 2190 ad
1446 2158 1646 2191 condictum
1671 2157 1855 2190 terminum
1879 2157 2083 2199 imperatori
2105 2155 2281 2199 prenomi-
2303 2154 2344 2188 35
2387 2150 2398 2189 ἐ

434 2218 514 2245 nate
537 2217 630 2244 terre
653 2211 788 2244 fructus
809 2210 940 2242 habere
964 2211 1146 2249 concessit,
1170 2211 1238 2243 hac
1262 2217 1377 2244 tamen
1401 2211 1614 2251 conditione,
1637 2211 1732 2254 quod
1753 2210 1934 2253 completis
1949 2208 2165 2253 quindecim'
2181 2208 2279 2241 annis

432 2265 478 2298 ad
501 2269 708 2307 potestatem
732 2269 767 2296 et
789 2264 1040 2305 possessionem
1064 2264 1225 2296 Romane
1248 2264 1398 2297 ecclesie
1420 2270 1514 2297 terra
1537 2264 1596 2297 illa
1618 2263 1759 2302 rediret,
1783 2269 1817 2296 et
1839 2269 1924 2296 tunc
1955 2262 2105 2296 ecclesia
2134 2262 2171 2294 in
2200 2271 2279 2305 pos-

521 2398 547 2423 6.
565 2398 614 2423 Set
636 2398 659 2422 C
674 2406 688 2422 e
706 2398 796 2424 Arndt
816 2412 846 2415 —‹
871 2405 910 2429 14.
929 2400 971 2422 set
993 2398 1015 2422 C
1031 2405 1044 2421 e
1063 2398 1154 2422 Arndt
1172 2411 1182 2416 -
1202 2399 1349 2430 eclegisset
1367 2400 1400 2429 A,
1424 2399 1469 2423 ee
1494 2399 1600 2429 Arndt;
1614 2400 1730 2431 legisset
1742 2399 1793 2422 Be
1813 2400 1888 2424 Saso
1908 2412 1939 2416 —-
1963 2402 2050 2429 14-15.
2064 2396 2234 2421 condicione
2254 2395 2278 2420 A

433 2455 466 2459 —
489 2441 529 2466 18.
549 2441 663 2465 nunciis
685 2441 719 2471 B,
740 2439 769 2470 C,
788 2439 866 2464 Sasso
884 2447 897 2463 e
916 2440 1007 2464 Arndt
1025 2454 1056 2458 —
1077 2445 1118 2464 22.
1138 2441 1247 2465 deceret
1264 2441 1289 2465 A
1310 2454 1342 2458 —
1364 2447 1405 2473 25,
1425 2441 1558 2466 damnum
1578 2441 1610 2471 Β,
1634 2441 1661 2473 C,
1682 2441 1759 2465 Sasso
1780 2441 1813 2464 ed
1829 2440 1919 2466 Arndt
1938 2453 1969 2458 -
1992 2446 2033 2471 29.
2054 2440 2173 2463 nuncios
2194 2439 2227 2468 B,
2249 2437 2278 2468 C,

435 2484 511 2508 Sasso
528 2490 542 2506 e
559 2483 651 2506 Arndt
671 2496 700 2499 ——
721 2488 763 2514 30.
782 2481 936 2506 Maltendis
955 2481 988 2509 A,
1011 2480 1038 2509 C,
1058 2482 1164 2512 Arndt}
1183 2482 1218 2506 R.
1237 2483 1388 2508 Mathildis
1411 2484 1545 2508 Canteloro

526 2583 533 2599 ¹
555 2584 600 2610 Cf.
620 2592 648 2618 p.
668 2590 728 2616 274,
750 2592 777 2608 n.
797 2591 820 2608 2.
858 2583 998 2615 L'Arndt,
1017 2591 1073 2608 con
1094 2585 1180 2608 molta
1200 2585 1331 2617 probabi·
1385 2586 1529 2617 Speculum
1553 2593 1659 2618 reg-um,
1685 2586 1711 2611 la
1737 2585 1869 2610 Memoria
1893 2584 2039 2609 seculorum
2063 2591 2078 2608 e
2103 2583 2124 2608 il
2149 2579 2282 2608 muo-

438 2626 500 2659 lita,
519 2628 622 2653 ritiene
642 2629 665 2652 si
686 2629 769 2652 tratti
791 2627 819 2652 di
840 2627 975 2652 Goffredo
994 2627 1023 2651 di
1044 2626 1164 2652 viterbo
1183 2628 1234 2652 che
1259 2636 1331 2660 poco
1387 2628 1487 2660 ch'egli
1498 2629 1599 2653 scrisse
1611 2635 1628 2653 a
1641 2628 1778 2657 Viterb03
1793 2628 1829 2652 cf.
1844 2627 1956 2658 WAH'Z,
1970 2627 2009 2652 M.
2022 2626 2054 2651 G.
2065 2626 2111 2655 H„
2125 2625 2184 2654 SS„
2193 2623 2281 2652 XXII,

438 2671 516 2703 dopo
537 2671 566 2694 su
592 2671 623 2694 in
647 2670 774 2695 Venezla
798 2669 1049 2702 coll'imperatore,
1075 2677 1089 2694 e
1115 2670 1244 2694 rimanda
1272 2670 1332 2695 allo
1386 2679 1413 2703 p.
1432 2678 1442 2694 1
1457 2678 1472 2695 e
1485 2671 1797 2703 sg.3B.Sc}1Ms1n1.nR‚
1820 2669 1987 2695 ltalienische
2004 2666 2284 2694 Gesclatchtsschuiber

438 2712 580 2741 Unum«,
602 2711 728 2742 Gotfrx'ed
743 2719 792 2736 von
817 2711 927 2740 Vx'terbo,
948 2719 975 2744 p.
997 2719 1040 2743 14,
1060 2711 1110 2736 che
1130 2719 1187 2736 non
1209 2710 1260 2736 m’e
1280 2712 1331 2737 rie·
1386 2713 1430 2737 des
1448 2712 1511 2738 XI!
1524 2713 1583 2737 und
1598 2712 1799 2745 Xlltsahrh„
1817 2713 1861 2737 ein
1879 2711 1994 2743 Bez‘trag
2010 2718 2060 2735 nur
2078 2708 2281 2740 Kulturgmhs-

438 2755 513 2779 scito
533 2753 643 2778 d’avere
664 2754 707 2778 fra
726 2754 752 2778 le
772 2755 858 2779 mani.
1386 2754 1451 2786 chte,
1470 2753 1597 2787 Leipzig,
1619 2761 1695 2788 1909,
1714 2762 1742 2787 p.
1761 2760 1791 2778 21
1814 2762 1828 2778 e
1847 2761 1887 2786 sg.
1907 2760 1921 2777 e
1941 2753 1983 2784 83.

527 2795 659 2820 Goffredo
679 2795 710 2820 di
728 2795 858 2825 Viterbo,
882 2795 958 2820 nella
984 2795 1049 2828 qual
1075 2794 1148 2820 citt&
1173 2796 1333 2828 possedette
1475 2795 1486 2812 ἵ
1504 2797 1626 2828 Ponzio,
1648 2798 1756 2822 annota
1775 2796 1899 2821 l‘Arndt,

439 2844 477 2861 un
498 2836 582 2861 feudo
601 2837 645 2861 col
666 2836 785 2861 fratello
807 2836 994 2862 “Guarnerlo
1013 2836 1036 2861 il
1055 2836 1195 2868 tedesco„
1223 2845 1237 2862 e
1261 2838 1334 2862 dove
1476 2838 1486 2852 ³
1505 2838 1577 2872 Ugo,
1600 2841 1708 2864 anneta
1732 2839 1859 2863 l’Arndt.

437 2881 461 2904 si
481 2878 567 2904 ritiro
588 2879 664 2912 negli
684 2880 782 2904 ultimi
796 2880 873 2912 anni,
890 2880 921 2904 fu
933 2887 1043 2912 sempre
1056 2880 1173 2905 addetto
1186 2880 1245 2905 alla
1258 2882 1335 2905 corte
1478 2879 1489 2895 ⁴
1508 2881 1615 2910 Palu-z,
1634 2881 1673 2907 M.
1695 2881 1726 2906 G.
1747 2880 1792 2909 H„
1811 2880 1880 2912 Lag„
1900 2880 1935 2910 11,
1957 2886 2015 2912 154,
2036 2876 2169 2911 pubblico
2189 2878 2216 2902 la
2231 2877 2281 2902 let-

439 2922 596 2953 imperiale,
617 2921 693 2946 nella
712 2919 822 2954 qualite
842 2922 872 2946 dl
891 2921 1078 2955 Cappellano,
1097 2923 1190 2954 prima
1213 2923 1242 2947 di
1262 2922 1334 2947 Cor·
1390 2925 1449 2948 tera
1469 2923 1720 2957 dell’Imperatore.

443 2963 512 2987 rado
531 2963 570 2988 III
590 2970 605 2987 e
624 2964 673 2995 poi
694 2964 723 2987 di
745 2963 881 2988 Federico
900 2964 1079 2989 Barbarossa.
1117 2963 1144 2987 A
1163 2964 1204 2988 lui
1227 2964 1251 2988 sl
1271 2964 1334 2989 deb·
1478 2963 1489 2980 ⁵
1509 2965 1525 2997 †
1546 2971 1578 2997 ²4
1598 2966 1690 2997 luglio
1714 2972 1789 2997 ¹¹¹5>

438 3006 523 3035 bono,
546 3006 587 3030 fra
608 3005 712 3037 l’altro,
725 3005 746 3030 il
766 3013 866 3039 poema
886 3007 1052 3031 intitulatot
1075 3006 1153 3030 Gesta
1171 3006 1307 3032 Frlderx'ci
1319 3015 1335 3031 0

2311 2585 2341 2612 ¹5

2310 2800 2345 2819 20
