2398 3470
140 244 184 280 [Α
209 242 244 272 c.
264 244 339 279 5³2]
721 234 1012 273 ROMUALDI
1041 232 1403 271 SALERNITANI
1923 228 1987 265 121

143 314 172 324 .-
173 304 1990 323 ιιιιιιιιιιιιιιιιιιιιιιιιιιιιιιιιιιιιιιιιιιιιιιιιιιιιιιιιιιιιιιιιιιιιιιιιιιιιιιιιιιιιιιιιιιιιιιιιιιιιιιιιιιιιιιιιιιιιιιιιιιιιιιιιιιιιιιιιιιιιιιιιιιιιιιιιιιιιιιιιιιιιιιιιιιιιιιιιιιιιιιιιιιιιιιιιιιιι

113 377 117 381 *
138 368 306 411 principis
320 366 468 406 deesset,
484 376 555 400 non
569 367 661 399 enim
677 365 827 399 decebat
841 371 924 398 tunc
941 363 1131 407 quemlibet
1146 362 1191 396 ad
1202 362 1439 405 pontificatum
1454 372 1631 394 romanum
1647 360 1847 403 promoueri
1865 358 1996 402 absque

138 421 288 454 iussione
310 421 480 464 principis
502 419 890 462 constantinopolitani,
913 419 968 450 uir
998 417 1131 450 domini
1161 416 1352 460 Gregorius
1384 415 1536 458 legatum
1560 426 1638 447 eum
1664 414 1772 447 literis
1795 414 1841 446 ad
1863 412 1997 446 Mauri-

139 474 228 507 cium
251 473 380 507 direxit
401 473 658 516 imperatorem,
681 472 868 506 obsecrans
891 482 935 504 ne
958 471 1089 514 populo
1119 470 1154 502 in
1182 470 1232 502 sui
1257 469 1428 502 electione
1459 468 1623 511 preberet
1650 478 1840 500 assensum.
1886 466 1996 500 Cuius

139 526 258 560 literas
280 527 460 569 prefectus
482 526 590 559 Urbis
612 526 825 568 interceptas
847 524 996 567 disrupit
1020 530 1055 556 et
1080 533 1284 556 consensum
1307 521 1427 565 populi
1450 521 1655 563 imperatori
1679 520 1875 553 transmisit.
1923 518 1996 557 Qui

97 579 116 612 5
139 580 244 614 ualde
266 580 406 624 gauisus
429 585 491 619 est,
515 580 610 623 quod
632 579 748 612 locum
764 584 880 621 aptum
898 577 1068 621 largiendi
1083 576 1224 610 honoris
1241 576 1391 608 diacono
1410 575 1493 607 olim
1509 574 1576 607 sibi
1593 574 1746 607 amicitie
1764 573 1998 605 familiaritate

138 632 317 666 karissimo
341 633 538 675 reperisset,
562 643 641 664 nam
665 632 772 664 filium
797 631 870 664 eius
894 631 938 664 de
963 641 1060 663 sacro
1092 630 1191 663 fonte
1223 629 1386 671 suscepit,
1417 639 1496 660 eum
1527 626 1610 660 sine'
1642 627 1809 660 dilatione
1842 625 1995 659 ordinari

138 686 308 729 precepit.
355 685 544 720 ordinatus
567 690 680 718 autem
704 690 775 718 tam
799 690 936 717 cautum
959 689 1099 734 tamque
1122 682 1285 715 humilem
1307 690 1345 714 se
1368 682 1404 713 in
1427 681 1522 713 omni
1539 692 1600 713 sua
1627 680 1766 723 prebuit
1789 680 1936 719 actione,
1959 685 1998 711 ut

133 738 228 773 sicut
250 749 295 772 ex
315 739 422 784 gestis
444 740 518 772 siue
541 739 680 781 scriptis
710 738 782 771 eius
813 731 972 781 dignosci
994 743 1118 779 potest,
1142 736 1203 768 uix
1226 735 1371 768 nullus'
1361 746 1398 767 in
1422 734 1681 781 successoribus
1708 733 1779 766 eius
1805 733 1855 765 illi
1879 732 1998 765 similis

43 834 44 837 Ἴ
138 793 246 835 possit
268 792 418 825 inueniri
441 793 476 824 in
498 787 582 825 flore
607 791 808 835 eloquentie
839 801 880 823 ac
905 791 1054 833 puritate
1081 790 1252 829 doctrine,
1286 789 1343 821 uel
1366 779 1469 821 etiam
1493 788 1528 820 in
1551 787 1738 820 sanctitate
1761 786 1843 819 uite.
1891 785 1998 819 Liber

58 845 117 879 1⁰
140 845 270 889 quippe
292 850 586 879 sacramentorum
609 844 653 877 ab
683 854 726 877 eo
751 844 865 877 editus
887 850 940 876 est
974 849 1010 876 et
1033 842 1294 885 antiphonarius
1324 848 1394 875 tam
1423 834 1566 874 diurnus
1601 851 1704 884 quam
1728 845 1931 879 nocturnus,
1964 847 1998 872 et

50 895 51 898 ¹
138 904 305 932 tractatus
327 898 365 932 in
388 898 620 936 Ezechielem,
644 904 679 930 et
701 896 933 941 quadraginta
955 896 1149 940 evangelia,
1180 902 1216 928 et
1237 896 1274 928 in
1304 895 1373 939 Job
1403 895 1581 928 moraliter
1612 900 1647 926 et
1670 893 1871 938 allegorice,
1895 899 1930 926 et
1953 894 1998 926 ad

137 952 316 985 historiam
339 951 586 994 compendiose
611 951 778 995 digestus,
802 956 837 983 et
860 950 1077 994 dialogorum
1099 949 1204 987 liber;
1235 956 1270 981 et
1292 948 1477 992 pastoralis
1505 959 1589 980 cura
1619 947 1767 980 Iohanni
1798 946 1999 980 Rauennati

137 1005 282 1044 directa,
306 1011 342 1038 et
356 1005 541 1049 registrum
565 1005 611 1037 ad
634 1004 825 1048 regendam
848 1003 1032 1038 ecclesiam
1055 1003 1137 1036 satis
1159 1003 1300 1036 utiliter.
1346 1002 1414 1035 Hic
1437 1001 1582 1034 instituit
1605 1007 1643 1034 ut
1665 1000 1864 1043 antiphona·
1879 1007 1998 1034 canta-

135 1064 231 1092 retur
253 1068 321 1101 que
343 1063 490 1091 uocatur
510 1057 670 1090 introitus
706 1057 753 1089 ad
775 1057 999 1090 mulcendum
1022 1056 1238 1089 audientium
1261 1055 1407 1094 animos,
1434 1055 1562 1088 deinde
1587 1054 1688 1087 Kirie
1713 1053 1845 1086 eleison
1876 1053 1999 1086 nouies

75 1108 114 1143 15
138 1109 318 1142 decantari
353 1114 388 1142 et
410 1114 489 1152 post
513 1109 697 1151 epistolam
719 1105 890 1152 graduale
914 1114 949 1140 et
984 1107 1135 1146 alleluia,
1157 1113 1306 1149 excepto
1330 1117 1351 1138 a
1381 1106 1638 1149 septuagesima
1660 1115 1771 1148 usque
1795 1105 1831 1136 in
1854 1105 1997 1147 pascha,

135 1163 173 1196 in
187 1162 312 1207 quibus
326 1162 449 1195 diebus
465 1167 596 1195 tractus
611 1162 760 1194 instituit
777 1161 1034 1199 decantandos3
1051 1166 1129 1204 post
1147 1160 1366 1204 euangelium
1383 1170 1468 1192 uero
1485 1160 1565 1191 dum
1581 1159 1776 1191 oblationes
1792 1158 1998 1198 offeruntur,

135 1216 355 1250 offertorium
378 1216 568 1254 decantari,
593 1222 627 1248 et
650 1221 729 1258 post
751 1215 958 1248 fractionem
982 1214 1206 1253 eucharistie,
1238 1219 1423 1257 postquam
1457 1213 1748 1246 communicatum
1772 1212 1892 1251 fuerit,
1919 1218 1999 1254 post

136 1270 426 1303 communionem.
456 1269 526 1301 Hic
548 1269 642 1301 idem
665 1269 804 1302 addidit
818 1269 854 1301 in
871 1278 1021 1301 canone:
1045 1268 1183 1310 diesque
1205 1271 1336 1300 nostros
1359 1267 1395 1299 in
1426 1272 1486 1299 tua
1506 1268 1594 1310 pa'ce
1617 1266 1769 1309 dispone,
1797 1271 1831 1297 et
1861 1272 1898 1298 ut
1929 1266 1999 1298 alta

135 1333 226 1357 uoce
261 1322 373 1356 oratio
408 1322 582 1355 dominica
616 1331 720 1365 super
747 1322 991 1355 eucharistiam
1025 1320 1282 1354 decantaretur.
1329 1320 1398 1353 Hic
1435 1319 1599 1353 letaniam
1636 1319 1803 1352 maiorem
1839 1318 1998 1358 instituit,

70 1377 114 1410 20
135 1375 350 1420 instituitque
375 1375 543 1408 stationes
566 1375 643 1408 fieri
666 1375 713 1408 ad
735 1381 892 1408 sanctum
914 1374 1056 1408 Petrum
1079 1374 1115 1406 in
1139 1374 1255 1407 natale
1286 1374 1438 1412 Domini,
1469 1373 1506 1405 in
1529 1372 1727 1415 epiphania,
1758 1372 1794 1404 in
1826 1372 2001 1404 dominica

136 1429 180 1463 de
202 1428 376 1472 passione,
401 1428 438 1460 in
461 1428 582 1461 maiori
606 1428 861 1467 scrutiniorum,
885 1428 922 1460 in
945 1428 1088 1471 pascha,
1113 1433 1148 1460 et
1170 1427 1208 1460 in
1231 1427 1321 1460 albis
1338 1428 1481 1470 pasche,
1504 1427 1540 1459 in
1564 1425 1777 1464 ascensione,
1809 1425 1846 1457 in
1877 1432 2000 1468 pente-

109 1480 111 1483 ’
134 1487 264 1521 costen,
276 1482 313 1514 in
329 1481 443 1515 natale
460 1481 706 1524 apostolorum,
723 1481 758 1513 in
774 1481 875 1514 tertia
892 1481 1071 1514 dominica
1087 1481 1131 1514 de
1148 1481 1313 1521 aduentu,
1330 1486 1364 1514 et
1379 1481 1417 1512 in
1434 1480 1657 1512 dedicatione
1675 1478 1826 1512 ecclesie
1843 1479 1999 1512 eiusdem

135 1545 204 1580 que
228 1541 280 1569 est
302 1535 339 1567 in
362 1541 487 1569 octaua
510 1535 622 1568 sancti
646 1534 800 1574 Martini,
815 1535 853 1567 in
869 1535 981 1567 sancti
996 1534 1152 1573 Andree‚
1168 1534 1205 1567 in
1221 1534 1390 1567 cathedra
1406 1534 1517 1566 sancti
1533 1533 1639 1572 Petri,
1654 1533 1691 1565 in
1709 1532 1838 1565 letania
1854 1533 1997 1572 maiore,

43 1633 45 1638 Α
76 1580 82 1587 “
138 1594 173 1622 et
187 1588 223 1621 in
237 1588 331 1621 omni
347 1588 491 1621 sabbato
507 1589 655 1631 quatuor
671 1594 882 1631 temporum;
899 1587 1060 1620 similiter
1074 1587 1221 1620 instituit
1238 1587 1396 1619 omnibus
1413 1587 1535 1619 diebus
1550 1585 1815 1630 quadragesime
1831 1586 1999 1618 stationes

4 1668 6 1675 .
71 1641 112 1676 25
135 1642 209 1675 fieri
231 1652 295 1684 per
319 1641 475 1674 diuersas
499 1641 676 1680 ecclesias,
707 1648 742 1674 et
773 1641 810 1673 in
841 1641 928 1674 albis
957 1640 1196 1684 paschalibus;
1221 1647 1256 1673 et
1278 1646 1317 1672 ut
1338 1651 1360 1672 a
1383 1640 1637 1683 septuagesima
1667 1649 1774 1682 usque
1805 1639 1840 1671 in
1868 1641 1999 1682 pascha

40 1699 42 1702 '
70 1694 74 1705 ²
136 1706 209 1729 non
231 1700 416 1728 caneretur
438 1694 593 1733 alleluia3
619 1701 654 1728 et
669 1701 707 1727 ut
730 1695 766 1727 in
789 1694 984 1727 matutinali
1009 1694 1144 1738 synaxi,
1160 1694 1197 1726 in
1220 1694 1347 1737 festius
1371 1699 1450 1726 octo
1473 1698 1607 1725 tanturn
1625 1698 1832 1725 canerentur
1854 1702 1999 1735 respon-

138 1749 241 1789 soria,
264 1754 300 1782 et
321 1748 526 1792 quotidiana
549 1754 679 1781 tantum
712 1748 794 1788 duo,
824 1754 860 1780 et
889 1754 928 1780 ut
958 1759 979 1779 a
1009 1747 1215 1791 presbytero
1247 1747 1442 1780 diceretur.
1474 1746 1567 1779 Deus
1590 1746 1626 1778 in
1656 1746 1867 1789 adjutorium
1891 1757 1999 1779 meum

51 1840 53 1842 v
139 1802 281 1836 intende.
327 1801 395 1835 Hic
419 1802 544 1835 doctor
565 1802 711 1834 eximius
742 1811 832 1834 anno
858 1801 1021 1834 Mauricii
1045 1801 1182 1843 imperii
1205 1811 1300 1841 xurr,
1323 1800 1515 1834 indictione
1546 1810 1627 1839 xm,
1659 1801 1830 1843 synodum
1865 1801 2000 1843 episco-

51 1865 52 1870 ’
93 1889 96 1892 ⁴
137 1866 260 1900 porum
283 1865 395 1897 xme
422 1855 496 1888 “ad
520 1864 647 1898 corpus
677 1855 772 1888 beati
804 1855 901 1888 Petri
925 1854 1070 1898 XXIIIJ
1101 1854 1248 1897 apostoli
1276 1863 1504 1898 congregans,
1537 1854 1581 1886 de
1613 1853 1822 1886 necessariis
1852 1854 2000 1888 ecclesie

72 1910 116 1943 30
144 1911 160 1929 ⁸
173 1909 360 1950 decernit„
379 1908 398 1942 ¹.
422 1909 520 1942 Idem
545 1909 656 1942 missis
684 1909 720 1941 in
755 1909 972 1941 Britanniam
1006 1907 1217 1952 Augustino,
1246 1907 1373 1941 Melito
1403 1913 1440 1941 et
1472 1907 1637 1947 Iohanne,
1669 1913 1703 1939 et
1733 1907 1811 1939 aliis
1842 1907 1999 1950 pluribus

52 1956 61 2001 ¹,
107 2008 109 2010 q
140 1963 155 1980 “
169 1973 249 1997 cum
273 1963 323 1997 eis
337 1962 518 1996 monachis
540 1962 743 1995 timentibus
766 1962 889 1998 Deum.
913 1961 1050 2005 Anglos
1073 1962 1119 1994 ad
1142 1961 1506 2001 Christumconuertit
1519 1985 1533 2001 „
1555 1959 1578 1993 ².
1624 1959 1753 1994 Beatus
1769 1967 1884 1994 autem
1910 1962 2000 1995 Gre-

61 2015 66 2018 ’
134 2016 254 2061 gorius
276 2016 405 2049 direxit
428 2015 675 2050 Theodelinde
698 2015 820 2059 regine
843 2014 1156 2058 Langobardorum
1181 2015 1309 2047 librum
1333 2015 1392 2058 qui
1419 2014 1595 2058 Dialogus
1611 2014 1824 2053 nominatur,
1842 2025 1885 2048 eo
1903 2016 2001 2058 quod

4 2059 8 2069 ⁵
75 2063 78 2066 “
134 2069 296 2114 religiosa
319 2076 405 2109 erat,
426 2075 463 2102 et
484 2069 642 2102 ferocem
665 2069 733 2101 uiri
756 2069 808 2101 sui
832 2068 983 2101 animum
1014 2068 1192 2111 sepissime
1219 2068 1287 2111 piis
1317 2068 1596 2112 suggestionibus
1627 2068 1792 2101 aduersus
1815 2069 2000 2101 ecclesiam

136 2122 318 2166 mitigabat
329 2121 351 2155 ³.
398 2121 588 2166 Siquidem'
611 2123 732 2166 regina
755 2122 822 2155 hec
846 2122 1026 2155 basilicam
1050 2122 1143 2154 beati
1174 2121 1343 2165 Johannis
1366 2121 1523 2164 Baptiste
1546 2121 1582 2153 in
1606 2120 1766 2154 Modicia
1794 2123 1998 2162 construxit,

4 2166 11 2187 ζ’
49 2182 51 2184 ’
72 2175 112 2210 35
137 2176 196 2220 qui
219 2175 315 2209 locus
336 2186 441 2219 supra
463 2176 702 2209 Mediolanum
728 2175 913 2209 duodecim
939 2175 1092 2208 millibus
1114 2175 1222 2214 abest,
1247 2175 1432 2218 multisque
1455 2175 1666 2207 ornamentis
1694 2175 1768 2207 auri
1791 2176 2001 2219 argentique

44 2232 46 2234 '
138 2230 319 2263 decorauit
329 2229 352 2262 ⁴.
399 2229 474 2262 Hae
498 2225 703 2273 tempestate
728 2229 893 2262 Autharis
914 2229 1228 2273 Langobardorum
1260 2239 1323 2262 rex
1358 2229 1550 2261 exercitum
1573 2229 1620 2261 ad
1644 2229 1781 2262 Istriam
1805 2229 1910 2267 misit,
1942 2230 2003 2272 qui

136 2288 216 2326 post
237 2283 365 2326 predas
387 2289 422 2315 et
444 2283 611 2316 incendia
633 2284 730 2316 facta
753 2293 840 2326 pace
866 2283 935 2314 uim
964 2293 1123 2326 magnam
1139 2283 1289 2326 pecunie
1305 2282 1381 2326 regi
1396 2280 1522 2315 Autari
1541 2282 1754 2320 detulerunt,
1773 2282 2000 2316 Comacinam

227 2412 249 2430 2.
269 2404 376 2429 litteris
395 2405 421 2429 Β
434 2405 457 2429 C
473 2419 506 2424 —
527 2410 552 2436 5.
570 2412 664 2430 manca
682 2407 724 2430 est
747 2404 770 2428 C
787 2418 819 2423 --
840 2404 865 2430 6.
885 2405 1033 2430 carissimo
1054 2406 1081 2429 B
1098 2412 1112 2429 e
1131 2405 1208 2429 Sauo
1229 2417 1261 2422 —
1281 2410 1306 2438 7.
1323 2406 1421 2429 omnia
1444 2405 1468 2429 C
1483 2418 1495 2423 -
1514 2406 1631 2429 accione
1652 2406 1678 2429 B
1691 2404 1714 2429 C
1731 2418 1763 2422 —
1784 2403 1813 2429 8.'
1839 2405 1951 2430 dinosci
1981 2405 2004 2429 C

143 2460 172 2466 —
195 2446 444 2472 1o.‘antifonarius
461 2446 485 2471 C
500 2460 534 2465 -
557 2454 596 2480 13.
610 2444 644 2472 ad
665 2447 817 2480 regendum
839 2446 864 2471 C
879 2460 888 2465 -
908 2447 979 2472 satis
998 2446 1081 2471 utilis
1096 2448 1163 2472 c—
1181 2454 1219 2479 14.
1234 2446 1270 2472 ad
1290 2447 1466 2472 moliendum
1486 2446 1659 2471 audiendum
1682 2446 1706 2470 C
1721 2460 1729 2464 -
1748 2446 1915 2471 kirieleison
1933 2449 2001 2474 G—

142 2487 181 2514 16.
200 2489 351 2514 decantare
367 2488 396 2518 C,
409 2489 496 2514 invect
509 2489 540 2513 di
551 2489 742 2515 decantandos
760 2502 794 2508 ·—
818 2488 856 2514 18.
869 2491 1041 2515 comunione
1061 2490 1087 2514 B
1101 2489 1124 2513 C
1136 2503 1144 2507 -
1165 2496 1302 2514 canonem
1322 2489 1458 2522 disponas
1478 2491 1504 2514 B
1522 2497 1536 2514 e
1554 2489 1644 2519 Sas503
1663 2489 1688 2513 Α
1704 2489 1727 2513 C
1742 2488 1875 2519 conforme
1895 2489 2005 2515 baumes

58 2524 63 2535 ²
97 2528 101 2532 '
138 2530 274 2556 Diaconum·
296 2538 311 2555 a
329 2530 359 2556 L.
377 2531 408 2556 P.
421 2531 442 2560 Ι,
455 2537 507 2564 3¹²
528 2544 560 2549 —
584 2539 623 2565 19.
635 2534 664 2556 et
684 2533 715 2557 ut
734 2539 750 2556 a
768 2532 915 2557 sacerdote
934 2532 1034 2557 oracio
1051 2531 1118 2556 0-
1132 2538 1173 2556 22.
1188 2533 1277 2557 tercia
1297 2533 1323 2556 B
1336 2531 1359 2556 C
1375 2544 1386 2550 -
1406 2532 1592 2557 dedicacione
1612 2531 1729 2556 ecclesie
1748 2532 1873 2556 eiusdem
1888 2533 1914 2556 B
1929 2532 1952 2556 C
1968 2546 2002 2551 —

50 2589 60 2608 ,5
92 2577 107 2605 ς
139 2579 182 2607 24.
200 2574 336 2606 quattuor
356 2574 383 2598 B
396 2573 420 2598 C
436 2587 445 2592 -
466 2574 609 2599 staciones
632 2573 656 2598 C
673 2588 703 2592 —-
719 2573 760 2599 26.
781 2575 912 2599 cantetur
933 2573 957 2598 C
974 2588 982 2592 -
1003 2576 1191 2599 cantarentur-
1207 2575 1234 2599 Β
1246 2574 1270 2599 C
1286 2589 1318 2593 —
1339 2580 1381 2607 27.
1395 2575 1543 2599 cotidiana
1564 2575 1590 2599 Β
1603 2573 1669 2598 C—
1690 2572 1732 2598 28.
1746 2574 1960 2605 quartodecimo
1976 2576 2002 2600 Β

51 2614 54 2616 ”
137 2622 151 2639 ε
169 2614 246 2640 Sam
262 2628 274 2634 -
293 2616 402 2641 decIma
424 2615 511 2641 tertia
536 2617 563 2641 B
580 2623 594 2639 e
611 2616 689 2641 Sam
708 2629 717 2634 -
738 2617 870 2641 sinodum
894 2618 918 2641 Β
930 2617 954 2641 C
971 2630 1002 2634 —
1023 2623 1066 2650 29,
1085 2616 1177 2649 XXIV
1192 2617 1218 2641 B
1237 2616 1312 2641 Sam
1332 2630 1341 2634 -
1360 2616 1466 2649 XXIIIJ
1482 2618 1506 2641 C
1523 2631 1555 2634 -
1577 2623 1618 2649 30.
1633 2617 1806 2641 Brittaniam
1822 2617 1848 2641 B
1863 2616 1885 2641 C
1902 2630 1910 2635 -
1930 2617 2000 2642 Mel-

138 2656 193 2682 uto
213 2657 276 2683 Bc
290 2671 299 2676 -
316 2659 533 2691 quampluribus
553 2659 579 2683 B
597 2666 610 2682 ε
629 2658 705 2683 Sasso
725 2673 756 2678 —
777 2666 820 2691 31.
839 2666 950 2692 quoque
969 2667 1021 2684 non
1041 2661 1135 2684 autem
1158 2658 1181 2683 C
1198 2673 1230 2677 —
1250 2665 1293 2692 32.
1315 2659 1559 2693 longobardorum
1580 2660 1607 2683 Β
1623 2659 1647 2683 C
1663 2673 1695 2676 —
1722 2666 1764 2691 34.
1791 2659 1940 2684 Modicina
1963 2660 1998 2690 C;

138 2699 163 2725 A
173 2700 200 2725 B
210 2707 322 2733 seguono
340 2699 437 2725 lentona
449 2700 574 2729 Pauus,
587 2700 635 2730 IV,
648 2706 713 2725 xx11
728 2714 761 2719 —
774 2705 817 2733 35.
831 2701 948 2726 lmlibus
963 2702 989 2726 B
1002 2701 1026 2725 C
1036 2715 1068 2719 —
1083 2701 1125 2734 36.
1139 2702 1242 2727 Autari
1256 2701 1283 2726 B
1296 2701 1332 2732 C,
1344 2702 1483 2727 Autharis
1496 2701 1572 2726 Sasso
1586 2715 1617 2719 —
1632 2707 1674 2734 37.
1689 2709 1750 2726 cum
1766 2708 1869 2734 magna
1883 2703 2002 2735 pereunte

137 2741 198 2775 regi
216 2741 319 2767 Autan-i
337 2741 372 2771 σς
387 2742 512 2772 Pauus,
526 2742 573 2772 111,
593 2749 666 2767 xxv:
688 2743 702 2756 “
712 2743 743 2767 in
763 2750 852 2768 unum
871 2751 977 2768 annum
996 2751 1127 2777 magnam
1141 2744 1291 2778 pecuniam
1310 2746 1369 2777 regi
1391 2744 1577 2775 detulerunt„
1600 2757 1608 2762 -
1629 2743 1844 2768 Commacinam
1859 2745 1886 2768 B
1898 2751 1911 2767 e
1924 2743 2000 2768 Sauo

15 2831 27 2858 ζ’
47 2845 52 2851 <-
79 2837 111 2856 ¹0
222 2830 232 2849 ¹
251 2840 271 2858 ιι
283 2840 312 2858 se
326 2833 357 2858 in
370 2834 503 2866 generale
522 2835 609 2858 tenne
628 2835 758 2866 presente
771 2833 897 2863 PAULUS,
917 2835 1043 2867 Graegortt
1186 2833 1198 2850 ²
1216 2835 1341 2863 Faunus,
1362 2835 1410 2866 111,
1429 2842 1491 2859 xxv
1509 2835 1590 2867 quasi
1611 2835 1669 2859 alla
1688 2835 1798 2859 lettera.

21 2888 23 2890 ·
67 2897 77 2904 ,,
133 2874 232 2908 Magne
246 2876 306 2901 Vita
319 2875 350 2899 in
370 2875 523 2908 Patrologra
535 2876 629 2900 latina.
644 2876 756 2905 LXXV,
776 2877 831 2902 col.
845 2875 935 2908 42-62,
956 2875 1042 2902 sunto
1185 2877 1196 2893 ³
1215 2878 1301 2907 lnam,
1321 2878 1368 2907 IV,
1388 2885 1422 2902 v:
1446 2878 1459 2891 “
1471 2876 1557 2906 Quod
1578 2876 1712 2902 Codicem
1736 2877 1883 2909 dialogum
1902 2877 2000 2902 beatus

136 2917 280 2951 piuttosto
306 2917 441 2942 Ioannes
465 2918 629 2950 Dmcosus,
658 2918 687 2945 S.
711 2918 840 2951 Gregorii
861 2919 960 2951 Magni
982 2918 1043 2943 Vua
1099 2921 1111 2933 ‘¹
1123 2920 1278 2954 Gregorius
1297 2920 1495 2945 Theudelinde
1513 2921 1611 2952 regine
1624 2920 1732 2945 direxit
1743 2929 1773 2951 „;
1792 2926 1811 2943 a
1829 2921 1916 2944 sunta.

136 2958 337 2991 specialmente
363 2960 409 2984 nel
429 2960 479 2985 lib.
499 2959 533 2991 11,
560 2968 635 2985 num.
659 2967 689 2994 17
709 2969 723 2985 e
750 2967 785 2985 πο
803 2968 858 2993 sg.;
884 2969 898 2986 e
918 2961 967 2986 lib.
994 2961 1041 2990 111.
1186 2962 1197 2978 ⁴
1218 2963 1304 2991 lnam,
1324 2962 1412 2991 XXII,
1432 2964 1511 2995 quasi
1533 2962 1749 2987 letteralmente.

70 3015 78 3026 l
112 2999 114 3001 ’
136 3007 211 3027 num.
234 3008 269 3035 5⁰
291 3009 332 3035 ες.
354 3002 431 3027 Patr.
453 3002 524 3031 Lat..
549 3002 607 3028 vol.
627 3004 684 3033 cit„
703 3011 750 3037 pp.
775 3011 810 3037 94
829 3012 843 3028 e
861 3009 904 3037 95,
927 3003 978 3030 160
1002 3011 1041 3036 sg.

2023 238 2138 264 MvR.,cc.
2148 245 2234 264 119—120

2071 638 2091 651 c.
2108 637 2146 656 1⁴7
2155 637 2168 650 a

2075 1331 2095 1347 c.
2114 1327 2172 1351 ¹670

2075 2139 2094 2154 c.
2111 2135 2171 2159 1481:

2031 2840 2061 2867 15
