2398 3470
209 891 259 910 1¹5⁴

190 939 244 961 febr.
262 945 286 964 27

322 1247 336 1272 5

306 1459 338 1477 10

307 1742 337 1768 ¹5

306 1952 340 1970 20

307 2167 339 2194 25

306 2378 341 2403 30

306 2593 340 2618 35

309 2803 343 2827 40

310 3016 342 3042 45

371 215 446 252 236
1140 213 1458 251 CHRONICON
1873 221 1958 259 [ΛΑ.
1977 221 2010 251 c.
2031 222 2226 259 ius-11³⁴]

462 338 567 372 Circa
590 338 694 370 finem
717 342 832 369 autem
854 336 926 369 uite
950 346 1012 369 sue
1034 336 1252 370 secularibus
1282 336 1433 380 negotiis
1463 336 1715 381 aliquantulum
1744 339 1948 382 postpositis
1976 345 2013 374 et
2042 339 2225 379 ommissis,

368 393 496 426 Iudeos
519 397 553 423 et
577 390 792 423 Sarracenos
814 390 862 422 ad
886 389 990 423 fidem
1019 389 1148 424 Christi
1179 395 1388 423 conuertere
1419 391 1533 423 modis
1564 390 1724 424 omnibus
1754 390 1946 432 laborabat,
1977 399 2014 427 et
2044 393 2224 426 conuersis

368 446 461 478 dona
483 444 631 487 plurima
654 449 690 476 et
712 442 911 476 necessaria
938 442 1155 476 conferebat.
1202 443 1402 476 Ecclesiam
1434 443 1539 477 etiam
1570 445 1682 477 sancti
1714 444 1854 478 Nicoiai
1885 445 1929 478 de
1952 446 2116 479 Messana
2145 456 2225 479 cum

367 499 489 532 maiori
512 503 611 540 parte
634 506 772 529 suorum
795 502 994 539 sumptuum
1018 496 1176 530 edificari
1200 496 1310 536 iussit,
1334 497 1418 530 licet
1440 507 1501 530 suo
1525 503 1684 541 tempore
1707 508 1776 531 non
1805 498 1960 541 potuerit
1989 500 2187 533 consumari
2200 499 2221 532 ¹.

368 553 436 585 Hic
460 551 564 584 etiam
588 551 634 584 ad
657 550 859 583 memoriam
883 550 1032 583 nominis
1054 550 1106 582 sui
1129 550 1165 583 in
1196 550 1343 584 Salei-no
1374 550 1526 584 tabulam
1559 556 1758 597 argenteam
1790 551 1860 584 suis
1891 553 2053 595 expensis
2082 553 2224 592 factam,

367 612 447 638 ante
471 605 578 638 altare
602 603 696 637 beati
720 603 856 637 Mathei
878 603 968 636 fecit
992 604 1134 647 apponi,
1159 610 1193 637 et
1217 603 1376 647 quotiens
1400 604 1584 637 Salernum
1608 615 1628 637 a
1653 604 1775 638 Sicilia
1796 605 1972 644 ueniebat,
1988 605 2034 639 de
2049 616 2146 640 more
2162 605 2226 640 Sa·-

369 658 538 691 lernitane
563 657 714 690 ecclesie
737 668 843 690 unum
867 657 924 690 uel
948 657 1018 691 duo
1039 657 1148 701 pallia
1170 657 1343 691 offerebat
1355 657 1377 690 ².
1425 658 1498 691 Sed
1521 659 1604 702 quia
1619 664 1781 701 negatum
1798 664 1850 692 est
1863 660 2004 692 summis
2018 665 2111 693 stare
2128 659 2190 693 diu
2201 658 2225 699 ¹,

365 714 471 747 totius
493 711 593 756 regni
616 712 669 744 sui
692 711 848 754 peccatis
870 710 1100 756 exigentibus,
1124 711 1392 755 gloriosissimus
1414 722 1476 744 rex
1500 711 1676 756 Rogerius
1699 717 1778 754 post
1801 717 1851 745 tot
1874 712 2040 746 uictorias
2055 719 2089 746 et
2103 713 2225 746 trium-

365 767 455 810 phos
477 765 572 809 apud
595 765 808 798 Panormum
832 764 933 797 febre
957 771 1114 797 mortuus
1137 770 1199 805 est,
1223 771 1259 798 et
1289 766 1446 808 sepultus
1477 765 1514 797 in
1541 765 1845 808 archiepiscopatu
1876 766 2030 799 eiusdem
2063 766 2225 806 ciuitatis,

366 830 457 854 anno
480 819 552 852 uite
575 830 636 851 sue
660 817 949 862 quinquagesimo
973 824 1110 859 octauo,
1134 818 1310 851 mensibus
1340 818 1487 857 duobus,
1518 818 1641 852 diebus
1672 819 1838 862 quinque,
1869 819 2040 853 vicesimo
2071 820 2220 863 septimo

367 874 427 908 die
452 873 580 906 mensis
604 872 798 911 Februarii,
821 882 913 905 anno
936 873 1037 916 regni
1063 872 1117 905 sui
1147 872 1315 905 vicesimo
1346 872 1426 912 IIII,
1456 883 1549 906 anno
1579 872 1764 906 Dominice
1794 873 2047 906 incarnationis
2077 873 2226 913 MCLII,

364 928 476 961 Indic.
501 927 532 959 1⁸
543 926 567 959 ⁴.
613 926 696 960 Fuit
718 932 834 959 autem
858 936 921 958 rex
944 925 1122 969 Rogerius
1143 931 1274 959 statura
1297 926 1451 969 grandis,
1480 926 1716 969 corpulentus,
1747 926 1843 959 facie
1865 926 2015 966 leonina,
2038 937 2126 961 uoce
2149 927 2226 962 sub·

365 1069 460 1093 centes
480 1067 621 1100 [aggiuneo
638 1066 679 1091 col
695 1066 771 1091 solito
788 1066 932 1090 {nchiostro
951 1066 1063 1091 sbiadtto
1084 1064 1137 1100 CJ:
1159 1065 1173 1079 “
1184 1065 1360 1100 Philippum,
1380 1066 1531 1091 chflstiani
1553 1066 1682 1092 nominis
1702 1067 1861 1092 delusorem
1875 1068 1905 1092 et
1919 1067 1971 1092 sub
1983 1067 2146 1093 uelamento
2157 1067 2224 1093 fidei

369 1111 382 1124 α
393 1118 482 1144 opera
500 1110 685 1134 infidelitatis
704 1110 833 1142 agentem
854 1107 982 1143 [agentes
1007 1107 1051 1142 Cl.
1071 1108 1192 1133 flammis
1212 1108 1365 1134 ultricibus
1384 1109 1561 1134 decreuimus
1581 1109 1828 1140 concremandum,
1848 1111 1880 1135 ut
1899 1109 1949 1141 qui
1973 1110 2070 1142 ignem
2094 1109 2227 1136 caritatis

365 1153 378 1166 ⁴⁴
390 1153 492 1178 habere
512 1153 617 1184 noluit,
639 1154 735 1185 ignem
754 1151 963 1176 combustionis
984 1152 1121 1182 incurrat,
1139 1153 1168 1176 et
1187 1152 1357 1183 nequissimi
1375 1152 1502 1176 hominis
1522 1151 1642 1185 reliquie
1663 1152 1742 1177 nulle
1761 1154 1934 1182 remaneant,
1954 1152 2001 1177 sed
2021 1159 2174 1178 conuersus
2193 1153 2225 1178 in

367 1195 380 1208 ⁸
392 1197 499 1221 cineres
520 1195 556 1220 ab
575 1197 641 1227 igne
660 1194 813 1227 temporali
834 1194 869 1218 ad
891 1195 985 1226 ignem
1005 1194 1133 1218 eternum
1150 1195 1289 1227 perpetuo
1310 1201 1423 1219 arsurus
1442 1195 1592 1227 accedat„.
1629 1194 1710 1220 Tunc
1731 1194 1935 1219 mandantibus
1955 1195 2134 1226 iusticiariis,
2159 1196 2225 1228 equi

367 1239 502 1263 indomiti
524 1238 643 1270 pedibus
664 1237 802 1270 alligatus
822 1244 909 1268 usque
928 1235 964 1260 ad
981 1236 1145 1264 calcariam,
1164 1243 1218 1268 que
1238 1237 1304 1261 ante
1323 1236 1462 1269 palatium
1483 1238 1552 1267 erat,
1570 1239 1614 1262 est
1633 1237 1774 1262 uiolenter
1799 1238 1946 1266 attractus,
1973 1237 2075 1262 dehinc
2099 1237 2137 1262 ab
2160 1237 2227 1271 equi

365 1281 484 1313 pedibus
503 1281 660 1305 dissolutus
681 1281 710 1304 in
730 1279 906 1304 flammarum
925 1277 1021 1302 medio
1040 1277 1164 1302 iactatus
1183 1279 1227 1303 est
1244 1279 1272 1303 et
1292 1280 1407 1311 repente
1426 1279 1597 1304 combustus.
1635 1280 1697 1304 Alii
1717 1280 1813 1304 autem
1832 1286 1880 1304 sue
1893 1279 2058 1311 iniquilatis
2072 1280 2227 1313 compllces

363 1325 391 1348 et
411 1325 557 1348 consortes
576 1322 729 1355 capitalem
750 1321 859 1346 sublere
879 1319 985 1355 [subire
1003 1321 1036 1345 di
1047 1323 1140 1354 prima
1158 1328 1244 1350 mano,
1262 1322 1390 1354 aggs'unto
1408 1328 1423 1346 e
1439 1322 1483 1346 col
1491 1321 1568 1347 solito
1580 1322 1725 1347 inchr'mtro
1735 1322 1848 1347 sbiadiea
1865 1321 1903 1355 C]
1917 1321 2227 1357 sententiam18enten·

365 1367 438 1391 ciam
460 1364 508 1400 CJ.
545 1366 579 1390 In
598 1365 654 1390 hoc
674 1366 764 1398 igitur
778 1364 855 1389 facto
869 1365 1052 1389 manifestius
1065 1363 1208 1392 elucescit,
1221 1364 1297 1396 quod
1311 1371 1360 1388 rex
1373 1364 1516 1397 Rogerius
1531 1365 1588 1389 fuit
1601 1365 1734 1398 princeps
1747 1364 2006 1390 christianissimus
2018 1367 2046 1390 et
2060 1365 2228 1396 catholicus,

365 1410 413 1442 qui
434 1416 487 1442 pro
506 1408 615 1433 iniuria
633 1407 700 1432 fidei
720 1407 895 1432 uindicanda
915 1408 1074 1432 camerario
1093 1407 1122 1431 et
1141 1407 1253 1431 nutrito
1272 1408 1392 1438 proprio
1412 1414 1470 1431 non
1490 1408 1626 1440 pepercit,
1647 1409 1690 1432 set
1707 1415 1762 1440 pro
1781 1408 1842 1432 eius
1860 1407 1970 1432 honore
1982 1409 2011 1433 et
2022 1408 2118 1441 gloria
2129 1409 2227 1434 incen-

366 1452 415 1477 dlo
435 1451 557 1477 tradidit
576 1450 669 1475 illum.
689 1464 721 1467 —
744 1457 765 1475 1.
786 1449 915 1482 negociis
937 1450 961 1474 C
977 1456 991 1473 e
1008 1449 1100 1473 Arndt·
1117 1462 1150 1467 —-
1170 1455 1196 1481 3.
1218 1449 1377 1474 necessaria
1396 1450 1424 1474 et
1443 1449 1519 1474 dona
1538 1449 1664 1482 plurima
1681 1450 1709 1474 B
1726 1458 1740 1474 c
1758 1449 1852 1479 Susum
1872 1451 1901 1475 et
1920 1451 2078 1475 necessarIa
2095 1458 2192 1476 mm
2205 1451 2231 1477 C

365 1508 373 1512 -
394 1494 518 1526 Nicolay
533 1494 581 1519 ee
592 1492 683 1517 Amat
696 1506 728 1510 —
742 1491 768 1517 6.
781 1493 920 1525 quociens
935 1491 960 1516 C
968 1499 982 1515 e
993 1491 1084 1516 Arnae
1102 1505 1135 1508 —
1156 1497 1180 1524 7.
1199 1490 1231 1515 a!
1246 1492 1369 1523 margine
1386 1499 1464 1516 mano
1482 1494 1585 1517 recente
1601 1493 1712 1517 κνῖπες
1730 1492 1771 1517 Ut
1790 1494 1831 1517 ait
1849 1492 1981 1518 Lucanus
2001 1493 2026 1519 C
2042 1506 2076 1511 —
2093 1492 2120 1518 8.
2131 1494 2227 1518 tocius

370 1537 393 1562 C
408 1545 421 1561 e
438 1537 529 1562 Arndt
548 1550 580 1555 —
604 1542 691 1560 11-12.
710 1535 762 1559 cosi
780 1536 811 1560 in
829 1535 973 1560 {nchiostro
990 1541 1060 1558 roseo
1077 1534 1103 1558 A
1112 1542 1120 1565 ς
1139 1534 1219 1559 Anni
1238 1534 1362 1559 Domini
1381 1535 1411 1558 ln
1429 1534 1573 1559 includam-o
1592 1542 1670 1565 rosso,
1691 1536 1716 1560 C
1732 1542 1747 1559 e
1763 1535 1856 1560 Arndt

456 1646 462 1662 ¹
485 1648 527 1673 La
546 1647 652 1673 Chiesa
671 1648 700 1672 di
721 1646 747 1672 S.
768 1647 874 1672 Nicola
894 1646 924 1671 di
945 1646 1081 1676 Messina,
1096 1647 1240 1671 destinata
1253 1654 1270 1671 a

366 1693 430 1717 sede
442 1691 587 1717 vescovile
601 1691 726 1716 secondo
736 1690 856 1715 l’autica
867 1690 1029 1715 tradizione
1042 1689 1072 1714 di
1086 1689 1184 1723 quella
1197 1687 1269 1715 ciet&

366 1743 380 1760 e
399 1735 513 1759 affidata
531 1734 591 1759 alla
609 1733 818 1767 giurisdizione
838 1732 869 1757 di
888 1732 1016 1757 Roberto
1037 1739 1160 1757 vescovo
1187 1732 1215 1757 di
1242 1732 1269 1757 S.

367 1778 461 1802 Maria
480 1777 509 1801 di
529 1775 646 1808 Tama,
667 1776 773 1800 risulta
793 1775 954 1800 sabbricata
972 1781 1047 1807 poco
1068 1775 1168 1799 avanti
1187 1775 1269 1807 l'apr.

367 1828 392 1845 a.
412 1828 448 1844 rn.
468 1818 546 1852 6604,
567 1818 627 1843 ind.
645 1818 686 1843 1v
705 1818 743 1852 (a.
762 1816 796 1843 C.
818 1816 898 1850 1096)
918 1817 965 1842 dal
986 1815 1065 1841 Gran
1086 1815 1180 1842 Conte
1193 1816 1269 1850 Rug-

366 1863 446 1896 giero
458 1871 464 1886 2
484 1859 534 1887 καὶ
552 1860 592 1892 εἰς
610 1858 663 1893 τὴν
675 1857 841 1893 συμβουλὴν
852 1857 959 1892 ταύτην
970 1857 1020 1885 καὶ
1031 1857 1200 1892 συμφωνίαν
1211 1857 1271 1892 &im

367 1902 538 1937 ἀρεσθέντες
555 1902 621 1935 ἄρτι
639 1901 671 1928 δε
684 1901 768 1928 πάλιν
786 1900 860 1928 κατὰ.
871 1899 1046 1935 συμβούλων
1058 1902 1109 1927 τοῦ
1121 1899 1270 1928 ἀποστολι-

366 1947 421 1972 κοῦ
440 1943 521 1972 πόποι
539 1943 683 1978 ἀνείγειρα
701 1943 771 1971 ναὸν
789 1942 833 1970 ἐπ’
851 1941 971 1977 ὀνόματι
988 1945 1040 1969 τοῦ
1058 1941 1140 1969 ὁσίου
1164 1942 1271 1976 πατρὸς

367 1988 449 2023 ἡμῶν
467 1986 614 2014 Νικολάου
627 1986 658 2014 ἐν
670 1988 704 2020 τῆ
719 1986 861 2020 Μεσηνῶν
872 1983 961 2018 πόλει,
974 1984 1023 2012 καὶ
1035 1985 1075 2018 ele,-
1087 1984 1272 2013 ἐπισκόποιον

368 2030 529 2064 κατέστησα
548 2030 646 2062 καθῶς
664 2028 713 2056 καὶ
730 2028 749 2063 ἡ
768 2027 877 2062 donum
894 2027 1060 2062 παράδωσις
1078 2027 1182 2062 ἐνήλου
1200 2028 1272 2055 εἶναι

368 2076 420 2108 τῆν
438 2072 594 2106 ἐκκλησίαν
612 2071 718 2105 ταύτην
733 2070 894 2105 καθολικὴν
905 2073 956 2104 τῆς
968 2070 1056 2104 αὐτῆς
1068 2070 1186 2103 πόλεως.
1224 2071 1271 2097 Cf.

369 2115 458 2147 Cosa,
477 2115 497 2140 Ι
511 2116 623 2147 diplom
635 2116 714 2147 greci
729 2115 762 2139 ed
779 2115 859 2139 arabi
875 2115 906 2138 at
923 2113 1027 2147 Sicilia,
1048 2122 1075 2146 p.
1095 2121 1155 2147 291.

459 2157 568 2187 Questa
587 2158 681 2182 chiesa
700 2159 785 2182 torna
805 2156 896 2182 anche
915 2157 946 2180 in
966 2155 1041 2181 altro
1055 2156 1185 2189 diploma
1198 2157 1271 2181 dire

368 2202 515 2235 Ruggiero
535 2201 580 2226 del
599 2200 693 2233 luglio
715 2207 792 2233 1143,
812 2206 880 2224 vero
901 2199 947 2224 nel
967 2201 1044 2224 testo
1062 2207 1148 2232 greco
1169 2199 1271 2231 (CUSA,

367 2248 407 2277 op.
426 2246 480 2274 cie„
500 2252 527 2276 p.
547 2250 613 2276 3123
632 2242 740 2272 Simu-A,
758 2242 932 2267 Misceuanea
956 2242 987 2266 dt·
1007 2241 1100 2267 StorIa
1124 2242 1198 2271 Ital„
1222 2242 1271 2271 1x.

367 2295 395 2321 p.
415 2286 557 2321 500-507),
576 2286 651 2310 salso
666 2286 712 2310 nel
725 2287 799 2310 testo
819 2285 913 2310 latino
927 2283 1123 2318 (STARRABBA‚
1136 2284 1275 2316 [diplomi

368 2329 440 2354 della
462 2328 614 2355 Cattedrale
632 2329 664 2352 dl
680 2328 798 2352 Messina
823 2329 852 2351 in
872 2327 961 2351 Doc.
987 2334 1049 2359 per
1074 2334 1171 2352 serv.
1199 2327 1271 2352 alla

368 2371 418 2397 St.
438 2372 476 2397 di
495 2371 563 2397 Sic.
582 2371 594 2395 Ι
613 2371 688 2396 Ser.
709 2370 983 2403 Diplomatica,
1001 2369 1023 2401 1,
1039 2375 1090 2403 375
1105 2377 1119 2395 e
1134 2369 1195 2403 sg.).
1223 2369 1269 2395 Cf.

368 2415 401 2439 K.
422 2415 458 2439 A.
477 2414 572 2443 Kirna,
591 2416 631 2446 op.
650 2413 704 2444 cit,
717 2421 744 2446 p.
764 2419 813 2445 321
828 2419 844 2437 e
856 2419 914 2446 sg.;
935 2411 1063 2441 Cass-AR,
1083 2412 1148 2445 Reg.
1164 2420 1190 2436 n.
1213 2411 1271 2445 156.

457 2455 518 2483 Ρυὸ
538 2458 666 2490 pensarsi
687 2456 755 2489 pero
776 2456 826 2481 che
845 2463 874 2480 re
893 2454 1040 2488 Ruggiero
1060 2456 1145 2480 abbia
1172 2455 1273 2481 voluto

369 2501 538 2534 ingrandire
557 2499 620 2531 quel
638 2499 746 2533 tempio
766 2507 780 2523 e
799 2498 948 2523 decoratio
968 2504 1047 2522 come
1066 2497 1093 2522 le
1112 2498 1165 2522 due
1179 2497 1272 2522 chiese

370 2543 399 2567 di
419 2539 523 2568 Cefalii
542 2549 556 2566 e
576 2541 653 2566 della
673 2540 813 2575 Cappella
832 2540 967 2565 Palatina
986 2540 1014 2564 di
1040 2539 1183 2570 Paiermo3
1211 2547 1270 2565 nes-

369 2585 506 2610 sun’altra
527 2586 638 2610 notizia
657 2584 791 2609 abbiamo
811 2582 856 2608 sul
875 2581 1036 2617 proposito.

460 2626 471 2644 ²
489 2629 555 2653 Non
575 2627 846 2660 improbabilmente
871 2627 900 2651 la
915 2624 929 2638 ‘¹
940 2625 1038 2651 tabula
1053 2627 1208 2658 argentea„
1225 2633 1273 2658 po-

369 2671 465 2696 trebbe
476 2678 567 2695 essere
580 2670 680 2696 offerta
694 2670 797 2695 votiva
809 2676 859 2703 per
872 2669 900 2694 la
914 2670 1005 2694 morte
1018 2668 1096 2693 della
1115 2670 1216 2701 regina
1229 2668 1271 2694 Sl-

370 2713 451 2739 biila.
488 2713 541 2738 Dei
563 2713 649 2746 pallii
669 2712 762 2737 offerti
783 2718 839 2737 non
860 2712 886 2736 si
903 2711 940 2736 ha
959 2709 1008 2743 pii:
1028 2710 1133 2736 alcuna
1155 2712 1272 2736 tuccia.

458 2755 470 2772 ³
488 2754 640 2785 Lucanus,
658 2754 812 2784 Pharsalia,
831 2753 853 2786 1,
873 2760 915 2787 70.

458 2796 468 2813 ⁴
487 2797 633 2832 Ruggiero
658 2798 685 2823 11
706 2796 779 2822 mori
800 2797 823 2822 il
849 2803 882 2830 27
910 2796 964 2821 feb.
994 2801 1061 2827 1154
1088 2795 1149 2820 ind.
1167 2795 1208 2826 11;
1235 2797 1271 2820 cs.

370 2839 496 2872 Gutum,
516 2840 671 2872 Necrologr'o
690 2840 735 2865 del
751 2839 809 2865 Lib.
828 2838 916 2870 Cous„
930 2846 977 2871 pp.
990 2845 1026 2871 30
1038 2845 1053 2863 e
1066 2836 1128 2871 365.
1165 2836 1273 2866 Questa

370 2883 437 2908 data
456 2882 598 2907 concorda
617 2883 662 2907 col
682 2882 787 2908 Necrol.
809 2881 894 2907 Cas.1
916 2889 931 2906 e
949 2880 976 2906 11
994 2888 1008 2905 e
1028 2879 1198 2906 coll’Emort.
1222 2881 1273 2906 Ca-

370 2926 422 2950 sin.
441 2925 626 2957 (Muaaronr,
651 2924 714 2950 ΚΗ.
739 2923 780 2950 II.
804 2923 863 2954 SS.‚
888 2923 922 2953 V,
949 2922 997 2957 76;
1022 2922 1084 2952 VII,
1111 2929 1173 2956 940,
1198 2921 1274 2956 947).

372 2967 486 2993 Ultimo
506 2968 535 2992 di
557 2967 645 2992 febbr.
665 2967 773 2992 dicono
793 2968 907 2991 invece:
925 2966 997 2991 Anu.
1019 2965 1110 2992 Sic-cu
1128 2966 1157 2990 in
1177 2965 1215 2990 M.
1239 2965 1273 2991 G.

373 3009 416 3041 H„
439 3009 498 3039 SS.‚
518 3009 592 3039 XIX,
612 3007 680 3042 496;
703 3008 803 3034 Clu-on.
824 3007 1127 3039 Siciliae,Muan-onr‚
1145 3006 1219 3039 tona,
1238 3006 1273 3037 X,

1324 1645 1394 1679 813;
1412 1647 1486 1672 Anu.
1506 1646 1598 1672 Paua.
1619 1648 1649 1671 in
1670 1648 1710 1672 M.
1738 1648 1772 1673 G.
1798 1648 1842 1679 H„
1871 1648 1931 1680 SS.‚
1957 1647 2032 1678 XVI,
2057 1646 2106 1678 88;
2128 1647 2227 1674 chron.

1327 1688 1522 1714 clarevallense
1542 1690 1573 1714 in
1593 1689 1709 1720 Miomr,
1728 1690 1828 1715 Patrol.
1853 1689 1922 1720 Lat„
1948 1689 2122 1720 CLXXXV,
2142 1695 2227 1724 ¹²47?

1324 1731 1478 1756 Sxommz'ri
1501 1731 1575 1757 Cant.
1593 1732 1709 1762 Praetu„
1729 1734 1759 1756 in
1778 1731 1817 1757 Μ’.
1839 1732 1871 1757 G.
1892 1732 1937 1763 E„
1957 1733 2017 1765 SS.‚
2032 1739 2100 1766 4543
2112 1732 2230 1760 Ram-

1324 1781 1378 1799 xrus
1395 1781 1435 1799 na
1451 1774 1579 1805 Dicin-o,
1599 1775 1630 1799 in
1650 1775 1690 1800 M.
1710 1775 1745 1800 G.
1764 1775 1810 1806 H„
1832 1775 1892 1805 SS.‚
1913 1775 2030 1805 XXVII,
2056 1774 2122 1808 2833
2149 1775 2230 1801 Gesta

1324 1816 1452 1841 Bais-rici
1475 1820 1504 1842 et
1525 1817 1655 1841 RIccardi
1677 1818 1709 1842 in
1734 1818 1774 1843 M
1807 1818 1838 1843 G.
1863 1818 1909 1846 H„
1931 1818 1992 1848 SS.‚
2016 1817 2133 1847 xxvn,
2159 1824 2228 1852 1293

1328 1858 1426 1884 chron.
1444 1857 1576 1884 Rosamx
1601 1866 1639 1884 mr.
1660 1859 1825 1890 Howanm,
1844 1860 1918 1893 thia„
1942 1865 2007 1893 1573
2030 1859 2130 1886 Claros.
2149 1859 2229 1887 Geu-

1325 1907 1415 1925 πωπω
1434 1908 1472 1926 mi:
1490 1901 1592 1931 Baum,
1613 1903 1643 1926 in
1662 1901 1701 1927 M.
1727 1903 1757 1927 G.
1779 1903 1824 1934 H„
1845 1902 1907 1934 SS.‚
1927 1901 2029 1932 XXVI,
2043 1908 2104 1927 202.
2140 1902 2229 1928 Anno

1328 1950 1396 1976 1153
1415 1944 1513 1969 hanno
1533 1944 1638 1977 l’Epist.
1662 1944 1782 1970 Conrads·
1792 1945 1865 1970 Mon.
1879 1946 1909 1970 in
1923 1945 2097 1975 MURATORI,
2110 1945 2182 1975 ibid..
2194 1945 2229 1974 X,

1326 1985 1392 2019 278³
1410 1986 1481 2012 ann.
1499 1986 1583 2012 Mons.
1602 1987 1686 2013 Μωι.
1706 1988 1736 2012 in
1755 1987 1795 2013 M.
1817 1988 1850 2013 G.
1876 1988 1920 2020 H„
1948 1988 2009 2019 SS.‚
2033 1987 2135 2017 xxw.
2161 1993 2252 2020 5122»
2297 1980 2303 1983 ”
2333 1980 2335 1983 “

1326 2037 1402 2054 anno
1426 2029 1492 2062 1156
1513 2029 1534 2054 il
1558 2029 1653 2055 chron.
1671 2031 1745 2055 univ.
1764 2031 1851 2054 Arnon.
1871 2030 1996 2055 Laudun.
2016 2031 2047 2054 in
2065 2029 2105 2055 Μ
2127 2029 2162 2055 G.
2179 2029 2230 2059 E..

1327 2071 1387 2104 SS.‚
1407 2071 1509 2101 XXVI,
1529 2079 1591 2104 443.
1624 2073 1661 2105 ‘⁴4
1681 2073 1738 2098 kal.
1757 2073 1854 2097 martii
1866 2091 1880 2106 η
1901 2074 2064 2105 registi-ano
2083 2072 2105 2097 il
2123 2071 2230 2098 Necrol.
2257 2103 2265 2107 .

1326 2115 1454 2139 Panorm.
1465 2121 1480 2139 e
1491 2114 1510 2139 il
1523 2114 1630 2139 Necrol.
1647 2114 1786 2147 Cappellae
1797 2114 1942 2140 Palatinae
1955 2116 1985 2139 in
1998 2114 2230 2144 menuuum,

1326 2155 1431 2181 Forscln.
1449 2165 1474 2182 z.
1492 2157 1518 2180 d.
1539 2155 1640 2186 Geecb„
1659 2155 1762 2187 XVIII,
1781 2162 1831 2189 472
1852 2164 1867 2181 e
1880 2162 1940 2190 474.
1978 2156 2020 2181 La
2032 2156 2131 2181 tomba
2143 2156 2173 2181 dl
2186 2156 2230 2182 lui

1328 2199 1403 2224 nella
1423 2199 1589 2224 Cattedrale
1614 2199 1644 2223 di
1670 2199 1802 2224 Palermo
1828 2199 1945 2225 dall’ala
1970 2199 2065 2225 destra
2089 2199 2137 2225 dei
2161 2206 2230 2225 coro

1327 2243 1448 2268 insieme
1466 2242 1541 2266 colle
1560 2242 1633 2266 altre
1652 2242 1748 2266 tumbe
1770 2242 1799 2267 su
1819 2243 1997 2275 trasportata
2023 2242 2101 2267 nella
2123 2243 2231 2268 navata

1327 2285 1527 2310 meridionale.
1563 2284 1711 2318 Ruggiero
1731 2285 1829 2318 riposa
1849 2285 1952 2310 dentro
1971 2284 2087 2309 un’arca
2100 2284 2132 2310 dl
2142 2284 2231 2310 taetre

1327 2328 1356 2352 di
1377 2326 1496 2359 porfido,
1519 2335 1551 2352 su
1570 2327 1636 2352 base
1655 2327 1683 2352 di
1708 2327 1801 2360 pietra
1826 2328 1922 2360 nggia
1947 2335 1961 2351 e
1987 2328 2104 2360 coperta
2128 2326 2165 2352 da
2189 2333 2229 2352 un

1326 2369 1516 2395 baldacchino
1535 2370 1565 2394 di
1586 2377 1696 2395 marmo
1715 2371 1866 2395 sostenuto
1886 2370 1922 2394 da
1942 2370 1983 2394 sei
1997 2369 2122 2395 colonae
2134 2370 2229 2395 corin-

1327 2413 1371 2436 zie
1391 2419 1446 2437 con
1467 2413 1631 2438 ornamenti
1652 2412 1681 2436 di
1701 2413 1838 2437 mosaico.
1876 2411 1957 2437 Sulla
1975 2412 2041 2436 base
2064 2412 2109 2437 del
2136 2410 2228 2445 sepol-

1327 2462 1375 2479 cro
1394 2456 1418 2479 si
1438 2454 1475 2479 ha
1494 2454 1524 2479 la
1542 2456 1677 2487 seguente
1698 2455 1865 2480 iscrizione:

1656 2503 1762 2527 Quian
1781 2504 1819 2522 m·
1838 2503 1907 2522 imi-1

1386 2546 1498 2564 Roaiam
1518 2545 1649 2565 swanum
1666 2546 1754 2565 nuexs
1772 2546 1811 2565 m·
1829 2546 1918 2565 Pmmx
1936 2546 2024 2566 amis
2042 2546 2170 2566 smmis:

1433 2588 1575 2608 nom-nus
1594 2589 1648 2607 asa·
1667 2588 1812 2607 mumma
1829 2589 2002 2608 rasnumo
2021 2589 2124 2608 »musa

1676 2631 1762 2650 auno
1780 2630 1873 2650 mcuv

1415 2667 1438 2691 11
1474 2673 1504 2691 12
1538 2666 1628 2700 aprile
1662 2666 1739 2700 1916,
1771 2667 1969 2700 scoperchiata
1993 2668 2022 2692 la
2047 2668 2146 2693 tomba
2170 2666 2229 2693 aila

1327 2717 1460 2742 presenza
1480 2709 1525 2734 del
1545 2710 1713 2742 complanto
1733 2708 1879 2742 Giuseppe
1897 2709 1986 2741 Pitre,
2010 2710 2056 2735 del
2081 2701 2230 2735 Direttore

1327 2751 1502 2778 dell’Ufflcio
1522 2752 1683 2785 Regionale
1703 2752 1747 2777 dei
1767 2752 1950 2778 Monumenti
1977 2752 2006 2777 di
2032 2751 2142 2782 Sicilia,
2166 2751 2228 2785 Ing.

1326 2793 1472 2828 Giuseppe
1490 2793 1562 2824 Rao,
1583 2795 1630 2820 dei
1649 2795 1845 2820 Protonotaro
1864 2795 2039 2828 Apostolico
2064 2795 2142 2820 della
2164 2794 2229 2820 Cat-

1327 2836 1435 2862 tedrale
1454 2844 1470 2862 e
1488 2837 1516 2862 di
1544 2838 1591 2862 chi
1617 2837 1739 2870 compila
1763 2839 1863 2870 questa
1882 2839 1960 2867 nota.
1981 2838 2011 2862 fu
2030 2838 2173 2863 ritrovato
2197 2837 2228 2863 lo

1327 2879 1468 2905 scheletro
1488 2880 1519 2905 di
1539 2880 1685 2914 Ruggiero
1705 2880 1756 2906 che
1775 2881 1796 2905 il
1817 2878 1906 2910 Pitre,
1925 2880 2004 2914 dagli
2026 2880 2133 2906 stinchi
2153 2888 2168 2905 e
2181 2880 2229 2906 dal

1327 2922 1436 2952 cranio,
1454 2921 1574 2956 giudice
1601 2925 1785 2956 appartenere
1805 2923 1840 2948 ad
1866 2928 1904 2948 un
1924 2930 2010 2948 uomo
2029 2923 2091 2948 alto
2110 2930 2125 2947 e
2145 2923 2228 2948 forte.

1329 2965 1507 2990 Partieolare
1526 2965 1677 2990 notevole:
1699 2966 1770 2991 tutti
1796 2967 1804 2990 i
1832 2966 1913 2991 denti
1939 2972 2026 2992 erano
2051 2973 2156 2991 ancora
2181 2966 2226 2990 nei

1329 3007 1500 3039 masceliari,
1519 3008 1600 3040 quasi
1620 3009 1738 3041 riprova
1757 3007 1833 3033 della
1851 3015 1902 3034 sua
1922 3007 2013 3034 faccia
2032 3007 2157 3034 leonIna.
