2398 3470
175 238 250 263 Mun„
266 244 298 259 cc.
315 245 402 264 ²14-2xs
413 227 488 264 266

349 2298 380 2315 10

348 2510 377 2535 ¹5

347 2721 380 2738 20

347 2928 378 2953 25

1179 224 1491 261 CHRONICON
2034 233 2085 269 [Α.
2105 234 2138 262 c.
2160 234 2252 267 1176]

410 360 499 393 pape
522 348 703 392 plurimum
730 347 913 390 displicere
938 353 972 379 et
996 347 1154 380 Romane
1179 346 1327 379 ecclesie
1351 357 1419 379 non
1443 346 1615 380 modicam
1639 348 1806 380 iacturam
1828 349 1971 389 inferre,
1987 350 2098 383 Deum
2116 355 2151 383 et
2165 348 2249 382 Ale-

410 403 580 434 xandrum
603 411 727 443 papam
750 401 784 431 in
810 400 874 432 hac
898 405 996 442 parte
1020 399 1198 437 reueritus,
1222 399 1440 441 imperatoris
1463 399 1567 432 filiam
1590 399 1626 431 in
1649 410 1790 433 uxorem
1813 406 1849 433 et
1870 401 1943 435 eius
1957 412 2080 445 pacem
2094 403 2252 445 recipere

410 454 527 488 noluit.
574 453 680 493 Quod
704 454 834 485 factum
857 452 1044 495 imperator
1068 451 1164 495 egre'
1187 452 1265 484 tulit
1289 458 1323 484 et
1346 452 1486 484 multum
1512 453 1557 484 ad
1573 452 1722 485 animum
1738 454 1926 489 reuocauit.
1973 454 2045 488 Sed
2060 465 2130 488 non
2145 454 2252 488 multo

410 513 487 549 post
509 506 725 549 imperatoris
747 506 816 538 filia
840 510 892 538 est
915 504 1094 538 defuncta.

497 559 718 592 Adueniente
741 564 857 591 autem
881 563 1000 597 estate,
1024 558 1205 601 Philippus
1229 558 1452 591 Coloniensis
1475 558 1780 602 archiepiscopus¹
1806 570 1884 592 cum
1900 560 2103 604 quibusdam
2120 561 2251 605 princi·

409 613 508 655 pibus
531 612 739 645 Alamannie
764 618 798 644 et
821 621 947 655 magna
970 611 1189 644 multitudine
1213 617 1429 644 strenuorum
1453 611 1598 644 militum
1621 623 1686 655 per
1708 618 1872 645 montana
1902 612 2085 647 Cumarum
2116 614 2249 648 Italiam

410 667 586 704 intrantes,
610 665 808 707 imperatori
831 674 1036 697 succurrere
1060 664 1285 697 festinabant.
1332 665 1413 703 Quo
1437 666 1591 709 cognito,
1621 666 1812 708 imperator
1843 666 1894 699 eis
1923 666 2060 700 obuiam
2089 669 2252 711 perrexit,

408 726 443 753 et
465 720 563 752 simul
588 729 666 752 cum
689 719 755 751 illis
778 729 899 751 uersus
919 723 1037 760 partes
1059 718 1253 750 Mediolani
1278 719 1323 751 ad
1346 718 1599 751 deaastandum
1622 729 1741 752 eorum
1765 725 1901 763 segetes
1926 719 1978 752 ire
2009 721 2215 763 disponebat
2227 720 2250 754 ¹.

409 772 491 811 Quo
515 772 633 805 audito
655 771 857 810 Lombardi,
881 770 964 803 licet
987 780 1105 803 omnes
1128 780 1207 803 suos
1228 771 1425 804 nullatenus
1448 777 1700 814 expectassent,
1724 772 1921 815 imperatori
1945 772 2083 805 obuiam
2112 773 2163 807 ire
2193 783 2252 806 ce-

408 832 542 869 perunt.
588 824 746 868 Cumque
771 830 935 857 exeuntes
957 823 1131 867 quoddam
1156 834 1288 864 nemus,
1312 835 1355 856 ex
1377 824 1554 867 insperato
1578 824 1785 868 imperatori,
1809 826 1869 869 qui
1897 825 2060 859 militares
2075 826 2170 860 acies
2185 826 2253 860 iam

409 880 454 912 ad
476 878 568 912 bella
591 884 785 922 parauerat,
807 877 919 910 subita
943 877 1185 915 occurrissent,
1209 887 1287 909 cum
1311 877 1371 910 illo
1395 883 1566 920 ceperunt
1588 878 1718 911 habere
1743 879 1953 912 conflictum.
1999 878 2071 912 Sed
2086 880 2168 923 quia
2181 890 2251 913 non

407 933 505 966 multi
529 933 644 966 adhuc
668 933 712 965 de
735 931 943 965 Lombardis
968 937 1216 971 conuenerant,
1239 931 1352 974 primo
1375 937 1454 964 sunt
1478 931 1522 964 ab
1546 931 1756 974 imperatore
1779 933 1814 965 in
1838 933 1958 977 fugam
1973 932 2142 966 conuersi.
2186 931 2254 967 Pe-

409 985 498 1019 dites
520 995 604 1018 uero
628 986 905 1018 Mediolanenses
928 995 1007 1017 cum
1030 984 1150 1027 paucis
1174 983 1346 1023 militibus,
1370 985 1429 1027 qui
1454 985 1548 1018 circa
1571 986 1764 1018 carmeiam
1795 991 1906 1024 erant,
1938 986 2062 1028 fugere
2093 996 2162 1018 non
2192 997 2253 1020 ua-

408 1040 529 1078 lentes,
554 1039 654 1072 simul
678 1037 928 1082 conglomerati
951 1043 1041 1069 stare
1064 1043 1243 1080 ceperunt.
1290 1037 1480 1081 Imperator
1504 1043 1617 1071 autem
1639 1038 1764 1071 uidens
1779 1038 1996 1072 Lombardos
2011 1038 2138 1072 milites
2153 1039 2252 1072 aufu-

406 1093 509 1138 gisse,
532 1092 724 1135 pedestrem
748 1091 1014 1130 multitudinem,
1038 1101 1104 1134 que
1128 1096 1349 1130 remanserat,
1376 1091 1528 1124 credidit
1558 1091 1665 1124 facile
1695 1103 1870 1134 superare.
1917 1093 2074 1136 Cumque
2106 1101 2252 1137 congre-

407 1152 488 1189 gata
512 1157 572 1179 sua
595 1145 716 1177 militia
738 1155 840 1187 super
863 1155 923 1177 eos
946 1144 1052 1176 uellet
1075 1144 1281 1187 irrumpere,
1305 1143 1353 1176 illi
1379 1145 1550 1187 oppositis
1574 1144 1698 1187 clipeis
1721 1151 1756 1178 et
1779 1145 1954 1188 porrectis
1977 1145 2058 1178 antis
2083 1151 2253 1188 ceperunt

409 1210 526 1232 eorum
550 1199 661 1231 furori
682 1198 854 1237 resistere,
878 1203 914 1230 et
936 1197 983 1229 ad
1006 1207 1042 1229 se
1066 1197 1246 1230 uenientes
1269 1198 1421 1230 animose
1444 1197 1616 1240 repellere
1625 1197 1647 1230 ⁸.
1694 1198 1851 1242 Cumque
1876 1198 2060 1232 conflictus
2075 1199 2141 1232 iste
2164 1199 2255 1232 inter

408 1254 652 1295 imperatorem
677 1257 712 1284 et
734 1250 987 1284 Lommbardos
1009 1250 1146 1293 pedites
1173 1250 1378 1294 aliquandiu
1408 1251 1640 1294 perdurasset,
1671 1251 1871 1290 Lombardi‚
1902 1252 1961 1296 qui
1992 1252 2169 1296 fugerant,
2198 1262 2253 1286 re-

407 1305 564 1349 sumptis'
587 1305 730 1345 uiribus,
755 1311 790 1338 et
811 1304 900 1343 aliis,
924 1304 982 1348 qui
1007 1306 1051 1336 de
1075 1314 1166 1336 nouo
1189 1309 1368 1344 uenerant,
1391 1304 1524 1343 sociali,
1548 1305 1593 1337 ad
1616 1315 1768 1349 pugnam
1791 1310 1869 1337 sunt
1892 1305 2044 1338 animose
2061 1306 2204 1345 reuersi,
2219 1311 2255 1339 et

2298 561 2316 593 υι

2280 827 2319 860 10

2280 1094 2317 1125 15

407 1359 506 1392 simul
529 1370 607 1392 cum
630 1359 698 1391 suis
721 1357 893 1400 peditibus
915 1367 1018 1399 super
1042 1357 1258 1399 imperatoris
1289 1358 1483 1390 exercitum
1512 1358 1675 1400 impetum
1709 1358 1895 1397 facientes,
1924 1359 2036 1402 ipsum
2066 1359 2103 1391 in
2133 1359 2252 1404 fugam
2276 1361 2319 1392 20

406 1413 614 1446 unanimiter
636 1416 881 1444 conuerterunt
892 1410 915 1443 ⁴.
960 1410 1150 1444 Lombardi
1174 1416 1289 1443 autem
1313 1411 1490 1455 fugientes
1513 1412 1734 1445 Theutonico
1758 1423 1865 1455 usque
1881 1413 1928 1445 ad
1942 1412 2094 1445 uicinum
2110 1413 2251 1446 fluuium

406 1466 564 1505 insecuti,
587 1466 713 1498 multos
735 1475 856 1497 eorum
880 1464 1047 1498 cedentes
1077 1465 1205 1508 gladio,
1237 1464 1404 1507 plurimos
1434 1465 1470 1497 in
1496 1465 1636 1498 flumine
1664 1465 1923 1499 submerserunt
1936 1464 1959 1499 ³.
2005 1466 2142 1499 Deinde
2171 1466 2254 1500 red-

407 1521 551 1553 deuntes
574 1519 619 1551 ad
643 1524 764 1558 castra,
787 1527 946 1561 magnam
970 1518 1187 1561 imperatoris
1210 1524 1244 1551 et
1276 1518 1449 1551 exercitus
1478 1519 1551 1551 eius
1581 1519 1859 1562 suppellectilem
1890 1525 2153 1562 occupauerunt
2163 1518 2188 1559 ⁸,
2217 1526 2254 1554 et

406 1574 456 1606 sic
480 1578 574 1606 tanta
596 1572 696 1615 potiti
718 1571 879 1611 uictoria,
902 1571 999 1605 circa
1021 1571 1167 1614 Papiam
1190 1577 1306 1605 castra
1328 1572 1448 1605 metati
1472 1579 1561 1605 sunt.
1607 1573 1681 1606 Sed
1704 1573 1786 1615 quia
1809 1573 1959 1606 uictoria
1980 1573 2070 1606 solet
2092 1572 2253 1606 elationis

405 1627 564 1670 spiritum
587 1625 776 1659 uictoribus
798 1625 1006 1665 ministrare,
1028 1625 1066 1657 in
1093 1626 1218 1658 eodem
1247 1626 1326 1659 loco
1356 1636 1488 1659 moram
1518 1627 1639 1659 facere
1668 1626 1897 1670 negligentes,
1928 1627 1974 1660 ad
2003 1627 2146 1670 propria
2173 1633 2253 1660 sunt
2274 1626 2317 1659 25

406 1680 545 1713 reuersi.
592 1680 786 1722 Imperator
808 1684 924 1715 autem
947 1688 1026 1711 cum
1047 1678 1086 1710 in
1112 1679 1355 1722 prenominata
1370 1690 1488 1724 pugna
1502 1679 1648 1712 uiriliter
1664 1679 1873 1719 dimicasset,
1890 1684 1925 1712 et
1939 1679 2147 1724 fugientium
2162 1690 2253 1723 pene

405 1733 543 1766 ultimus
565 1732 741 1771 extitisset,
766 1732 1036 1774 superueniente
1058 1738 1160 1765 nocte
1185 1732 1331 1771 delituit,
1356 1738 1391 1765 et
1414 1743 1492 1765 cum
1516 1732 1699 1776 aliquantis
1723 1731 1846 1765 diebus
1877 1732 2000 1766 fuisset
2030 1732 2254 1766 absconditus

495 1871 518 1888 2.
538 1865 710 1888 reueriturus
729 1864 753 1887 Α
773 1863 804 1887 di
815 1863 908 1894 prima
925 1870 1014 1893 mano,
1032 1871 1094 1887 raso
1112 1870 1159 1887 rus
1178 1871 1228 1887 non
1240 1864 1278 1895 fu
1293 1862 1341 1895 pi&
1360 1864 1496 1896 aggiunta
1515 1864 1543 1888 la
1562 1871 1574 1887 s
1595 1877 1626 1880 —
1647 1870 1671 1895 3.
1691 1863 1738 1888 Set
1762 1863 1784 1887 C
1800 1871 1813 1886 e
1832 1863 1925 1887 Arndt
1942 1876 1974 1881 -—
1995 1863 2019 1887 6.
2039 1863 2166 1888 Ytanam
2193 1864 2216 1889 C
2238 1871 2252 1888 a

406 1907 497 1933 Arndt
514 1920 547 1925 —
566 1906 591 1931 8.
610 1906 810 1931 dlvastandum
830 1905 855 1930 Α
878 1904 900 1929 C
916 1913 930 1928 e
947 1905 1042 1931 Arndt
1059 1919 1090 1924 —
1113 1912 1152 1930 11.
1172 1905 1345 1930 ocurrIssent
1365 1906 1389 1931 C
1405 1914 1420 1929 e
1438 1905 1530 1931 Arndt
1546 1918 1555 1923 —
1575 1904 1623 1930 Set
1646 1905 1668 1929 C
1684 1913 1698 1930 e
1714 1905 1806 1931 Arndt
1823 1919 1855 1924 —-
1876 1912 1918 1938 13.
1936 1907 2029 1930 autem
2043 1905 2181 1937 ΑΒΔ-9·-
2193 1912 2252 1931 ω-

406 1950 511 1974 ruciam
531 1949 555 1974 A
575 1949 626 1974 A!
644 1949 671 1973 B
686 1957 701 1973 a
718 1948 807 1973 Sasso.
845 1948 890 1973 La
907 1949 1010 1973 lesione
1028 1947 1060 1971 di
1079 1948 1102 1973 C
1119 1948 1133 1972 ἰ·
1149 1947 1198 1979 piu}
1217 1948 1308 1973 vicina
1327 1957 1344 1973 a
1363 1948 1528 1977 carrocium,
1547 1949 1684 1973 carraceto
1704 1961 1736 1967 —
1759 1947 1801 1974 16.
1820 1948 1929 1973 milicia
1951 1948 1974 1973 C
1991 1956 2005 1972 e
2029 1948 2122 1973 Arndt
2144 1961 2155 1967 -
2179 1948 2252 1982 clip-

407 1993 467 2023 peis
487 1991 526 2021 A;
547 1990 654 2023 clypeis
674 1991 700 2015 B
717 1999 731 2014 ε
750 1991 831 2016 Sauo
849 2003 883 2007 ——-
904 1988 945 2014 18.
965 1990 1080 2023 pedites
1103 1990 1126 2013 C
1139 1993 1258 2015 corr-etto
1276 1998 1324 2016 con
1341 1997 1439 2016 rasura
1457 2003 1469 2009 -
1489 1990 1656 2014 Lombardis
1680 1989 1702 2013 C
1717 1990 1748 2015 ds·
1760 1990 1853 2022 prima
1871 1998 1948 2015 mano
1966 1999 1979 2014 e
1996 1993 2113 2015 currem
2137 1997 2186 2016 con
2208 1997 2252 2015 ra·

406 2041 470 2059 sura
489 2047 522 2052 —
542 2039 587 2060 21.
606 2033 770 2058 teotonicos
790 2031 813 2055 Α
834 2045 866 2050 -
885 2038 928 2064 ²3·
948 2034 1122 2064 occuparunt
1141 2032 1168 2056 B
1186 2041 1198 2056 e
1218 2033 1298 2058 Sasso
1317 2047 1349 2050 —
1370 2039 1412 2065 ²4·
1431 2031 1478 2057 Set
1501 2031 1524 2056 C
1540 2041 1553 2056 e
1572 2032 1662 2057 Arndt
1680 2046 1712 2050 —
1734 2038 1776 2064 ²5·
1795 2033 1955 2057 uictoribus
1975 2033 1999 2056 Α
2011 2038 2027 2056 2
2051 2041 2065 2056 e
2093 2032 2193 2058 Curuo
2217 2045 2251 2051 -

409 2082 449 2109 27.
469 2076 588 2101 delicuit
607 2075 631 2100 A

496 2164 503 2180 ¹
525 2163 700 2198 “Philippus
721 2164 907 2189 Coloniensis
920 2163 1151 2197 archiepiscopus
1165 2166 1192 2188 et
1206 2164 1304 2189 Ytalie

410 2208 422 2220 “
433 2207 703 2232 archicancellarius
710 2216 740 2238 ‚,;
764 2207 801 2231 cf.
827 2206 1120 2237 Srumr-szn'mno,
1146 2207 1201 2231 Die
1219 2207 1305 2231 reichs

409 2251 529 2274 Kanzler
548 2251 594 2274 des
614 2250 649 2278 ἶς’,
670 2249 721 2274 XI
734 2250 790 2273 und
807 2249 876 2273 XI!
891 2247 1043 2280 Jahrhund.
1075 2248 1141 2273 Vol.
1167 2248 1213 2280 111,
1235 2250 1304 2274 Acta

407 2292 517 2323 imperii
534 2292 566 2316 ab
587 2292 716 2316 Heinrico
738 2291 752 2315 1
770 2291 803 2316 ab
818 2290 976 2315 Hen'nrn'cum
998 2290 1040 2319 Vl,
1055 2296 1116 2323 5²3,
1130 2297 1156 2314 n.
1171 2289 1221 2322 367
1235 2298 1250 2315 e
1265 2298 1304 2322 sg.

495 2332 506 2348 ²
525 2334 643 2358 Annales
665 2334 831 2358 colonienses
852 2332 967 2357 Maximi
992 2333 1021 2356 in
1048 2333 1089 2356 M.
1122 2332 1151 2356 G.
1180 2333 1215 2356 H.
1244 2333 1304 2363 SS.,

407 2375 495 2406 XVII,
516 2375 580 2408 788;
601 2376 687 2405 Boso,
706 2376 790 2400 Liber
808 2374 924 2407 Pontis„
943 2373 977 2404 11,
996 2382 1022 2407 p.
1042 2380 1107 2406 432:
1129 2373 1143 2386 “
1156 2390 1180 2399 ..
1192 2392 1197 2398 .
1210 2392 1216 2399 .
1237 2375 1303 2399 dum

409 2417 422 2430 “
433 2418 462 2442 F.
476 2419 638 2451 expectaret
652 2418 681 2442 in
697 2418 857 2442 constituto
871 2417 996 2440 termino
1006 2416 1162 2440 exercitum
1175 2424 1255 2448 quem
1270 2417 1303 2441 de

409 2460 421 2472 ‘⁴
430 2459 603 2484 Alamannia
613 2460 796 2488 excitaverat,
805 2458 962 2483 deliberato
970 2465 1033 2483 cum
1042 2458 1230 2491 PapIensibus
1240 2466 1303 2483 con-

406 2503 419 2516 “
431 2503 508 2531 silio,
528 2502 653 2535 perrexit
673 2502 778 2527 Cumas
798 2501 909 2526 occulte
925 2508 989 2525 cum
1002 2500 1108 2533 paucis,
1123 2501 1217 2532 ibique
1231 2508 1302 2525 rece—

407 2546 419 2557 “
434 2547 484 2577 pto
497 2546 624 2570 exercitu
638 2546 701 2577 ipso
714 2546 743 2569 et
756 2545 918 2577 aggregatis
931 2543 988 2568 sibi
1001 2545 1144 2568 universis
1157 2543 1302 2571 Cumanis,

407 2588 420 2601 ¹¹
430 2594 465 2611 ex
477 2588 635 2620 improviso
645 2587 906 2612 Mediolanensium
916 2586 985 2611 fines
995 2586 1112 2617 invasit,
1122 2594 1241 2618 quorum
1253 2587 1304 2611 vil-

409 2629 421 2641 “
434 2630 475 2654 las
488 2631 516 2653 et
529 2629 627 2663 predIa
641 2629 787 2654 hostlliter
800 2629 948 2662 depredari
962 2629 990 2653 et
1003 2628 1149 2653 devastare
1163 2629 1301 2661 incepit„.

494 2669 504 2684 ³
523 2672 607 2703 Boso,
629 2672 712 2696 Liber
730 2672 846 2702 Porttt‘tl,
865 2679 912 2704 pp.
932 2677 1062 2703 432-433:
1079 2669 1150 2694 “Set
1164 2671 1301 2695 Mediola-

410 2714 422 2726 “
433 2720 532 2738 nenses
546 2713 593 2737 ubi
607 2714 760 2738 adventum
776 2714 963 2738 accelerantis
973 2712 1131 2737 adversarii
1146 2713 1303 2738 certissime

409 2754 638 2788 “cognoverunt‚
667 2763 724 2779 non
748 2757 971 2788 expectaverunt
995 2754 1066 2779 alias
1093 2754 1234 2786 civitates,
1261 2757 1302 2779 set

408 2797 421 2810 ⁸
433 2804 494 2821 cum
517 2797 694 2821 Placentinis
715 2799 742 2822 et
761 2798 978 2822 centurionibus
997 2797 1152 2821 electorum
1177 2797 1301 2821 rnilitum

410 2838 422 2850 “
434 2839 467 2863 de
481 2839 601 2870 Verona,
617 2838 724 2868 Brixia,
738 2840 864 2864 Novaria
878 2841 906 2864 et
919 2838 1065 2867 Vercellis,
1079 2838 1210 2863 exierunt
1222 2841 1302 2863 extra

407 2881 626 2906 “Mediolanum
647 2882 676 2905 in
696 2883 788 2913 primo
806 2882 924 2906 sabbato
950 2882 1055 2906 mensis
1081 2881 1153 2905 iunii
1180 2879 1220 2912 (la
1245 2882 1302 2906 bat-

411 2923 423 2935 “
435 2923 526 2955 taglia
546 2923 576 2947 di
600 2924 731 2955 Legnano
742 2924 780 2956 su
802 2924 870 2954 per«)
895 2924 919 2948 il
941 2931 976 2956 29
1000 2923 1113 2956 maggio
1138 2923 1215 2955 1176)
1240 2931 1300 2948 cum

409 2965 563 2989 “carrocio
584 2972 643 2996 suo,
663 2967 691 2990 et
717 2968 855 2990 venerunt
881 2966 911 2990 in
938 2973 1040 2999 magna
1068 2965 1241 2990 fortitudine
1266 2966 1301 2990 ad

407 3007 421 3020 ¹¹
434 3007 572 3038 quendam
598 3014 754 3040 congruum
782 3008 837 3032 sibi
866 3009 969 3037 locum,
997 3009 1070 3033 inter
1098 3008 1249 3032 Sarranum
1275 3010 1302 3032 et

1361 2164 1373 2177 ‘⁴
1385 2165 1549 2196 Brixanum,
1569 2164 1639 2189 hora
1659 2164 1739 2196 quasi
1755 2164 1848 2195 tertia,
1863 2164 1914 2188 XV
1929 2163 2057 2188 miliario
2072 2164 2106 2188 ab
2120 2164 2201 2189 urbe.
2212 2180 2234 2189 ..
2248 2182 2252 2188 .

1362 2206 1375 2220 “
1385 2206 1433 2231 Set
1452 2207 1501 2231 ubi
1518 2206 1635 2240 gravior
1654 2206 1811 2231 multitudo
1825 2206 1967 2239 principis
1981 2207 2155 2238 supervenit,
2167 2205 2252 2231 Lom-

1358 2249 1534 2274 “bardorum
1554 2248 1663 2273 milites
1681 2249 1772 2273 inviti
1792 2251 1871 2281 terga
1890 2248 2028 2273 dederunt
2047 2249 2075 2272 et
2099 2249 2136 2273 ad
2161 2255 2253 2273 carro-
2280 2255 2315 2281 30

1361 2292 1460 2316 “cium
1480 2291 1740 2316 Mediolanensium
1767 2291 1859 2316 facere
1883 2291 2051 2324 confugium
2076 2293 2253 2324 exoptantes,

1360 2334 1373 2347 a
1384 2341 1443 2358 non
1462 2335 1617 2366 potuerunt
1635 2340 1651 2357 a
1673 2334 1745 2358 facie
1764 2334 1957 2366 persequentis
1983 2333 2088 2358 ibidem
2101 2340 2253 2363 remanere,

1357 2376 1424 2400 ‘set
1443 2384 1506 2401 cum
1526 2376 1635 2408 reliqua
1655 2376 1827 2408 fugientium
1848 2375 2037 2400 multitudine
2057 2376 2134 2400 ultra
2157 2382 2253 2401 carro-

1360 2417 1372 2430 “
1385 2419 1459 2443 cium
1479 2426 1529 2451 per
1548 2419 1701 2443 dimidium
1720 2418 1833 2442 miliare
1853 2417 1944 2442 coacti
1970 2419 2036 2442 sunt
2060 2417 2251 2451 fugire....,.

1447 2459 1458 2474 ⁴
1479 2460 1506 2484 A
1528 2459 1676 2494 Legnano.
2279 2467 2312 2494 35

1447 2501 1458 2517 ⁵
1478 2503 1563 2534 Boso,
1581 2503 1664 2527 Liber
1684 2503 1796 2535 Pontis„
1822 2510 1849 2534 p.
1868 2510 1933 2535 433:
1960 2502 1971 2514 ‘¹
1985 2501 2160 2535 Urgentibus
2183 2509 2251 2536 ergo

1358 2544 1370 2557 ‘⁴
1382 2546 1451 2577 ipsis
1462 2545 1640 2576 Lombardis,
1650 2547 1712 2570 tota
1722 2545 1945 2569 Teutonicorum
1956 2544 2104 2577 expeditio
2113 2545 2145 2569 ln
2157 2545 2251 2578 fugam

1359 2586 1372 2599 ‘⁴
1384 2594 1528 2616 conversa,
1549 2595 1597 2621 per
1615 2589 1683 2612 octo
1702 2587 1828 2612 miliaria
1843 2588 1917 2619 sugit
1931 2588 1960 2611 in
1973 2588 2077 2611 timore
2090 2587 2204 2617 mortis;
2218 2587 2251 2612 de

1360 2629 1504 2661 “quorum
1525 2630 1712 2654 multitudine
1731 2630 1828 2662 paucis
1854 2629 2049 2660 evadentibus,
2072 2629 2125 2654 alli
2150 2629 2252 2662 gladio

1360 2671 1537 2703 “intersecti,
1557 2672 1609 2696 alii
1630 2672 1745 2697 fuerunt
1765 2672 1795 2696 in
1815 2672 1922 2696 Ticino
1941 2671 2088 2701 submersi,
2101 2673 2130 2696 et
2139 2671 2251 2697 residua
2277 2676 2313 2701 40

1361 2713 1371 2726 ‘⁴
1382 2715 1465 2738 turba
1475 2722 1524 2746 per
1534 2715 1662 2739 diversas
1669 2714 1802 2739 civitates
1811 2715 1841 2738 in
1853 2715 2049 2747 captivitatem
2059 2713 2116 2738 suit
2125 2713 2221 2739 divisa
2226 2731 2250 2746 ‚,.

1445 2754 1456 2771 ⁶
1466 2757 1554 2786 IDEM,
1564 2756 1620 2781 loc.
1635 2757 1682 2781 cit.
1693 2765 1699 2780 :
1712 2756 1726 2770 ⁴⁴
1735 2755 1835 2788 Spolia
1848 2763 1916 2780 vero
1930 2757 2064 2780 universa
2074 2757 2139 2788 post
2153 2757 2250 2788 optate

1357 2797 1369 2810 ‘⁴
1383 2799 1506 2823 victorie
1527 2798 1667 2823 famosum
1693 2798 1869 2831 triumphum
1894 2799 2002 2823 victrix
2026 2797 2250 2823 Lombardorum

1359 2841 1502 2866 “societas
1521 2841 1645 2865 libenter
1665 2841 1791 2873 collegit,
1814 2842 1841 2866 et
1868 2842 1898 2865 in
1924 2848 1991 2873 pace
2016 2840 2125 2873 singuli
2150 2840 2249 2865 habue-

1358 2882 1371 2896 “
1382 2885 1450 2907 runt
1481 2884 1556 2915 quod
1587 2884 1702 2908 fortuna
1731 2883 1884 2915 unicuique
1912 2883 2044 2908 donavit.
2080 2882 2111 2907 In
2138 2883 2247 2915 quibus,
2276 2887 2309 2914 45

1359 2924 1476 2957 “preter
1494 2932 1637 2950 armorum
1657 2927 1685 2950 et
1704 2933 1840 2957 equorum
1860 2925 2073 2950 multitudinem
2092 2924 2247 2957 copiosam,

1357 2966 1611 2991 “inextimabilem
1631 2967 1735 2992 divitie
1754 2969 1781 2991 et
1801 2974 1909 3000 queque
1928 2968 2037 3000 optima
2059 2968 2132 2991 terre
2157 2967 2249 2998 preter

1357 3008 1370 3022 “
1382 3016 1458 3041 spem
1480 3009 1593 3034 suerunt
1613 3009 1731 3034 inventa
1743 3028 1766 3040 ‚,.

2388 736 2398 804 dm·

2391 1389 2398 1444 nm...-
2395 1376 2398 1381 .
2388 889 2398 1370 QQQ.Q
2392 815 2398 875 μ-

2394 2074 2395 2079 Α
2395 2059 2398 2063 .
2391 2009 2398 2048 ..m
2391 1953 2398 1999 ..m-
