2398 3470
1943 253 1990 291 95
2022 264 2099 288 Mun„
2114 268 2149 284 cc.
2164 263 2227 288 995⁶

138 267 221 305 [ΛΑ
241 268 276 298 c.
295 269 453 303 aso-41⁷]
902 258 1218 297 CHRONICON

207 330 1993 344 ....................................................................................................................................................................................................................

141 392 361 427 “defendere
385 393 511 426 fouens
524 391 546 431 ¹,
569 392 735 436 pubblice
757 397 870 425 autem
895 396 930 424 et
953 390 1046 429 belli,
1072 396 1107 423 et
1121 390 1221 433 pacis
1244 389 1347 431 copia
1370 393 1507 432 negata,
1531 389 1577 422 ad
1600 388 1780 421 terendam
1806 385 1993 430 rempubli-

142 448 157 466 ⁸
170 457 246 481 cam
267 446 472 479 reseruauit.
520 444 619 484 Quos
642 457 719 479 cum
743 445 861 478 delere
886 450 1015 488 posset,
1038 444 1137 483 fouit,
1161 452 1246 486 sepe
1268 452 1328 475 eos
1351 443 1447 481 uicit,
1471 452 1555 484 sepe
1581 442 1765 481 conclusit,
1788 450 1995 483 semperque

141 499 309 533 “dimisit
357 498 515 543 Cumque
539 499 583 532 ab
607 498 762 532 Honorio
786 499 889 531 sedes
901 497 924 535 ²,
948 508 1018 541 quo
1050 507 1129 530 cum
1153 507 1215 530 suo
1247 495 1404 529 exercitu
1429 495 1620 528 consistere
1652 500 1780 537 posset,
1804 498 1994 536 expeteret,

125 553 343 586 ·⁸H0norius
365 552 559 586 deliberato
584 553 731 585 consilio
753 551 785 584 ei
809 550 949 584 Gal'lias
973 550 1162 588 concessit;
1187 550 1247 593 qui
1271 560 1349 582 cum
1374 549 1420 582 ad
1443 548 1575 581 Gallias
1596 559 1757 591 pergens,
1780 547 1826 581 ob
1848 557 1997 589 recupe-

92 606 111 640 5
140 607 335 640 “rationem
356 606 588 650 jumentorum
612 606 706 649 apud
729 603 962 638 Pollentiam³
985 604 1182 642 resedisset,
1208 603 1334 636 Stilico
1357 601 1499 635 comes⁴
1521 602 1558 634 in
1582 602 1775 644 perniciem
1801 599 1995 643 reipublice

141 660 302 693 “Gothos
324 665 574 703 pertemptans,
598 660 680 693 dum
703 669 764 691 eos
794 657 929 690 insidiis
951 657 1099 701 aggredi
1123 662 1280 699 cuperet,
1303 655 1388 689 belli
1421 655 1599 689 Summam
1624 655 1720 688 Sauli
1752 664 1889 698 pagano
1914 652 1995 686 duci

140 714 350 754 “commisit,
373 713 432 757 qui
455 714 531 756 ipso
554 713 789 745 sacratissimo
814 711 872 744 die
896 711 1042 750 Pasche‚
1067 711 1193 744 Gothis
1216 710 1265 743 nil
1289 710 1357 743 tale
1374 709 1628 752 suspicantibus
1641 708 1664 747 ⁵,
1688 719 1794 751 super
1809 718 1870 741 eos
1885 707 1995 744 irruit,

139 766 398 810 “magnamque
421 777 540 800 eorum
563 772 697 808 partem
721 765 918 808 prostrauit.
966 764 1073 798 Gothi
1087 763 1248 797 uidentes
1269 763 1498 806 irruptionem
1516 773 1537 794 a
1559 762 1728 795 Romanis
1743 762 1830 803 fieri,
1845 761 1995 804 primum

137 820 368 862 ‘perturbati,
393 830 434 852 ac
458 825 603 862 propter
625 819 762 852 Pasche
783 818 989 861 religionem
1015 818 1181 851 cedentes
1193 815 1217 857 ⁶,
1242 817 1381 850 demum
1404 827 1500 849 arma
1532 815 1738 858 corripiunt,
1762 825 1858 847 more
1891 813 1996 846 solito

139 873 154 890 ‘⁴
167 879 399 913 coarctantur,
422 873 659 915 uictoremque
682 872 809 904 uirtute
832 871 958 914 potiori
974 876 1196 913 prosternunt
1218 870 1424 904 exercitum.
1470 869 1565 901 Hinc
1588 869 1623 900 in
1640 868 1770 901 rabiem
1795 867 1921 900 furoris
1938 876 1997 898 ac-

137 925 273 964 ‘censi,
304 927 454 959 Romam
478 925 694 958 contendunt
724 930 857 967 petere,
882 930 1019 963 cuncta,
1050 935 1115 967 per
1137 934 1205 967 que
1235 924 1359 962 ierant,
1390 922 1475 967 igni,
1507 923 1671 966 ferroque
1702 927 1897 959 uastantes3
1928 930 1996 953 nec

138 979 154 997 “
165 989 274 1019 mora,
297 980 478 1012 uenientes
492 978 626 1011 Urbem
651 979 805 1021 capiunt,
823 979 993 1017 deuastat,
1009 978 1191 1011 incedunt.
1237 978 1328 1010 Data
1343 982 1459 1009 tamen
1474 976 1573 1019 prius
1587 981 1758 1019 precepto
1777 975 1820 1008 ab
1839 974 1998 1012 Alarico,

137 1033 204 1065 “ut
225 1032 253 1065 si
278 1033 354 1076 quis
377 1033 412 1065 in
436 1032 515 1066 loca
537 1038 670 1070 sancta,
686 1032 927 1075 precipueque
951 1037 1149 1065 sanctorum
1164 1031 1402 1074 apostolorum
1425 1030 1535 1070 Petri,
1552 1036 1587 1062 et
1609 1029 1709 1062 Pauli
1733 1029 1897 1062 basilicas
1913 1038 1998 1061 con-

138 1086 155 1104 “
166 1086 325 1131 fugisset,
340 1087 404 1119 hos
419 1087 455 1119 in
477 1086 599 1129 primis
614 1086 807 1124 inuiolatos,
830 1095 1040 1128 securosque
1056 1096 1132 1118 esse
1155 1085 1320 1123 sinerent,
1337 1084 1465 1117 deinde
1489 1084 1525 1115 in
1541 1089 1708 1127 quantum
1731 1088 1872 1126 possent
1888 1080 1997 1124 prede

138 1139 337 1172 “inhiantes
352 1151 373 1172 a
388 1140 556 1183 sanguine
572 1145 817 1182 temperarent.
864 1139 977 1182 Capta
999 1139 1118 1182 itaque
1134 1139 1249 1172 Roma
1271 1144 1324 1170 est
1338 1147 1430 1170 anno
1453 1137 1661 1171 MCLXIIII
1679 1136 1888 1170 conditionis
1904 1146 1965 1168 sue
1974 1133 1997 1166 ⁷.

139 1192 312 1226 “Accidit
334 1203 484 1236 quoque,
507 1193 604 1236 quod
627 1193 737 1236 magis
759 1192 820 1225 illa
843 1191 950 1225 Urbis
971 1192 1120 1235 irruptio
1143 1191 1385 1236 indignatione
1400 1190 1469 1223 Dei
1493 1196 1588 1233 apta,
1611 1201 1714 1233 quam
1729 1190 1839 1223 hostis
1862 1188 1999 1222 fortitu-

137 1245 248 1279 “dine
271 1246 487 1289 probaretur,
510 1252 548 1278 ut
570 1246 692 1278 beatus
716 1246 938 1278 Innocentius
961 1245 1122 1278 Romane
1138 1244 1288 1278 ecclesie
1311 1244 1508 1287 episcopus,
1524 1244 1665 1277 occulta
1687 1243 1910 1286 prouidentia
1933 1241 1998 1274 Dei

139 1299 260 1342 “apud
282 1301 489 1333 Rauennam
513 1305 597 1332 tunc
619 1298 771 1342 positus:
794 1299 994 1342 peccatoris
1017 1298 1138 1342 populi
1154 1297 1329 1331 excidium
1352 1308 1423 1330 non
1439 1297 1590 1336 uideret,
1614 1297 1674 1330 ubi
1690 1298 1772 1331 dum
1789 1301 1996 1335 moraretur,

137 1353 153 1370 ⁸
167 1352 343 1386 dedicauit
365 1353 543 1386 basilicam
566 1353 712 1386 Protasii
736 1359 772 1386 et
803 1353 961 1386 Geruasii
986 1358 1177 1396 martyrum
1209 1362 1253 1385 ex
1277 1351 1464 1385 deuotione
1497 1351 1678 1384 cuiusdam
1702 1351 1844 1384 illustris
1867 1350 1997 1383 femine

139 1405 310 1439 ‘'Vestine
323 1405 346 1438 ⁸.
391 1406 513 1439 Tertia
529 1407 586 1440 die
610 1406 756 1439 Barbari
775 1417 877 1450 quam
900 1405 1046 1449 ingressi
1062 1405 1194 1439 Urbem
1219 1405 1368 1443 fuerant,
1384 1410 1507 1447 sponte
1531 1405 1727 1444 discedunt,
1744 1405 1840 1438 facto
1858 1403 1999 1448 quidem

138 1459 418 1503 “aliquantarum
443 1460 559 1493 edium
576 1460 755 1500 incendio,
779 1460 842 1492 sed
864 1471 908 1492 ne
924 1465 1056 1492 tantum
1081 1459 1234 1501 quidem,
1258 1463 1426 1501 quantum
1441 1458 1674 1491 DCCCXVII
1698 1457 1907 1491 conditionis
1922 1457 1998 1501 ejus

138 1513 257 1546 “anno
280 1512 388 1546 Cesar
411 1513 581 1547 effecerat
593 1512 616 1545 ⁹.
662 1513 802 1546 Deinde
829 1523 892 1555 per
917 1511 1157 1555 Campaniam,
1181 1511 1336 1551 Britiam,
1359 1511 1621 1554 Lucaniamque
1646 1511 1748 1543 simili
1776 1517 1891 1555 strage
1915 1510 1999 1543 bac-

137 1566 154 1584 ⁸
166 1565 321 1605 chantes‚
344 1566 496 1610 Regium
511 1575 705 1608 peruenere
720 1565 755 1599 ¹⁰.
802 1565 883 1598 Post
905 1576 1037 1608 paucos
1052 1565 1168 1609 itaque
1186 1565 1262 1597 dies
1278 1563 1441 1597 Alaricus
1464 1565 1559 1607 apud
1575 1564 1785 1604 Cosentiam,
1802 1575 1906 1608 quam
1922 1564 1996 1606 ipse

138 1620 154 1636 ‘⁴
168 1619 394 1659 destruxerat,
409 1620 522 1652 subita
537 1625 649 1652 morte
674 1620 862 1652 defunctus
879 1625 932 1651 est
946 1618 980 1650 ¹¹.
1017 1618 1123 1652 Gothi
1147 1619 1333 1651 Basentum
1351 1628 1487 1650 amnem
1512 1617 1556 1650 de
1572 1617 1675 1650 alueo
1698 1628 1761 1650 suo
1778 1618 1999 1660 captiuorum

139 1673 154 1690 ¹⁶
168 1671 287 1705 labore
311 1673 522 1711 deriuantes,
546 1683 673 1715 corpus
697 1671 830 1704 Alarici
851 1672 888 1704 in
912 1672 1028 1705 medio
1053 1673 1128 1716 ejus
1151 1671 1252 1704 alueo
1276 1670 1461 1713 sepeliunt,
1478 1681 1685 1714 amnemque
1709 1670 1856 1713 proprio
1872 1670 2000 1703 meatui

138 1725 365 1765 “reddentes,
389 1737 433 1758 ne
458 1726 533 1769 quis
557 1726 673 1758 locum
697 1726 787 1758 scire
812 1725 929 1768 possit,
955 1725 1124 1767 captiuos,
1148 1724 1207 1767 qui
1223 1724 1466 1763 interfuerant,
1482 1724 1699 1768 extinguunt.
1746 1724 1882 1767 Regem
1901 1723 1999 1756 dein-

138 1779 250 1821 “ceps
271 1779 478 1812 Athaulfum
502 1779 635 1811 Alarici
665 1779 798 1811 affinem
825 1778 932 1812 Gothi
957 1778 1210 1811 constituentes
1233 1777 1384 1810 Romam
1407 1777 1571 1814 redeunt3
1597 1777 1623 1809 si
1648 1777 1735 1820 quid
1765 1777 1898 1810 residui
1921 1777 1998 1816 fuit,

137 1831 373 1865 ‘locustarum
389 1843 485 1878 more
510 1833 704 1871 eraderent,
722 1832 920 1864 auferentes
944 1832 1072 1864 exinde
1090 1831 1240 1864 Galliam
1264 1830 1459 1863 Placidiam
1476 1830 1672 1863 Theodosii
1697 1830 1866 1873 principis
1882 1830 1998 1870 filiam,

138 1886 320 1918 “sororem
343 1885 502 1923 Honorii,
527 1896 630 1928 quam
654 1885 720 1917 sibi
743 1884 932 1917 Athaulfus
948 1884 1043 1927 apud
1067 1883 1370 1917 Forum-Cornelii
1386 1883 1551 1927 conjugio
1576 1883 1732 1923 sociauit,
1749 1893 1818 1926 que
1835 1889 1914 1926 post
1929 1883 2000 1916 rei-

137 1939 153 1957 ⁸
165 1938 306 1981 publice
322 1939 429 1972 multo
447 1939 631 1971 commodo
647 1939 723 1972 fuit.
763 1938 854 1971 Nam
877 1938 989 1971 mariti
1005 1937 1157 1970 animum
1180 1937 1343 1970 acerrimi
1359 1936 1491 1981 ingenii
1505 1936 1540 1975 ¹²,
1557 1936 1739 1970 subtilibus
1755 1936 1998 1970 blandimentis

137 1993 152 2009 “
165 1992 211 2024 ad
233 1993 302 2025 hoc
326 1992 467 2032 inflexit,
492 1998 528 2024 ut
551 1992 643 2025 ultro
660 1992 705 2035 [a]
729 1992 900 2026 Romanis
915 2002 1039 2035 pacem
1056 1996 1252 2034 expeteret:
1277 1990 1336 2034 qui
1354 2000 1431 2022 cum
1449 1990 1496 2023 ad
1512 1990 1643 2023 Gallias
1665 1989 1998 2033 profi'cisceretur¹³,

2073 561 2094 576 c.
2109 557 2147 576 11⁶
2155 555 2168 575 b

2074 1310 2094 1324 c.
2109 1307 2172 1328 117a

2075 2007 2095 2023 c.
2111 2001 2171 2026 117b

222 2103 247 2129 6.
267 2106 431 2138 pertentans
449 2105 474 2129 A
486 2105 527 2134 B,-
547 2105 668 2129 Historia
685 2104 823 2130 Miscella=
845 2106 1038 2138 pertemptans
1051 2118 1084 2122 —
1099 2109 1122 2136 7.
1142 2103 1228 2128 Pasce
1245 2103 1270 2127 A
1284 2116 1318 2121 —
1335 2110 1374 2135 13.
1387 2103 1575 2137 precipueque
1593 2102 1672 2128 Petri
1690 2104 1719 2128 et
1732 2103 1817 2128 Pauli
1835 2105 1999 2129 sanctorum

132 2147 344 2181 Apostolorum
361 2147 438 2176 AB,-
460 2147 483 2172 C
498 2148 512 2171 ἑ
529 2146 662 2179 conforme
679 2147 854 2172 atl'Hlstoria
872 2147 994 2171 Mscella
1007 2161 1040 2165 —
1061 2145 1101 2171 16.
1115 2146 1236 2171 Accedit
1253 2146 1276 2170 C
1292 2159 1303 2164 -
1323 2147 1386 2170 acta
1398 2146 1424 2170 B
1437 2159 1470 2163 —-
1488 2153 1526 2178 19.
1541 2145 1675 2170 Prothasi
1689 2146 1713 2170 A
1728 2145 1751 2170 C
1767 2159 1800 2164 —
1815 2152 1857 2171 22.
1870 2147 1999 2171 Brutiam

133 2189 210 2218 AB,-
227 2189 358 2215 Pmmsz
376 2190 554 2222 Britiamque
574 2204 606 2208 —
627 2195 715 2221 22-23.
729 2189 882 2214 bachantes
900 2189 966 2214 6-
987 2196 1028 2221 23.
1047 2188 1190 2221 Rhegium
1208 2188 1235 2212 B
1249 2201 1280 2206 -
1301 2195 1343 2221 24.
1363 2188 1543 2213 Bassentium
1562 2188 1623 2212 AB
1637 2188 1676 2217 C,-
1695 2188 1826 2214 Faunis:
1846 2189 2000 2214 Basentum

134 2244 168 2250 —-
182 2231 223 2256 26.
243 2233 339 2265 posset
351 2232 378 2256 B
390 2245 423 2250 -
438 2238 480 2265 27.
494 2231 692 2265 Athaulphum
710 2231 788 2260 AB‚·
806 2231 939 2257 Parmos:
958 2231 1130 2256 Athaulfum
1149 2244 1159 2249 -
1179 2230 1281 2255 afmem
1303 2230 1327 2254 C
1344 2244 1353 2248 -
1372 2230 1518 2255 residuum
1538 2230 1595 2255 fuit
1613 2230 1637 2254 A
1648 2230 1675 2254 B
1694 2244 1725 2248 -
1747 2230 1790 2256 28.
1809 2238 1888 2256 more
1906 2238 2000 2256 manca

134 2274 165 2298 in
188 2273 212 2298 C
228 2287 238 2292 -
260 2274 475 2307 auferentesque
498 2274 521 2298 C
538 2287 570 2292 ——
592 2280 633 2307 ²9-
653 2274 837 2307 Athaulphus
856 2274 916 2298 AB

221 2350 229 2368 ¹
248 2352 273 2377 Il
293 2352 371 2377 Sassi
389 2353 427 2377 ha
445 2353 638 2386 giustarnente
656 2354 815 2377 annotato:
835 2351 973 2382 Otiosum,
995 2360 1035 2377 oc-

130 2392 201 2418 culto
219 2393 324 2421 foedere
334 2393 439 2425 fovens.

151 2452 165 2467 .
221 2433 232 2451 ⁸
251 2436 313 2461 Post
330 2436 392 2460 haec
404 2439 494 2460 autem
506 2436 616 2462 Itallam
628 2438 765 2469 ingressus
776 2444 841 2462 cum
854 2437 888 2461 ab
902 2437 1035 2461 Honorio

132 2478 219 2508 sedes,
239 2478 302 2503 dice
314 2479 342 2504 la
356 2479 479 2503 ffi'ston‘a
491 2478 625 2507 Aetna-cella,
638 2479 689 2504 lib.
707 2479 782 2509 XIII,
794 2480 809 2513 ᾖ
822 2485 896 2504 xxV1
909 2478 948 2513 (p.
963 2479 1035 2511 312),

132 2520 183 2546 che
200 2527 220 2546 a
239 2521 289 2553 qul
309 2528 402 2555 segue.

220 2561 232 2579 ³
251 2563 372 2588 fflstom'a
390 2563 524 2592 Mna-cella,
545 2564 599 2588 loc.
618 2564 683 2589 cita
708 2565 782 2596 apud
798 2564 958 2589 Pollentiam
981 2564 1035 2590 ali-

131 2606 302 2639 quantulum
321 2607 466 2631 resedisset.

220 2649 233 2667 ⁴
250 2647 345 2673 IDEM:
363 2647 477 2672 Stilicho
491 2649 633 2679 patricius.

219 2689 231 2707 ⁵
249 2691 343 2716 Inmz
361 2691 575 2723 supplicantibus
592 2691 714 2723 nihilque
731 2692 785 2716 tale
802 2693 969 2724 sperantibus
991 2701 1034 2718 su-

132 2741 182 2768 per
202 2740 251 2759 eos
270 2736 324 2759 etc.

220 2773 232 2791 ⁶
250 2775 344 2800 Innim
367 2776 441 2799 Nam
455 2776 578 2807 primum
592 2776 748 2807 perturbati
774 2776 856 2802 00:112·
874 2784 904 2801 ac
925 2780 1036 2810 propter

131 2817 287 2850 rsls'glmum
305 2818 437 2843 cedentes.
447 2834 468 2843 ..
477 2836 484 2843 .

220 2858 232 2875 ⁷
251 2859 338 2890 IDEM,
357 2860 407 2885 lib.
426 2859 488 2889 ΧΠ,
514 2867 575 2894 cap.
594 2866 690 2890 xxvxi,
716 2861 882 2886 omettendo
908 2863 983 2887 tutte
1009 2863 1035 2887 le

131 2903 269 2935 agglunte
288 2902 339 2927 che
358 2902 551 2935 Eyssenhardt
573 2902 609 2926 ha
629 2903 759 2927 rIcavato
778 2903 826 2928 dal
846 2903 911 2928 solo
937 2904 1036 2929 codice

18 2955 23 2959 ·
44 2943 51 2959 Γ
72 2944 107 2963 ²0
130 2943 160 2968 D
177 2950 193 2968 e
210 2944 352 2969 variando
379 2944 498 2976 qualche
518 2944 628 2978 pat-ola.
665 2943 711 2969 Cf.
734 2952 803 2978 pure
822 2945 947 2975 Faunus,
974 2946 1034 2975 XII,

133 2991 193 3011 ¹1¹¹
212 2985 284 3053 (19ιί
287 2985 343 3058 32⁴2),
348 3028 370 3060 1,
383 3034 450 3053 220:
470 3027 663 3062 [Innocentius]
675 3029 763 3054 eodem
780 3031 894 3062 tempore
905 3030 1037 3055 demovit

1089 2351 1226 2376 basilicam
1237 2354 1388 2376 sanctorum
1404 2351 1518 2375 Gerous!
1523 2353 1549 2375 et
1558 2351 1665 2376 natast·
1673 2359 1706 2377 ex
1715 2352 1847 2376 devotione
1859 2352 1998 2376 cuiusdam

1087 2393 1213 2418 inlustris
1223 2393 1347 2425 feminae
1372 2393 1499 2418 Vestinae.
1536 2393 1561 2418 11
1580 2393 1731 2418 Duchesne
1750 2393 1790 2427 (p.
1810 2400 1870 2423 222,
1886 2396 1955 2418 nota
1969 2392 1997 2426 4)

1088 2436 1151 2461 dice
1175 2437 1226 2461 che
1246 2437 1345 2468 questa
1370 2436 1473 2466 chiesa,
1493 2436 1649 2460 rinnovata
1675 2434 1726 2469 piu
1752 2436 1840 2465 volte,
1860 2438 1946 2469 porta
1971 2437 1993 2461 il

1089 2485 1172 2503 nome
1191 2478 1220 2503 di
1241 2477 1298 2502 San
1318 2477 1424 2509 Vitale,
1443 2478 1488 2502 fra
1507 2478 1530 2502 il
1549 2477 1703 2507 Quirlnale
1721 2486 1736 2503 e
1755 2479 1777 2502 il
1798 2479 1945 2504 Viminale
1964 2479 1995 2503 in

1088 2521 1190 2545 Roma.
1228 2519 1366 2549 ORosms,
1387 2519 1448 2551 vn,
1468 2527 1511 2553 39,
1532 2526 1555 2549 2,
1575 2521 1656 2552 parla
1676 2520 1706 2545 di
1725 2520 1891 2545 Innocenzo
1905 2528 1922 2545 a
1941 2520 1996 2546 Ra-

1088 2570 1197 2594 venna3
1217 2570 1262 2587 ma
1282 2570 1341 2587 non
1355 2562 1417 2587 dice
1436 2563 1487 2587 che
1506 2563 1590 2587 abbia
1604 2565 1773 2588 consacrata
1793 2563 1820 2587 la
1840 2563 1935 2588 chiesa
1949 2563 1996 2588 dei

1090 2606 1211 2630 martiri.
1247 2612 1266 2629 R
1285 2604 1514 2629 evidentemente
1533 2604 1661 2630 confuse.

1177 2645 1189 2662 ⁹
1209 2646 1347 2676 OR081US‚
1373 2645 1433 2677 VH,
1463 2654 1506 2679 39,
1535 2653 1582 2678 15:
1611 2649 1742 2678 quantum
1768 2646 1997 2678 septingentesimo
2025 2656 2060 2681 30

1086 2690 1247 2714 conditionis
1263 2691 1321 2714 eius
1339 2696 1408 2713 anno
1426 2696 1502 2713 casus
1519 2689 1647 2722 effecerat.

1167 2729 1189 2747 ¹⁰
1209 2739 1227 2756 R
1248 2731 1354 2756 omette
1373 2738 1412 2754 un
1432 2730 1555 2764 periodo
1575 2730 1606 2755 di
1626 2729 1751 2762 Faunus,
1770 2729 1831 2760 XII,
1851 2737 1913 2755 xiv.

1168 2772 1188 2789 ¹¹
1210 2773 1336 2804 PAULUS,
1355 2773 1409 2798 loc.
1429 2773 1478 2798 cit.
1499 2780 1558 2798 non
1573 2773 1654 2806 parla
1674 2773 1750 2797 della
1770 2772 1951 2798 distruzione
1965 2773 1996 2797 di

1090 2814 1230 2839 Cosenza.

1166 2855 1189 2872 ¹²
1207 2857 1326 2882 Ianum.
1346 2856 1406 2886 ΧΗ,
1431 2863 1481 2888 xv,
1501 2856 1551 2881 che
1569 2863 1588 2880 R
1614 2858 1662 2888 qui
1683 2857 1784 2889 copia:
1810 2864 1872 2881 nam
1891 2857 1927 2880 ad
1949 2857 1997 2881 hoc
2023 2870 2056 2896 35

1088 2899 1184 2923 marin·
1199 2900 1321 2923 animum
1339 2899 1468 2931 aqm‘mo
1486 2899 1594 2930 ingenio
1611 2898 1800 2924 subtilibus...
1810 2915 1817 2923 .

1166 2939 1189 2957 ¹³
1209 2941 1335 2972 Pauus,
1349 2941 1403 2965 loc.
1418 2942 1482 2965 cit.:
1496 2941 1546 2971 qm'
1556 2941 1593 2964 ad
1606 2940 1711 2964 Gallias
1719 2940 1889 2973 proficiscens
1902 2941 1997 2965 deinde

1089 2983 1169 3015 apua.
