2398 3470
10 1917 20 1946 ἶ,
60 1915 105 1950 ἰο

40 2165 45 2177 μ,
72 2142 103 2171 ις

7 2192 13 2203 Ι
39 2190 42 2201 J

27 2339 107 2379 'fao

58 2568 105 2596 ,τε

22 2973 55 3021 ³·ss
74 2990 106 3019 3⁵

75 236 77 238 ’
124 242 210 280 [ΑΛ.
227 242 261 271 c.
283 242 481 277 uss-uso]

43 349 46 352 ’
96 396 100 401 ,
124 366 322 395 coronatus.

711 233 1000 272 ROMUALDI
1029 229 1394 270 SALERNITANI

368 360 441 400 Qui
463 370 543 393 cum
565 364 647 392 ante
664 364 841 402 receptam
857 366 1024 391 coronam
1040 365 1132 399 pape
1148 354 1372 398 promisisset,
1391 354 1485 397 quod
1500 358 1677 386 senatores
1692 351 1828 385 nouiter
1843 357 1981 385 creatos

126 414 329 457 deponeret,
354 412 487 446 Urbem
510 418 546 446 et
567 412 701 456 regalia
723 411 816 444 beati
840 410 936 444 Petri
959 410 993 442 in
1017 408 1111 442 illius
1134 413 1305 452 potestate
1327 408 1516 451 redigeret,
1538 412 1618 449 post
1644 405 1905 449 perceptionem
1922 415 1981 438 co-

127 477 212 500 rone
236 466 331 500 circa
354 466 488 502 Urbem
512 465 765 509 aliquantulum
797 465 1006 503 demoratus,
1036 463 1073 495 in
1103 461 1346 494 Alamanniam
1372 460 1480 494 rediit
1496 459 1516 493 ⁴.

1562 460 1661 502 Papa
1690 469 1776 492 uero
1806 469 1869 492 sua
1898 469 1980 502 pro-

125 519 292 553 missione
323 521 519 558 trustratus,
551 524 767 563 congregato
798 517 956 550 exercitu
987 527 1066 550 cum
1097 514 1282 548 Robberto
1312 514 1483 557 Capuano
1518 513 1679 557 principe
1696 520 1732 546 et
1762 512 1908 546 Andrea
1937 512 1982 545 de

125 627 260 660 honore
284 631 447 666 receptus
459 626 484 659 ².

49 588 54 595 ¹
84 573 104 606 5
125 573 376 617 Rupe-canina
398 573 547 605 Terram
570 572 719 605 Laboris
741 571 929 615 ingressus,
953 580 1030 603 eam
1053 568 1225 601 uiolenter
1248 568 1407 610 optinuit,
1431 573 1468 600 et
1491 578 1511 600 a
1534 567 1790 600 Beneuentanis
1821 572 1874 599 est
1904 576 1981 599 cum

529 625 668 658 Interea
691 623 896 657 Emmanuel
919 620 1325 664 Constantinopolitanus
1346 621 1546 663 imperator,
1569 619 1714 653 inuenta
1736 620 1983 662 oportunitate,

126 680 223 724 quod
246 680 292 714 de
314 679 449 713 iniuriis
471 679 538 713 sibi
562 689 583 710 a
605 688 690 722 rege
713 677 870 722 Rogerio
892 676 996 710 illatis
1018 675 1216 708 uindicaret
1238 674 1275 706 in
1298 673 1418 713 filium,
1449 673 1632 716 Paliologo
1663 674 1776 706 uirum
1807 674 1981 716 quendam

127 732 280 767 nobilem
304 743 384 766 cum
407 733 515 766 multa
537 732 688 775 pecunia
711 732 757 765 ad
780 730 942 764 comitem
965 729 1183 763 Robbertum
1208 734 1244 760 et
1266 727 1416 760 barones
1439 726 1569 770 Apulie
1593 727 1794 766 transmisit,
1817 732 1856 760 ut
1879 727 1923 760 de
1941 737 1984 760 ea

126 787 253 820 milites
277 787 478 825 retinerent,
501 792 536 819 et
558 785 762 827 W[illelmo]
785 785 861 828 regi
883 793 1044 828 guerram
1066 779 1274 814 inferrent⁸.

41 841 105 875 filo
126 845 216 874 stum
239 845 275 873 et
298 839 386 873 alios
408 845 569 882 potentes
591 838 686 872 uiros
708 837 799 871 cum'
822 848 884 871 suo
907 837 1032 870 stolio⁴
1038 861 1047 876 ‚
1071 836 1131 879 qui
1152 835 1336 868 uenientes
1351 833 1584 867 Brundusium
1601 840 1771 876 ceperunt
1786 839 1904 877 preter
1921 845 1979 867 ca-

925 890 1052 923 Barum
1074 894 1192 921 autem
1215 894 1250 920 et
1272 887 1405 930 relique
1430 886 1588 920 ciuitates
1610 886 1783 920 maritime
1808 887 1932 921 Grecis
1949 893 1983 920 et

125 899 236 926 strum
258 893 297 925 in
319 903 389 936 quo
413 893 506 937 regis
529 892 652 925 militia
673 902 711 924 se
734 891 880 934 recepit.

1320 781 1417 813 Misit
1440 781 1545 813 etiam
1568 780 1844 814 Comminianum
1875 780 1983 814 seba-

127 946 249 979 comiti
273 945 456 979 Robberto
480 946 703 978 adheserunt.
749 944 879 988 Sicque
902 944 1034 976 factum
1058 948 1122 982 est,
1138 941 1232 985 quod
1247 941 1372 984 partim
1389 952 1410 973 a
1425 940 1611 974 Robberto
1628 940 1796 983 capuano
1813 941 1983 984 principe,

127 998 257 1043 partim
287 1010 308 1031 a
339 999 469 1032 comite
499 998 684 1032 Robberto
715 1003 787 1031 tota
815 1003 909 1030 terra
939 1001 1111 1038 occupata
1140 1000 1192 1028 est
1222 1000 1339 1038 preter
1369 993 1556 1036 Neapolim
1585 992 1769 1026 Amalfiam
1802 993 1984 1027 Salernum

44 1095 45 1099 Ἰ
128 1052 273 1087 Troiam
296 1058 331 1085 et
351 1052 508 1085 Melfiam
531 1058 566 1085 et
589 1052 755 1095 quasdam
779 1051 865 1084 alias
889 1049 1051 1083 ciuitates
1074 1055 1109 1082 et
1132 1054 1246 1081 castra
1269 1048 1412 1083 munita,

41 1106 47 1118 ⁴
59 1106 107 1143 15
129 1105 228 1148 musJ,
251 1112 355 1149 prout
377 1105 501 1138 melius
522 1106 636 1147 potuit
658 1115 723 1147 per
744 1115 840 1137 mare
864 1110 900 1137 et
923 1110 1050 1137 terram
1073 1101 1303 1146 congregauit
1323 1101 1529 1140 exercitum,
1553 1106 1589 1134 et
1611 1107 1710 1134 recto
1732 1100 1856 1134 itinere
1871 1101 1984 1134 Brun-

441 1160 482 1191 In
505 1170 574 1202 quo
598 1158 783 1192 Sebastum
807 1163 843 1191 et
864 1157 1110 1191 Cominianum
1133 1162 1168 1189 et
1189 1155 1344 1198 reliquos
1366 1160 1526 1198 potentes
1551 1155 1746 1188 Grecorum
1771 1166 1850 1187 cum
1874 1155 1984 1188 multo

129 1159 264 1194 dusium
286 1159 394 1192 uenit.

1461 1047 1543 1087 Quo
1568 1047 1712 1091 cognito
1735 1058 1798 1080 rex
1820 1047 1983 1089 W[ilhel-

128 1213 286 1247 exercitu
309 1218 345 1245 et
366 1212 470 1246 stolio
494 1217 726 1256 congregatos
747 1211 894 1249 inuenit,
918 1209 978 1254 qui
1000 1215 1151 1242 castrum
1183 1207 1369 1242 Brundusii
1400 1214 1437 1242 et
1466 1214 1608 1252 gentem
1638 1209 1731 1252 regis
1761 1209 1985 1241 uehementer

127 1265 382 1310 impugnabant
395 1269 417 1299 ⁵.

127 1319 367 1353 Beneuentum
383 1329 419 1351 se
436 1319 581 1351 contulit
593 1321 615 1351 ⁶.

465 1263 593 1299 Comes
624 1270 741 1298 autem
771 1264 987 1302 Robbertus,
1017 1264 1172 1303 aduentu
1202 1262 1294 1306 regis
1325 1262 1479 1306 cognito,
1510 1260 1743 1295 Brundusium
1774 1262 1918 1306 reliquit
1950 1268 1985 1294 et

663 1318 744 1351 Rex
759 1327 842 1351 vero
858 1316 1093 1359 W[ilhelmus]
1108 1327 1172 1359 per
1187 1326 1282 1348 mare
1298 1322 1333 1349 et
1348 1325 1413 1358 per
1428 1321 1557 1348 terram
1573 1315 1806 1348 Brundusium
1822 1320 1985 1358 potenter

33 1374 106 1426 {22⁰
128 1372 276 1412 obsedit,
301 1378 338 1406 et
360 1382 424 1416 per
446 1382 542 1405 mare
566 1378 601 1405 et
623 1378 748 1405 terram
770 1371 917 1404 uiriliter
933 1370 1184 1414 impugnando,
1200 1370 1237 1402 in
1254 1379 1315 1402 ore
1330 1368 1438 1413 gladii
1455 1368 1659 1408 debellauit,
1677 1369 1772 1412 cepit
1789 1369 1983 1402 Grecorum

221 1492 246 1511 2.
266 1486 482 1519 percepcionem
504 1485 527 1510 C
543 1492 556 1509 e
574 1484 666 1509 Arndt
685 1497 717 1502 —
736 1491 762 1516 3.
782 1484 869 1508 rediit
887 1484 918 1508 di
935 1490 1012 1508 mano
1030 1485 1131 1507 recente
1143 1483 1272 1514 aggiunto
1288 1482 1312 1506 C
1329 1496 1359 1501 -
1381 1481 1405 1507 6.
1425 1483 1572 1515 susceptus
1593 1482 1616 1507 C·
1632 1489 1646 1505 e
1663 1482 1755 1506 Arndt
1774 1495 1786 1501 -
1803 1482 1941 1507 Emanuel
1961 1483 1987 1506 B

132 1537 146 1553 e
165 1529 196 1558 C,
218 1528 294 1554 Sam
311 1535 325 1552 e
342 1527 432 1553 Arndt
449 1541 483 1546 —
501 1535 527 1560 9.
547 1525 706 1551 Guillelmo
726 1528 785 1558 regi
805 1526 831 1550 B
848 1533 861 1549 e
879 1525 971 1554 Sar-rm
991 1524 1151 1550 Guillelmo
1165 1525 1239 1557 regis
1251 1526 1362 1549 consuo
1380 1531 1427 1549 con
1445 1532 1543 1548 rasura
1562 1525 1620 1557 regi
1645 1525 1669 1550 C
1683 1532 1697 1548 e
1714 1524 1806 1548 Arndt
1823 1537 1835 1543 -
1852 1526 1943 1549 eciam
1967 1525 1990 1549 C

131 1579 146 1596 e
161 1570 254 1595 Amat
273 1584 306 1588 —
325 1577 342 1603 9
359 1577 399 1596 ¹0.
418 1569 594 1595 Cominiano
613 1568 731 1594 Sebasto
748 1569 794 1593 Ge
807 1568 897 1593 Arndt
909 1581 943 1586 —
960 1575 998 1592 11.
1014 1567 1123 1592 milicia
1140 1566 1186 1591 σε
1198 1567 1290 1592 Arndt
1308 1580 1340 1584 —-
1362 1573 1403 1599 ¹4.
1422 1566 1544 1599 quasdas
1563 1567 1587 1591 Α
1607 1580 1639 1584 —-
1662 1565 1702 1591 16.
1717 1566 1835 1592 Sebasto
1847 1570 1875 1591 et
1889 1566 1986 1593 Comi-

132 1614 223 1638 niano
244 1614 267 1639 C
284 1620 298 1637 e
315 1613 405 1638 Arndt
424 1625 457 1630 —

132 1655 324 1681 Brundusium
347 1655 371 1679 C
385 1663 399 1679 e
416 1655 508 1679 Amat
527 1668 559 1673 —
581 1660 622 1679 20.
641 1654 710 1678 hore
732 1654 756 1679 C
770 1661 784 1677 e
802 1653 895 1678 Arndt

219 1756 227 1772 ¹
248 1758 336 1788 Boso,
349 1757 406 1783 Lib.
419 1756 533 1788 Pontis„
545 1756 581 1785 11.
594 1764 621 1790 p.
634 1763 702 1789 393:
717 1755 731 1769 ⁴¹
741 1755 778 1780 Et
790 1757 823 1781 ut
835 1755 963 1780 Ecclesia
976 1755 1030 1780 Dei

132 1798 185 1826 “ot
202 1800 355 1833 imperium
379 1799 516 1832 ampliori
542 1799 644 1823 decore
668 1799 863 1826 clarescerent,
886 1798 1029 1822 communi

131 1841 146 1856 ⁰
155 1842 366 1868 deliberatione
380 1843 517 1867 statutum
539 1842 596 1866 fuit
615 1842 647 1866 ut
666 1840 702 1865 ad
715 1840 829 1865 laudem
842 1840 898 1864 Dei
912 1841 939 1864 et
952 1840 1031 1864 exul-

132 1884 296 1911 “tationem
315 1885 466 1910 christiani
486 1884 586 1917 populi
609 1883 738 1917 prefatus
762 1883 909 1908 Romanus
934 1883 1032 1914 ponti—

132 1927 204 1953 *ἰοὶ
221 1930 250 1953 et
268 1929 406 1961 augustus
426 1927 461 1952 ad
481 1927 631 1951 missarum
650 1926 824 1959 sollempnia
850 1926 880 1949 in
907 1925 952 1950 die
979 1924 1032 1949 illa

132 1969 265 2004 “pariter
284 1970 415 1995 coronati
436 1969 631 2003 procederent.
667 1968 795 2001 Dignum
816 1974 937 1999 namque
963 1967 1031 1992 satis

130 2011 218 2039 ‘erat
236 2013 269 2037 ut
288 2012 406 2037 illorum
426 2012 546 2037 duorum
565 2012 729 2044 principum
749 2010 948 2043 apostolorum
975 2009 1032 2034 sol-

133 2054 284 2088 “lempnln
303 2054 358 2079 duo
378 2055 482 2079 summi
501 2054 578 2078 orbis
598 2054 747 2087 principes
767 2054 797 2077 in
818 2052 914 2077 letitia
932 2053 960 2076 et
975 2058 1032 2076 ma-

131 2097 146 2112 ·
155 2103 214 2130 gno
233 2097 340 2130 gaudio
358 2096 542 2125 celebrarent,
561 2095 612 2127 qui
631 2096 762 2127 suscepta
780 2095 922 2127 potestate
943 2101 959 2118 a
973 2094 1034 2118 Do-

133 2137 238 2165 ‘mIno
256 2139 368 2174 ligandi
388 2141 474 2172 atque
491 2139 623 2164 solvendi
643 2140 743 2171 portas
763 2137 815 2162 celi
841 2136 981 2162 claudunt
1005 2139 1034 2161 et

133 2181 148 2196 ‘¹
158 2182 294 2216 aperiunt
311 2182 415 2214 quibus
434 2182 539 2206 volunt
549 2200 573 2214 ,Γ

131 2268 193 2294 ‘Et
209 2268 348 2301 quoniam
366 2269 476 2293 estims
493 2267 574 2292 calor
590 2268 646 2291 iam
661 2267 748 2291 nimis
761 2267 925 2291 excreverat
938 2267 966 2290 et
980 2272 1035 2290 ma-

131 2310 235 2336 “xima
253 2310 411 2336 multitudo
430 2310 522 2343 ipsius
547 2309 689 2334 exercitus
715 2316 768 2341 pro
793 2307 964 2341 intemperie
990 2307 1033 2332 ln-

133 2353 287 2378 “consueti
307 2354 380 2378 aeris
400 2352 445 2377 vel
466 2352 569 2376 mortis
590 2351 749 2384 periculum
769 2350 814 2375 vel
828 2350 977 2375 exitialem
992 2351 1033 2374 in—

131 2396 321 2430 “firmitatem
341 2397 510 2427 incurrerat,
530 2395 687 2420 communis
708 2394 843 2419 voluntas
868 2394 896 2418 et
923 2394 1034 2418 instans

133 2438 148 2453 ¹¹
158 2439 265 2472 petitio
285 2438 448 2472 principum
468 2437 526 2462 suit
544 2439 576 2461 ut
596 2437 753 2469 imperator
767 2436 802 2460 ad
817 2436 941 2468 propria,
956 2434 1033 2467 quod

133 2481 186 2506 'et
205 2481 313 2506 factum
333 2482 384 2511 est,
402 2481 466 2506 sine
485 2479 628 2504 dilatione
648 2478 755 2503 rediret
768 2497 790 2511 „.

220 2521 233 2539 ²
249 2522 336 2552 hau,
350 2522 412 2548 Lib.
432 2522 547 2555 Pontis„
567 2521 602 2552 ΙΙ,
619 2528 752 2554 393-394=
767 2520 781 2534 ¹¹
794 2538 799 2545 .
811 2538 818 2545 .
830 2538 837 2545 .
848 2537 855 2545 .
866 2520 946 2545 Tunc
960 2527 1034 2552 pon-

135 2565 149 2579 “
158 2565 235 2590 tifex
246 2571 332 2598 super
343 2564 402 2589 hila
415 2564 516 2589 habito
529 2571 592 2588 cum
606 2563 744 2588 fratribus
754 2564 813 2587 suis
827 2562 960 2592 consilio,
970 2569 1035 2587 con-

135 2607 276 2640 “grogata
305 2606 443 2631 comitum
463 2608 491 2631 et
510 2606 631 2631 allorum
651 2605 795 2631 nobilium
820 2607 879 2630 tam
898 2603 933 2629 de
958 2603 1034 2629 Urbe

136 2649 150 2663 ⁹
159 2655 245 2682 quam
265 2648 299 2674 de
317 2647 478 2681 CampanIa
496 2649 525 2672 et
538 2648 606 2672 aliis
620 2647 834 2680 circumpositis
848 2647 922 2672 locis
934 2646 1034 2672 decora

134 2693 149 2708 ‘¹
158 2692 276 2722 militia,
295 2692 372 2716 circa
386 2691 488 2716 festum
503 2690 580 2716 beati
594 2690 744 2715 Michaelis
758 2689 846 2723 (Sept.
861 2688 906 2723 29)
920 2690 1034 2715 descen-

133 2732 148 2747 *
161 2733 204 2758 dlt
218 2733 254 2758 ad
266 2732 403 2758 Sanctum
416 2731 603 2758 Germanum:
619 2733 715 2765 ibique
727 2733 840 2765 recepta
853 2731 993 2757 fidelitate
1006 2733 1034 2756 et

136 2775 150 2790 ⁸
160 2776 294 2801 hominio
307 2782 324 2800 a
336 2774 463 2800 Roberto
473 2776 604 2809 principe
615 2774 755 2808 Capuano
765 2776 794 2799 et
804 2774 919 2800 Andr-ea
930 2775 1034 2799 comite

136 2817 283 2850 “allIsque
303 2816 445 2842 nobilium
466 2817 581 2842 illarum
601 2818 737 2849 partium.
756 2816 888 2850 premisit
906 2823 954 2841 eos
969 2818 1033 2841 ante

136 2860 264 2885 “faciem
289 2867 368 2885 suam
382 2861 413 2884 ut
433 2861 618 2892 prepararent
637 2860 662 2884 el
684 2860 761 2884 viam
780 2860 809 2884 et
828 2866 917 2891 prava
938 2860 968 2883 ln
994 2858 1034 2883 dl-

133 2902 234 2928 ‘recta
261 2903 385 2927 facerent
409 2904 438 2927 et
458 2909 556 2935 aspera
575 2902 605 2926 ln
630 2903 692 2927 vias
718 2902 829 2934 planas.
868 2901 930 2934 Ipse
957 2909 1033 2930 vero,

135 2945 148 2959 ⁸
159 2946 226 2978 post
238 2944 352 2977 aliquot
371 2944 441 2974 dies,
460 2951 510 2977 per
528 2945 653 2969 castrum
672 2943 804 2977 Mignani
825 2944 853 2968 et
866 2942 1033 2976 Capuanum

133 2987 303 3012 “civitatem
313 2986 468 3012 transitum
477 2986 594 3017 faciens,
604 2993 691 3018 usque
701 2986 896 3011 Beneventum
906 2985 1033 3011 Domino

137 3029 150 3043 ¹‘
161 3030 319 3054 comitante
333 3030 480 3062 processit,
491 3030 518 3053 et
530 3035 628 3053 omnes
639 3028 696 3053 (ere
706 3028 828 3053 barones
841 3028 956 3053 illarum
970 3035 1032 3062 par-

480 1612 520 1637 18.
539 1612 600 1644 regi
619 1612 651 1635 ai
663 1613 757 1643 prima
775 1619 864 1640 mano,
882 1610 1054 1643 suprascrieta
1073 1617 1085 1634 s
1106 1610 1151 1635 C·
1164 1609 1288 1641 reliquid
1310 1609 1335 1634 C
1349 1616 1363 1632 e
1381 1609 1473 1634 Arndt
1492 1623 1523 1627 -—
1547 1616 1587 1641 19,
1607 1616 1656 1642 per
1675 1617 1750 1634 mare
1768 1611 1797 1634 et
1816 1617 1865 1642 per
1884 1611 1986 1635 terram

1087 1754 1100 1767 ¹‘
1109 1756 1184 1780 tium
1196 1762 1347 1787 eorumque
1357 1756 1448 1780 terras
1457 1756 1485 1779 et
1499 1755 1719 1787 circumpositas
1732 1755 1866 1780 civitates
1876 1755 1911 1780 ad
1922 1755 1987 1780 fide-

1085 1797 1099 1811 “
1112 1798 1167 1823 lita
1177 1800 1234 1823 tem
1247 1797 1322 1822 beati
1333 1797 1411 1822 Petri
1423 1799 1451 1822 et
1464 1805 1542 1822 suam
1556 1798 1693 1830 tanquam
1705 1805 1805 1822 eorum
1815 1798 1987 1831 principalis

1086 1840 1244 1864 “dominus
1265 1841 1294 1864 ln
1314 1840 1412 1864 eadem
1431 1841 1551 1864 civitate
1571 1841 1679 1872 recepit
1690 1856 1715 1871 η.
1752 1840 1775 1863 Ῑ1
1796 1841 1931 1872 principe
1956 1840 1984 1865 di

1086 1882 1184 1915 Capua
1202 1880 1218 1907 e
1236 1882 1258 1907 il
1278 1882 1396 1907 vecchio
1415 1881 1544 1907 Roberto
1563 1881 1598 1912 11,
1618 1882 1639 1906 il
1658 1880 1710 1915 piu
1729 1882 1796 1907 fiero
1809 1883 1843 1907 ed
1857 1883 1987 1908 indoma-

1084 1925 1144 1950 bile
1163 1926 1274 1949 nemico
1293 1925 1323 1949 di
1342 1924 1488 1958 Ruggiero
1506 1925 1542 1949 H.
1578 1925 1632 1949 Nel
1653 1925 1803 1949 settembre
1821 1932 1895 1958 1137,
1911 1933 1988 1950 men-

1085 1968 1129 1991 tre
1148 1974 1201 1991 con
1220 1965 1340 1991 Lotario
1359 1966 1386 1991 11
1398 1966 1547 1991 trionfava
1560 1974 1577 1991 a
1590 1965 1719 1996 salerno,
1733 1965 1812 1991 dono
1826 1967 1884 1991 alla
1899 1967 1987 1992 Badis

1087 2011 1115 2034 di
1137 2009 1216 2034 Cava
1236 2007 1328 2043 (Ανι-Ῑι.
1346 2010 1378 2033 dr·
1394 2009 1482 2033 Badio
1501 2009 1532 2034 di
1553 2009 1632 2038 Cava,
1651 2008 1740 2038 Arm„
1754 2010 1788 2034 H.
1809 2009 1854 2043 28)
1874 2010 1903 2034 la
1916 2010 1988 2034 villa

1087 2052 1118 2076 di
1137 2052 1165 2078 S.
1183 2052 1285 2077 Mauro
1306 2052 1332 2077 al
1353 2052 1443 2077 casale
1463 2059 1561 2085 presso
1582 2051 1696 2084 Capua·⁷
1715 2060 1761 2076 ma
1787 2054 1834 2077 nel
1862 2059 1931 2086 1139
1958 2053 1987 2077 su

1087 2096 1225 2120 costretto
1238 2102 1255 2119 a
1269 2094 1418 2127 rifugiarsi
1431 2102 1511 2119 come
1524 2094 1600 2119 esule
1614 2094 1645 2119 in
1660 2094 1815 2119 Germania
1829 2095 1887 2120 alla
1901 2095 1988 2120 Corte

1088 2138 1118 2162 di
1137 2136 1273 2167 Corrado,
1292 2145 1307 2162 e
1326 2137 1356 2162 in
1377 2136 1533 2162 Germania
1553 2137 1655 2161 rimase
1673 2135 1764 2162 finche
1784 2137 1830 2161 nel
1847 2142 1913 2169 1155
1930 2144 1988 2162 non

1087 2178 1175 2205 tomo
1194 2180 1226 2205 in
1244 2179 1330 2205 Italia
1349 2187 1403 2204 con
1423 2179 1560 2204 Federico
1583 2180 1611 2211 13
1637 2180 1674 2204 cs.
1701 2180 1776 2204 oltre
1801 2180 1986 2205 Amxmnmae

1087 2223 1263 2254 Tatasmus,
1285 2222 1306 2251 Ι,
1329 2229 1368 2253 xo,
1386 2222 1422 2254 11,
1441 2221 1474 2254 63
1495 2230 1510 2247 e
1529 2221 1578 2251 ΙΙΙ,
1599 2229 1622 2252 1,
1640 2229 1655 2246 e
1675 2222 1773 2247 anco
1787 2222 1988 2247 Beneventi-

1086 2271 1152 2294 nus,
1167 2273 1194 2299 p.
1208 2270 1256 2297 125
1271 2273 1286 2290 e
1299 2272 1354 2298 sg.;
1374 2264 1548 2290 Gerr-unus
1565 2271 1605 2289 na
1624 2263 1768 2294 Vnum,
1783 2265 1932 2294 Pantheon,
1945 2265 1989 2290 ed.

1088 2307 1201 2337 Warrz,
1220 2306 1321 2339 XXIII,
1342 2307 1376 2339 48
1395 2308 1426 2332 ln
1445 2307 1485 2332 Μ.
1506 2307 1540 2332 G.
1553 2307 1599 2337 Η,
1611 2306 1671 2336 SS.‚
1685 2307 1773 2336 XXII,
1795 2306 1864 2331 260:
1882 2307 1989 2332 “Prin-

1088 2349 1101 2363 “
1114 2357 1177 2383 ceps
1191 2350 1332 2376 Robertus
1344 2349 1496 2382 Capuanus
1507 2357 1571 2374 cum
1581 2350 1715 2374 omnibus
1726 2350 1879 2374 comitibus
1889 2350 1989 2384 expul-

1088 2392 1102 2406 “
1114 2393 1154 2417 sis
1174 2392 1208 2417 ad
1223 2400 1314 2425 regem
1329 2392 1495 2417 Conradum
1510 2393 1634 2417 secessit.
1671 2391 1734 2416 Rex
1751 2392 1875 2424 benigne
1889 2399 1989 2417 omnes

1090 2434 1104 2448 ⁶
1114 2435 1221 2468 recepit
1233 2436 1261 2460 et
1274 2435 1364 2468 longo
1377 2437 1506 2468 tempore
1520 2436 1550 2458 in
1563 2434 1739 2459 Alemannla
1753 2441 1846 2458 secum
1860 2436 1954 2459 tenuit
1965 2452 1988 2468 „.

1086 2477 1108 2502 F
1110 2486 1140 2503 ra
1158 2478 1202 2511 gli
1219 2477 1290 2503 altri
1309 2478 1390 2502 conti
1409 2477 1518 2502 esiliati
1538 2484 1606 2510 pare
1633 2477 1662 2501 vi
1688 2477 1764 2501 {osse
1791 2476 1932 2502 Riccardo
1958 2477 1989 2501 di

1087 2520 1273 2554 Rupecanina
1291 2520 1336 2545 col
1356 2520 1438 2553 figlio
1457 2520 1584 2544 Andrea.

1175 2561 1187 2578 ³
1206 2562 1381 2592 Cumanus,
1391 2561 1440 2591 1v,
1453 2569 1478 2594 3,
1493 2570 1521 2595 p,
1537 2562 1586 2594 138
1596 2568 1611 2586 e
1625 2569 1681 2594 sg.3
1695 2561 1780 2586 Οτι-ο
1793 2561 1990 2590 Fa1s1oaus1s.

1092 2606 1180 2635 Gesta.
1198 2605 1232 2637 11,
1253 2611 1296 2637 24.
1316 2606 1345 2630 in
1366 2604 1404 2629 M!
1433 2605 1466 2630 G.
1485 2605 1530 2635 H„
1551 2604 1611 2632 SS..
1638 2604 1697 2634 XX,
1723 2603 1775 2637 408
1794 2612 1808 2628 e
1829 2611 1883 2637 sg.;
1903 2604 1990 2633 Boso,

1087 2647 1145 2673 Lib.
1162 2647 1251 2678 Pone„
1270 2647 1305 2677 11,
1325 2654 1387 2680 394.

1176 2687 1187 2704 ⁴
1205 2688 1380 2719 Cinnamus,
1400 2690 1452 2714 loc.
1473 2691 1531 2719 cit„
1551 2690 1632 2723 paria
1652 2690 1682 2714 di
1697 2689 1770 2714 dieci
1786 2690 1864 2714 navi.
1905 2688 1989 2713 Comi-

1087 2733 1187 2757 nlanms
1206 2732 1336 2762 Saebastus,
1356 2733 1525 2758 s’identifica
1545 2740 1597 2756 con
1614 2730 1763 2756 Giovanni
1777 2731 1877 2756 Dukas
1891 2731 1921 2756 di
1940 2731 1990 2755 che

1088 2775 1166 2808 paria
1185 2774 1337 2800 Cinnamo.

1176 2815 1188 2833 ⁶
1208 2816 1384 2848 Ciminum,
1402 2816 1450 2846 1v,
1471 2823 1502 2849 11,
1524 2825 1549 2849 p.
1574 2816 1620 2841 162
1641 2824 1656 2842 e
1676 2825 1716 2850 sg.

1174 2858 1185 2875 ⁶
1204 2859 1401 2885 Guonmmus
1426 2866 1466 2884 ns:
1493 2858 1589 2888 Trno,
1613 2859 1689 2883 Belli
1711 2859 1786 2885 :acri
1810 2859 1933 2889 lutearia,
1960 2858 1991 2882 in

1087 2901 1239 2928 Recueil
1260 2902 1319 2927 des
1339 2902 1547 2926 historiens
1567 2901 1626 2926 des
1646 2902 1851 2930 croisades,
1870 2901 1993 2926 Histo-

1088 2945 1189 2969 tiens
1215 2945 1482 2973 occidentaux,
1511 2944 1533 2974 1,
1559 2951 1572 2968 2
1600 2951 1627 2976 p.
1646 2942 1708 2976 831.
1733 2944 1804 2969 bene
1831 2944 1992 2969 informato

1085 2986 1148 3011 dice
1167 2987 1217 3012 che
1242 2987 1373 3011 l’armata
1399 2986 1429 3011 di
1455 2985 1620 3018 Guglielmo
1651 2986 1728 3011 nella
1754 2986 1886 3018 maggior
1912 2987 1992 3019 parte

1086 3036 1132 3053 era
1152 3030 1300 3062 composta
1322 3029 1350 3053 di
1375 3029 1452 3053 forze
1473 3028 1606 3053 siciliane
1632 3035 1647 3052 e
1666 3028 1815 3053 calabresi.

2016 1887 2051 1913 40

2017 2101 2048 2127 45

2019 2316 2053 2342 ⁵0

2019 2524 2051 2551 55

2018 2732 2054 2757 60

1900 228 1975 263 239
1994 239 2069 261 Mun..
2083 245 2116 259 ccl
2133 241 2219 264 r97-198

2068 362 2113 381 iun.
2133 364 2155 381 ιδ
