2398 3470
191 256 266 281 Mun„
283 257 393 280 camo
432 245 480 280 66
1015 241 1306 279 ROMUALDI
1334 241 1699 278 SALERNITANI
1756 247 2289 286 [AA.C.239-25³:c.990-1004]

215 1063 238 1078 a.
253 1057 280 1077 C.
295 1063 333 1082 ²⁴5

216 1090 239 1103 u.
253 1090 275 1105 C·
288 1089 326 1108 997

270 1563 289 1577 c.
305 1563 331 1581 9¹

391 2624 404 2649 5

378 2867 409 2885 10

426 374 548 407 dianus
569 374 755 406 uicesimus
785 373 904 406 tertius
936 372 980 406 ab
1012 372 1171 416 Augusto
1203 372 1393 414 imperator
1425 377 1562 405 creatus
1591 371 1718 405 mansit
1739 372 1776 404 in
1801 381 1844 404 eo
1876 372 1975 404 annis
1997 382 2060 405 sex
2073 371 2103 411 ¹3
2134 374 2292 416 quamuis

427 438 504 460 cum
529 437 570 459 eo
593 427 663 460 duo
687 427 746 459 alii
770 425 917 470 Augusti
940 432 1053 460 essent
1077 425 1184 458 creati
1209 425 1452 458 obscurissimo
1475 435 1617 468 genere,
1642 425 1818 467 Pupienus
1840 424 2017 464 uidelicet,
2042 431 2077 458 et
2103 426 2254 460 Albinus
2265 427 2289 460 ².

427 480 626 514 Gordianus
650 486 765 512 autem
790 489 920 523 genere
944 479 1082 519 nobilis,
1107 490 1184 511 cum
1210 488 1381 512 consensu
1412 478 1570 517 militum,
1595 489 1673 511 cum
1698 478 1980 521 proconsulatum
2003 478 2127 512 Africe
2158 487 2290 524 ageret,

427 533 618 567 Maximino
641 533 847 576 imperante,
871 533 1038 575 princeps
1062 533 1130 565 tuit
1153 532 1294 565 electus.
1343 532 1411 564 Hic
1436 542 1514 564 cum
1538 532 1686 565 Romam
1710 532 1873 570 uenisset,
1890 531 2068 574 Pupienus
2091 539 2126 566 et
2142 533 2290 567 Albinus
2379 573 2380 576 Ἴ

430 588 465 619 in
488 587 618 630 palatio
641 586 821 620 interfecti
844 593 932 625 sunt,
948 586 1011 619 soli
1029 585 1208 619 Gordiano
1226 585 1373 628 imperio
1391 592 1566 618 reseruato
1579 584 1601 617 ³.
1650 585 1846 618 Gordianus
1863 585 1978 628 itaque
2002 586 2188 619 admodum
2204 597 2292 630 puer
2338 589 2356 620 5

427 642 472 674 ad
495 640 625 673 bellum
648 639 850 673 Parthicum
874 640 1104 682 profecturus,
1129 639 1209 682 Jani
1232 644 1349 682 portas
1366 638 1487 681 aperit.
1533 639 1643 682 Igitur
1659 638 1856 672 Gordianus
1879 638 2077 682 ingentibus
2092 640 2212 682 preliis
2227 642 2291 674 ad-

426 704 547 727 uersus
577 693 725 726 Parthos
756 703 924 736 prospere
955 693 1071 736 gestis,
1095 702 1234 725 suorum
1265 691 1389 725 fraude
1419 692 1560 725 rediens
1591 703 1694 734 super
1725 692 1940 734 Euphratem
1972 692 2181 726 interfectus
2205 699 2257 727 est
2268 694 2291 728 ⁴.

428 747 491 779 His
514 746 729 789 temporibus
754 746 878 789 'Julius
909 745 1099 778 Africanus
1123 745 1211 778 inter
1243 745 1428 787 scriptores
1459 745 1716 779 ecclesiasticos
1748 745 1873 778 nobilis
1904 745 2110 786 habebatur,
2136 746 2226 780 sicut
2255 748 2292 780 in

426 800 592 838 Cronicis‚
617 810 703 843 quas
725 799 935 842 conscripsit
951 798 1181 838 Alexandrie‚
1197 798 1346 841 ipsemet
1360 798 1480 831 refert.
1533 800 1548 816 ‘⁴
1559 798 1732 842 Origenes
1754 799 1791 830 in
1816 797 1968 831 Cesarea
1983 798 2157 833 Palestine
2173 800 2292 833 Theo·
2372 828 2374 830 ,

433 854 447 870 “
461 853 593 891 dorum,
618 857 848 895 cognomento
873 851 1091 895 Gregorium‚
1116 856 1150 883 et
1173 851 1439 884 Athenodorum
1462 850 1741 884 adolescentulos
1765 851 1902 889 fratres,
1927 850 2030 884 Ponti
2055 857 2179 893 postea
2194 852 2292 886 nobi·
2320 849 2372 887 102

433 906 604 938 “lissimos
629 906 822 948 episcopos,
839 905 961 938 diuina
977 903 1197 946 philosophia
1211 904 1333 937 imbuit
1346 927 1377 944 „.
1424 903 1496 937 Sub
1520 904 1588 936 hoc
1605 903 1799 937 habebatur
1822 903 2057 948 Porphyrius⁵
2073 904 2202 938 Plotini
2217 906 2294 949 pla-

426 959 534 993 tonici
556 958 757 1002 philosophi
790 959 937 996 auditor,
970 958 1219 1000 Theopompus
1251 958 1477 1000 philosophus
1508 958 1602 1000 apud
1633 957 1855 996 Cheroniam,
1887 964 1921 990 et
1952 958 2108 991 Nicanos
2137 959 2294 1002 sophista

428 1023 537 1055 penes
559 1012 735 1044 Athenam
759 1011 915 1054 pollebat
927 1010 950 1044 ⁶.

513 1065 618 1098 Anno
642 1065 686 1098 ab
708 1065 947 1098 incarnatione
971 1065 1111 1098 Domini
1134 1064 1374 1098 CCXXXXV
1389 1071 1423 1097 et
1443 1075 1533 1097 anno
1551 1064 1594 1097 ab
1610 1064 1695 1097 urbe
1714 1065 1856 1098 condita
1873 1064 2166 1099 DCCCCXCVII
2178 1064 2190 1082 '¹
2205 1066 2289 1099 Phi-

430 1120 544 1162 lippus
566 1118 754 1150 uicesimus
777 1124 919 1161 quartus
950 1118 993 1150 ab
1026 1118 1195 1162 Augusto,
1226 1118 1341 1150 statim
1373 1118 1492 1151 occiso
1525 1117 1714 1157 Gordiano,
1744 1118 1935 1160 imperator
1964 1118 2060 1151 circa
2088 1119 2295 1162 Euphraten
2322 1118 2367 1152 15:

429 1178 575 1210 creatus,
599 1171 800 1214 Philippum
824 1171 930 1203 filium
954 1180 1052 1203 suum
1079 1177 1277 1204 consortem
1300 1172 1400 1214 regni
1425 1171 1522 1209 fecit,
1547 1170 1811 1213 exercitumque
1834 1181 1878 1203 ex
1902 1171 2005 1216 Syria
2026 1171 2230 1205 incolumen
2249 1172 2295 1206 ad

430 1225 562 1258 Italiam
585 1225 735 1262 reduxit,
751 1225 946 1268 mansitque
962 1225 998 1256 in
1015 1235 1058 1256 ea
1073 1224 1172 1257 annis
1194 1230 1327 1266 septem
1341 1223 1363 1257 ⁸.
1414 1226 1428 1241 “
1443 1224 1511 1256 Hic
1534 1224 1665 1266 primus
1688 1224 1878 1267 imperator
1902 1225 2055 1258 omnium
2078 1225 2296 1259 Christianus

433 1281 447 1296 ‘⁶
461 1279 537 1316 fuit,
555 1288 596 1311 ac
613 1284 691 1321 post
712 1278 851 1310 tertium
874 1278 1011 1320 imperii
1035 1277 1110 1321 ejus
1134 1287 1272 1316 annum,
1296 1277 1498 1310 millesimus
1515 1289 1535 1309 a
1551 1277 1754 1309 conditione
1778 1277 1891 1310 Rome
1915 1289 2025 1311 annus
2049 1278 2209 1322 expletus
2231 1285 2294 1312 est.

432 1334 446 1350 ‘⁴
460 1332 512 1364 Ita
528 1332 722 1375 magnificis
744 1331 836 1364 ludis
859 1331 1118 1374 augustissimus
1134 1331 1286 1363 omnium
1310 1331 1555 1373 preteritorum
1580 1331 1639 1363 hic
1661 1331 1787 1364 natalis
1810 1341 1920 1364 annus
1937 1341 1958 1363 a
1972 1331 2169 1365 Christiano
2183 1333 2295 1376 impe·
2369 1358 2371 1360 v

432 1387 446 1404 ⁸
459 1392 575 1418 ratore
599 1384 793 1418 celebratus
817 1390 913 1424 est„.
960 1385 1038 1418 Nec
1061 1384 1203 1418 dubium
1228 1391 1289 1423 est,
1313 1385 1397 1427 quin
1421 1384 1603 1427 Philippus
1626 1384 1728 1428 hujus
1751 1390 1845 1417 tante
1870 1385 2065 1419 deuotionis
2086 1385 2234 1430 gloriam
2259 1391 2294 1419 et
2318 1384 2368 1419 2¹.v

429 1440 598 1472 honorem
622 1439 667 1471 ad
690 1437 874 1477 Christum,
906 1444 942 1472 et
969 1437 1156 1470 ecclesiam
1185 1443 1393 1480 reportaret,
1418 1438 1559 1481 quando
1583 1448 1764 1471 ascensum
1787 1438 1822 1470 in
1846 1439 2060 1481 capitolium,
2082 1439 2293 1472 immolatas-

427 1503 494 1535 que
525 1502 568 1524 ex
598 1502 692 1524 more
716 1492 846 1524 hostias
876 1491 991 1524 nullus
1014 1497 1138 1524 auctor
1159 1491 1320 1524 ostendit.
1366 1490 1481 1524 Ambo
1513 1497 1626 1524 tamen
1658 1491 1825 1534 Philippi,
1856 1493 2013 1534 quamuis
2039 1492 2187 1526 diuersis
2209 1493 2296 1526 locis

434 1545 594 1579 'tumultu
627 1544 778 1583 militari,
810 1551 845 1577 et
867 1545 969 1578 Decii
993 1545 1117 1578 fraude
1141 1545 1320 1577 interfecti
1344 1551 1424 1577 sunt
1437 1543 1460 1577 ⁹.
1506 1545 1537 1576 E
1561 1544 1684 1588 quibus
1707 1546 1824 1589 junior
1846 1545 2030 1588 Philippus
2061 1545 2150 1579 adeo
2181 1545 2296 1579 seueri

431 1599 534 1631 animi
558 1599 636 1636 fuit,
659 1604 696 1630 ut
720 1598 846 1630 nullius
871 1598 1073 1642 cujusquam
1098 1604 1295 1630 commento
1319 1598 1407 1631 solui
1437 1598 1600 1641 potuerit,
1624 1604 1829 1642 patremque
1854 1598 1943 1631 ludis
1973 1598 2188 1632 secularibus
2211 1609 2296 1632 con-

428 1653 628 1685 cinnantem
658 1651 757 1684 uultu
787 1651 1008 1684 annotauerit
1038 1657 1197 1684 auersato
1212 1650 1246 1683 ¹⁰.
1299 1653 1313 1669 ‘⁴
1328 1651 1500 1696 Origenes
1530 1652 1697 1685 aduersus
1720 1652 1905 1696 quemdam
1928 1652 2119 1695 Epicurum
2143 1651 2296 1695 philoso—
2318 1654 2365 1685 2*

433 1706 567 1747 “phum
582 1703 616 1743 ¹¹,
640 1704 698 1747 qui
722 1710 843 1737 contra
860 1702 1074 1736 Christianos
1097 1703 1204 1737 libros
1228 1704 1484 1747 conscripserat
1508 1711 1588 1737 octo
1604 1704 1835 1737 uoluminibus
1851 1705 2045 1747 respondit:
2071 1704 2142 1748 qui,
2157 1711 2195 1738 ut
2217 1704 2296 1739 bre-

434 1758 549 1791 “uiter
573 1756 698 1797 dicam,
722 1763 853 1790 tantum
876 1757 1052 1790 scribendi
1076 1757 1217 1790 sedulus
1239 1758 1318 1797 fuit,
1342 1764 1378 1790 ut
1399 1758 1609 1802 Jeronymus
1633 1758 1783 1801 quodam
1809 1758 1887 1791 loco
1910 1758 2094 1802 plusquam
2118 1768 2179 1791 sex
2200 1758 2297 1791 milia
2355 1777 2357 1780 ⁴

434 1815 448 1830 ‘⁶
463 1811 627 1845 librorum
652 1811 727 1854 ejus
749 1822 787 1844 se
810 1811 935 1856 legisse
960 1818 1208 1844 commemoret
1221 1809 1279 1853 πη.
1325 1811 1391 1844 His
1414 1822 1553 1855 quoque
1577 1811 1711 1851 diebus,
1733 1812 1844 1845 Decio
1865 1812 1937 1856 jam
1962 1810 2092 1845 Cesare
2114 1811 2295 1852 existente,

428 1864 608 1898 Cornelius
630 1865 769 1897 natione
793 1865 972 1897 Romanus
996 1875 1039 1897 ex
1062 1870 1162 1907 patre
1187 1865 1340 1904 Castino,
1364 1871 1443 1908 post
1467 1864 1661 1898 Fabianum
1682 1865 1836 1908 suscepit
1859 1866 2110 1908 episcopatum,
2133 1864 2294 1908 seditque
2351 1863 2354 1866 ’

429 1919 526 1951 annis
549 1917 685 1951 duobus
699 1918 875 1951 mensibus
891 1917 1034 1951 duobus.
1082 1917 1150 1950 Hic
1166 1918 1408 1951 sacerdotibus
1424 1918 1597 1951 concessit
1613 1928 1677 1961 pro
1694 1925 1792 1951 recta
1814 1919 1884 1952 fide
1906 1918 2033 1963 jurare.
2079 1917 2192 1963 Hujus
2207 1923 2295 1951 tem·
2319 1918 2354 1951 3
2376 1925 2378 1927 ’

430 1981 515 2015 pore
547 1981 694 2014 corpora
717 1971 950 2015 apostolorum
973 1970 1071 2004 Petri
1097 1977 1132 2004 et
1162 1971 1261 2004 Pauli
1285 1971 1329 2004 ab
1353 1971 1578 2004 orientalibus
1610 1972 1693 2003 uiris
1717 1978 1823 2004 noctu
1846 1973 1962 2004 furata
1985 1976 2082 2004 sunt:
2107 1982 2176 2016 quo
2200 1971 2297 2005 facto

430 2031 635 2057 terremotus
650 2030 782 2057 tantum
798 2024 993 2057 Romanam
1011 2024 1187 2058 concussit
1211 2025 1400 2065 ciuitatem,
1414 2031 1453 2057 ut
1468 2035 1558 2067 pene
1575 2035 1696 2058 omnes
1720 2026 1808 2057 mori
1832 2025 2041 2069 cogitarent.
2090 2024 2220 2068 Sicque
2243 2025 2296 2058 fa·
2353 2039 2356 2046 ¹

430 2084 524 2110 ctum
548 2084 610 2117 est,
635 2084 672 2110 ut
695 2088 815 2111 omnes
838 2085 907 2111 tam
924 2079 1064 2122 pagani,
1088 2089 1192 2122 quam
1217 2078 1415 2119 Christiani,
1438 2085 1510 2111 tam
1532 2079 1610 2117 uiri,
1627 2089 1731 2123 quam
1747 2079 1919 2119 mulieres,
1935 2085 2004 2111 tam
2019 2078 2168 2122 paruuli,
2191 2089 2296 2122 quam
2348 2094 2357 2105 κ

430 2141 531 2164 senes
546 2131 594 2164 ita
617 2131 823 2164 unanimiter
838 2137 999 2175 prompta
1014 2132 1190 2165 uoluntate
1209 2141 1270 2165 eos
1284 2137 1588 2175 persequerentur,
1604 2137 1641 2164 ut
1658 2131 1796 2164 diceres
1819 2137 1927 2165 totam
1942 2131 2063 2165 urbem
2088 2131 2295 2176 demigrare.

429 2184 501 2218 Sed
524 2185 591 2217 Dei
613 2192 708 2224 nutu,
732 2184 781 2217 ita
804 2186 936 2218 factum
961 2191 1024 2226 est,
1046 2191 1085 2218 ut
1108 2191 1142 2218 et
1165 2191 1363 2219 sanctorum
1387 2195 1536 2228 corpora
1559 2185 1674 2218 Rome
1698 2196 1777 2218 cum
1801 2186 1935 2218 honore
1957 2190 2135 2228 reportata
2157 2190 2236 2218 sunt
2259 2191 2295 2218 et
2317 2186 2338 2219 3

430 2238 494 2270 uiri
524 2237 688 2282 religiosi,
714 2238 773 2280 qui
798 2238 866 2271 hoc
891 2248 1008 2271 amore
1032 2239 1173 2281 pietatis
1201 2239 1371 2277 fecerant,
1395 2249 1417 2273 a
1439 2238 1596 2271 cruciatu
1619 2244 1653 2271 et
1677 2244 1785 2271 morte
1809 2238 1875 2271 Dei
1898 2237 2137 2271 misericordia
2161 2238 2297 2271 liberati
2350 2231 2353 2270 s

430 2291 508 2324 sint.
555 2290 763 2324 Sanctorum
779 2291 941 2334 corpora'
958 2302 1019 2335 per
1035 2302 1161 2325 annum
1179 2291 1273 2335 apud
1289 2292 1512 2325 catacumbas
1526 2291 1703 2324 inhumata
1716 2291 1868 2335 jacuere.
1915 2291 2054 2325 Interea
2067 2301 2111 2325 ex
2125 2297 2296 2335 precepto
2344 2310 2347 2313 ’

430 2344 529 2378 Decii
560 2344 697 2378 Cesaris
728 2344 792 2378 sub
821 2344 996 2388 Philippis
1026 2345 1224 2379 christianis
1249 2345 1530 2388 imperatoribus,
1555 2351 1590 2377 et
1612 2345 1716 2378 totius
1739 2351 1878 2378 senatus
1909 2345 2068 2378 consulto
2091 2354 2295 2378 concessum

515 2456 538 2474 ι.
557 2450 674 2482 quartus
688 2450 712 2474 C
728 2462 762 2468 —
781 2455 806 2480 3.
824 2449 933 2482 ageret]
952 2449 1058 2475 fuisset
1074 2450 1098 2475 C
1114 2462 1148 2468 —
1166 2448 1193 2475 6.
1206 2449 1265 2475 lam
1280 2449 1322 2478 C,·
1339 2449 1420 2474 ancloe
1438 2449 1469 2474 in
1481 2449 1506 2474 A
1525 2448 1552 2473 la
1572 2449 1669 2474 lenione
1686 2448 1747 2474 Iani
1767 2457 1819 2474 non
1838 2450 1851 2473 ἑ
1869 2450 1961 2473 sima
1980 2461 2012 2466 ——
2031 2447 2090 2480 607.
2107 2448 2259 2474 adversum
2273 2449 2299 2476 C
2336 2446 2339 2449 ’

432 2505 464 2510 —-
484 2497 498 2522 7
518 2491 662 2525 Eupraten
684 2492 707 2517 C
725 2505 757 2510 —
777 2498 803 2524 9.
821 2490 973 2517 Chronicls
992 2492 1019 2516 B
1038 2505 1070 2510 —
1093 2499 1135 2518 ιο.
1160 2492 1381 2517 adulescentulos
1403 2491 1427 2516 C
1444 2504 1476 2510 —
1499 2497 1542 2516 12.
1560 2492 1631 2525 aput
1651 2491 1675 2517 C
1695 2505 1726 2509 —
1750 2498 1791 2524 13.
1811 2492 1835 2517 C
1857 2491 1889 2516 dt
1902 2491 1995 2523 prima
2014 2498 2108 2516 mano:
2125 2490 2241 2516 Athena
2258 2503 2293 2510 -—
2347 2489 2355 2494 ”

434 2541 474 2566 ¹4-
490 2535 575 2559 Anno
589 2534 697 2559 domini
711 2533 840 2560 CCXLV
858 2534 882 2559 C
893 2547 925 2552 —
943 2540 983 2565 15.
995 2534 1129 2559 Eufraten
1145 2534 1174 2558 Κ
1184 2548 1217 2553 -
1232 2533 1273 2559 16.
1288 2533 1448 2559 incolumen
1465 2534 1490 2560 C·
1506 2547 1539 2552 —
1556 2538 1597 2565 17.
1610 2540 1645 2558 eo
1660 2534 1685 2558 C
1697 2547 1729 2552 —
1747 2540 1787 2566 19.
1801 2533 1981 2566 Christiano]
1996 2534 2020 2559 C
2037 2533 2069 2558 ai
2081 2533 2175 2566 prima
2191 2539 2288 2558 ms.-
2343 2564 2345 2567 v

431 2578 520 2601 Ciauo
542 2589 574 2593 —
589 2582 630 2600 20.
644 2576 829 2609 philosophus
844 2577 868 2602 C
885 2589 896 2595 -
916 2576 1083 2602 devocionIs
1103 2577 1127 2602 C
1144 2589 1177 2595 -
1191 2583 1234 2602 ²1.
1255 2577 1410 2610 reportarit
1426 2575 1470 2600 C·
1489 2576 1554 2608 δορα
1572 2576 1688 2608 quando
1702 2576 1889 2608 Caggiunge:
1910 2576 1954 2600 vel
1974 2589 2007 2594 —
2022 2581 2064 2601 22.
2076 2575 2205 2609 Philippi
2225 2575 2294 2602 c—
2342 2583 2343 2586 ¹

438 2624 480 2649 ²4·
498 2618 631 2643 cemento
647 2619 672 2643 C
690 2631 722 2636 —
741 2623 831 2650 24-25.
851 2618 1068 2643 cachinnantem
1087 2618 1131 2647 B:
1149 2618 1348 2644 concinentem
1369 2618 1395 2644 C
1411 2631 1445 2637 —
1465 2618 1507 2644 28.
1529 2619 1666 2644 memorat
1687 2619 1711 2644 C
1729 2631 1762 2636 —
1782 2624 1824 2649 30.
1837 2625 1929 2643 annos
1948 2623 1982 2648 11,
2001 2623 2108 2643 menses
2127 2615 2198 2643 duos
2217 2616 2245 2644 C
2259 2630 2294 2637 —
2347 2624 2357 2628 ‘¹

432 2666 473 2692 3⁴·
488 2666 574 2684 senex
595 2661 618 2685 C
637 2674 668 2678 —
688 2665 732 2692 35.
750 2660 799 2686 Set
813 2661 837 2685 C
854 2673 866 2679 -
885 2660 979 2694 posita
998 2662 1067 2686 sunt
1088 2662 1128 2690 C,-
1146 2660 1292 2693 reportata
1310 2660 1371 2686 slnt
1389 2660 1416 2684 B
1435 2674 1467 2678 -
1488 2666 1532 2693 37.
1549 2661 1617 2693 aput
1638 2661 1661 2686 C
1679 2673 1713 2679 ——
1733 2659 1776 2692 38.
1795 2661 1887 2685 tocius
1905 2662 2020 2686 senatus
2037 2659 2172 2686 consultu
2196 2659 2222 2686 C

526 2737 533 2750 ¹
554 2739 692 2769 Onosxus,
711 2739 767 2763 loc.
787 2739 835 2763 eit.
1483 2735 1494 2754 ⁸
1513 2738 1650 2768 Onost,
1669 2737 1724 2763 loc.
1744 2738 1794 2763 eit.
1816 2745 1830 2762 e
1850 2737 2029 2768 Eunomus,
2049 2737 2097 2769 lx,
2116 2743 2142 2770 3.

524 2778 535 2795 ²
553 2780 695 2809 Balbinus,
709 2780 771 2805 dice
785 2781 966 2810 Exn-nonus,
979 2780 1028 2809 IX,
1042 2786 1066 2811 2,
1081 2780 1134 2804 che
1147 2786 1165 2804 n
1179 2779 1335 2811 parati-sss.
1484 2778 1496 2796 ⁹
1515 2780 1654 2810 Onosws,
1674 2779 1739 2812 vn,
1758 2787 1800 2809 πο,
1820 2786 1835 2813 3
1857 2787 1872 2804 e
1890 2787 1915 2812 4.
2103 2788 2105 2790 ·

525 2819 536 2837 ³
555 2823 732 2851 Eu‘rnonus.
752 2823 807 2847 loc.
827 2822 878 2848 cit.
1474 2820 1496 2837 ¹⁰
1515 2823 1668 2853 Eusanws,
1687 2825 1726 2855 op.
1747 2822 1817 2847 edis.
1835 2822 1892 2852 eit„
1912 2829 1939 2853 p.
1958 2828 2020 2855 391.
2071 2835 2073 2838 ⁴
2339 2848 2347 2854 ,

525 2862 537 2879 ⁴
557 2863 694 2894 Onosws,
714 2864 777 2894 VII,
798 2872 839 2897 19,
857 2872 874 2896 4
893 2872 908 2889 e
929 2870 953 2896 5.
1472 2861 1493 2880 ¹¹
1514 2865 1604 2894 Bana,
1622 2867 1663 2896 op.
1681 2865 1740 2893 cit„
1754 2871 1780 2896 p.
1802 2870 1866 2889 112:
1886 2864 1899 2878 ‘¹
1910 2861 2052 2895 quendam
2072 2863 2190 2889 Celsum
2203 2863 2298 2897 epicu·
2333 2895 2346 2903 ⁷

526 2904 537 2921 ⁵
557 2906 767 2937 Hmonvmus,
784 2909 823 2939 op.
843 2907 900 2935 cit..
918 2906 952 2931 62
972 2914 987 2931 e
1005 2905 1039 2937 65
1059 2906 1117 2939 (pp.
1138 2913 1171 2939 43
1192 2915 1207 2932 e
1226 2905 1284 2940 44).
1395 2907 1408 2921 ‘¹
1420 2914 1500 2932 reum
1520 2906 1725 2938 philosophum
1736 2921 1760 2937 „0
2338 2901 2340 2903 ’

525 2946 536 2963 ⁶
555 2948 688 2977 Μέσπιλα,
707 2948 741 2978 X,
762 2953 794 2980 27
815 2947 856 2980 (p.
873 2947 946 2980 226).
1472 2946 1494 2963 ¹²
1514 2948 1606 2978 ΒιοΛ,
1626 2948 1678 2972 loc.
1697 2947 1746 2973 clt.
1766 2945 1973 2979 “....quinque
1992 2947 2129 2972 librorum
2143 2947 2206 2973 elus
2218 2946 2298 2973 milia
2350 2941 2351 2946 ¹

526 2987 536 3004 ⁷
556 2990 658 3014 Anche
677 2991 724 3022 qui
749 2997 768 3014 n
792 2991 931 3016 continua
955 2990 977 3016 11
1003 2998 1053 3016 suo
1078 2991 1203 3023 slstema,
1229 2992 1339 3017 mentre
1395 2990 1449 3015 “se
1468 2990 1584 3022 legisset
1604 2990 1763 3014 meminerit
1772 3006 1796 3020 „.

439 3030 576 3062 Gnosius,
595 3031 656 3062 vn,
676 3037 720 3062 2ο,
742 3039 754 3057 ι
775 3030 816 3064 (ρ,
835 3033 900 3065 259)
918 3033 957 3058 ha
974 3038 1037 3066 947.
