2398 3470
153 238 231 264 Mun..
243 247 278 263 cc.
287 242 352 266 45-46

255 488 278 503 u.
293 488 313 503 e.
329 487 369 507 710

267 1076 287 1090 c.
302 1069 350 1095 63⁶

229 1338 307 1362 Mun„
322 1338 349 1363 46

395 230 443 266 42
977 224 1270 264 ROMUALDI
1298 223 1515 262 SALERN
1517 224 1668 263 1TAN1
1902 230 1989 268 [ΑΛ.
2002 240 2032 262 u.
2046 241 2070 262 e.
2085 233 2222 262 ’κο-736
2232 232 2255 270 ¹]

1238 380 1381 413 Orosius
1387 392 1398 413 .-

472 469 576 503 Anno
599 469 644 502 ab
667 468 766 503 Urbe
789 468 932 502 condita
955 467 1086 501 DCCX
1108 466 1296 500 interfecto
1319 465 1415 509 Julio
1439 465 1580 507 Cesare,
1603 466 1817 500 Octauianus
1840 467 2047 502 adolescens
2070 475 2171 502 natus
2194 481 2256 503 an-

389 535 450 557 nos
474 534 551 556 xvn
575 529 674 566 patre
698 522 846 556 Octauio
872 522 1041 555 Senatore
1065 520 1212 564 genituS‚
1236 525 1433 552 maternum
1456 529 1566 563 genus
1591 520 1635 553 ab
1659 520 1757 554 Enea
1773 531 1837 563 per
1852 520 1981 564 Juliam
1997 521 2167 556 familiam
2182 533 2256 557 sor-

388 578 481 618 titus,
504 577 644 610 Cesaris
666 586 786 619 nepoe,
810 586 912 619 quem
935 575 995 607 ille
1018 573 1217 607 testamenti
1240 573 1407 606 heredem
1429 573 1630 616 reliquerat,
1654 574 1829 617 idemque,
1853 575 1913 618 qui
1936 581 2057 618 postea
2078 575 2257 621 Augustus

387 637 439 664 est
462 629 585 670 dictus
609 635 644 662 et
666 640 781 662 rerum
805 629 936 672 potitus
959 628 1108 660 Romam
1131 626 1239 666 uenit,
1263 632 1300 659 et
1322 625 1453 659 Consul
1475 627 1630 660 indolem
1654 638 1751 661 suam
1774 627 1876 661 bellis
1900 628 2059 662 ciuilibus
2085 630 2195 670 uouit,
2217 636 2258 664 ut
2303 629 2322 664 5

387 684 496 717 occisi
519 684 722 727 sanguinem
745 682 909 714 auunculi
932 682 1129 715 uindicaret
1141 679 1163 712 ¹.
1211 680 1302 712 Nam
1326 679 1420 712 bella
1443 680 1596 725 quinque
1615 681 1731 714 ciuilia
1747 682 1866 725 gessit.
1912 682 2113 717 Mutinense
2131 684 2257 718 aduer-

385 748 442 770 sus
463 737 623 770 Marcum
645 736 845 769 Antonium.
891 735 1117 777 Philippense
1140 733 1308 767 aduersus
1331 731 1514 767 Brutumet
1543 734 1712 768 Cassium.
1759 735 1967 768 Perusinum
1995 737 2163 770 aduersus
2184 737 2257 771 Lu-

386 791 478 824 cium
500 790 700 824 Antonium.
746 788 896 822 Siculum
919 789 1087 821 aduersus
1111 787 1254 820 Sextum
1277 786 1483 831 Pompejum
1510 788 1602 821 Gnei
1631 787 1777 832 Pompei
1800 789 1918 823 filium.
1964 789 2172 824 Actiaticum
2195 792 2257 824 ad-

386 855 503 878 uersus
526 845 686 877 Marcum
709 842 894 875 Antonium
907 840 929 874 ³.
975 840 1167 874 Antonium
1191 851 1351 884 namque,
1377 841 1438 884 qui
1467 840 1588 874 Asiam
1619 848 1654 875 et
1684 842 1863 876 Orientem
1894 843 2051 885 tenebat,
2074 843 2259 888 repudiata

386 908 505 931 sorore
527 897 647 930 Cesari
671 895 865 935 Octauiani,
889 894 1110 937 Cleopatram
1134 893 1232 927 duxit
1254 904 1408 934 uxorem,
1432 905 1496 937 per
1519 905 1623 938 quam
1648 896 1813 939 cupiebat
1836 896 1871 929 in
1894 896 1981 930 urbe
2006 907 2170 942 regnare:
2194 898 2256 932 hic
2282 899 2323 932 10
2379 901 2386 916 ³

386 952 516 995 itaque,
539 950 726 993 Cleopatra
749 954 908 993 cogente,
932 949 1058 992 ingens
1081 947 1212 980 bellum
1235 947 1339 982 ciuile
1364 949 1570 982 commouit:
1595 949 1655 993 qui
1680 950 1794 983 uictus
1818 961 1838 983 a
1854 950 1983 985 Cesare
1999 952 2118 985 nauali
2138 962 2258 996 pugna

384 1004 612 1037 famosissima
635 1003 728 1046 apud
744 1001 886 1035 Actium
910 1002 982 1045 (qui
1005 1002 1102 1035 locus
1125 1002 1161 1034 in
1184 1002 1303 1046 Cypro
1327 1002 1403 1044 est),
1428 1002 1520 1047 fugit
1541 1003 1579 1036 in
1602 1003 1799 1048 Egyptum;
1825 1010 1861 1038 et
1877 1006 2069 1048 desperatis
2085 1005 2255 1047 omnibus,

387 1069 466 1091 cum
489 1068 608 1091 omnes
633 1057 678 1090 ad
701 1056 865 1089 Cesarem
889 1055 1120 1089 Octauianum
1144 1055 1341 1095 transirent,
1364 1056 1442 1099 ipse
1464 1066 1502 1089 se
1526 1056 1702 1090 interemit
1713 1056 1735 1090 ⁴.
1778 1058 1985 1101 Cleopatra'
2010 1065 2186 1099 exornata,
2203 1059 2255 1094 di-

384 1111 493 1144 uersis
516 1109 727 1144 ornamentis
750 1108 795 1142 ad
818 1108 983 1142 Cesarem
1006 1109 1112 1148 uenit,
1137 1119 1280 1152 sperans
1303 1108 1410 1148 illum,
1435 1110 1728 1152 quemadmodum
1745 1116 1883 1144 ceteros
1898 1122 1961 1144 sua
1976 1112 2095 1155 specie
2110 1112 2256 1147 illicere.

385 1165 458 1199 Sed
481 1164 540 1197 illa
562 1174 599 1197 se
622 1164 716 1196 intra
737 1162 940 1206 pudicitiam
965 1168 1158 1203 coarctans,
1182 1163 1229 1196 ad
1251 1162 1327 1207 ejus
1351 1162 1669 1206 concupiscentiam
1685 1164 1826 1198 minime
1842 1165 1989 1205 inflexit,
2006 1175 2084 1198 eam
2098 1176 2180 1200 mox
2195 1177 2257 1200 cu·
2282 1164 2322 1200 15
2372 1200 2376 1210 ,-

384 1218 504 1253 stodiri
526 1217 714 1250 mandauit.
763 1216 844 1255 Que
868 1217 1026 1250 custodia
1050 1217 1169 1260 elapsa
1191 1217 1228 1249 in
1250 1217 1405 1260 pretioso
1432 1217 1620 1260 sepulchro
1650 1219 1750 1263 juxta
1778 1218 1970 1253 Antonium
2001 1230 2038 1253 se
2069 1220 2258 1262 collocans,

384 1272 450 1306 sibi
475 1272 631 1315 aspidem
653 1270 804 1311 admisit,
828 1276 863 1303 et
885 1280 1020 1304 ueneno
1045 1270 1199 1304 extincta
1222 1277 1285 1304 est.
1331 1271 1491 1316 Egyptus
1513 1282 1579 1314 per
1601 1271 1826 1306 Ottauianum
1843 1273 1991 1316 imperio
2014 1274 2175 1308 Romano
2192 1275 2255 1308 ad-

384 1326 504 1370 juncta
527 1331 579 1358 est
591 1324 612 1357 ⁵.
659 1324 873 1357 Octauianus
896 1323 1013 1367 itaque
1038 1324 1200 1357 ciuilibus
1223 1324 1325 1357 bellis
1341 1330 1414 1358 toto
1431 1324 1516 1358 orbe
1541 1325 1726 1367 confectis,
1741 1326 1892 1360 Romam
1907 1326 2031 1361 rediit'
2048 1327 2256 1363 duodecimo

386 1390 488 1419 anno,
512 1389 580 1423 quo
604 1378 727 1412 consul
749 1378 881 1417 fuerat3
907 1383 1012 1421 atque
1036 1387 1081 1411 ex
1105 1389 1147 1411 eo
1169 1377 1424 1421 rempublicam
1448 1388 1512 1422 per
1535 1379 1768 1423 quadraginta
1790 1386 1825 1413 et
1848 1391 1907 1413 1111
1929 1391 2040 1415 annos
2055 1381 2150 1415 solus
2165 1381 2257 1425 opti-

383 1434 470 1467 nuit.
514 1432 549 1465 A
570 1442 641 1476 quo
664 1437 821 1474 tempore
845 1431 986 1474 quidam
1010 1430 1159 1474 primum
1182 1442 1311 1464 annum
1334 1431 1487 1476 Augusti
1510 1432 1712 1466 monarchie
1735 1440 1936 1477 supputant.
1981 1434 2144 1479 Denique
2175 1445 2255 1468 cum
2278 1435 2322 1469 20
2370 1467 2372 1470 .

384 1488 428 1520 de
451 1486 596 1519 Oriente
620 1495 700 1517 cum
722 1484 881 1517 maximis
904 1483 1039 1528 opibu3‚
1070 1490 1106 1518 et
1136 1485 1365 1528 pecuniarum
1397 1484 1612 1519 abundantia
1641 1486 1757 1520 uictor
1786 1498 1949 1520 reuersus
1971 1493 2034 1528 est,
2064 1487 2257 1532 urbemque

381 1540 515 1584 triplici
537 1539 712 1582 triumpho
734 1539 920 1583 ingressus,
943 1544 1027 1571 tunc
1049 1539 1198 1581 primum
1221 1538 1411 1583 AugustuS,
1436 1549 1478 1573 eo
1503 1540 1598 1584 quod
1620 1540 1874 1584 rempublicam
1899 1541 2044 1581 auxerit,
2060 1542 2256 1576 consaluta-

383 1600 438 1627 tus
455 1599 522 1626 est:
546 1598 650 1636 atque
667 1603 710 1624 ex
725 1598 808 1625 tunc
825 1603 990 1625 summam
1006 1598 1214 1636 potestatem
1231 1603 1335 1636 quam
1352 1593 1460 1626 Greci
1477 1594 1715 1627 monarchiam
1730 1600 1861 1628 uocant
1876 1595 2026 1638 adeptus
2039 1593 2119 1629 θεῖ’.
2150 1595 2258 1630 Nullo

384 1647 516 1690 quippe
538 1656 689 1689 unquam
711 1651 871 1689 tempore
894 1651 973 1679 ante
990 1646 1155 1679 Cesar-em
1178 1656 1322 1679 romana
1338 1657 1393 1679 res
1410 1652 1479 1679 tam
1497 1647 1661 1681 effloruit:
1686 1658 1767 1681 nam
1783 1649 1940 1691 exceptis
1960 1648 2123 1682 ciuilibus
2144 1648 2258 1690 bellis,

381 1700 417 1732 in
440 1699 565 1744 quibus
587 1699 740 1732 inuictus
763 1700 843 1740 fuit,
867 1699 1026 1732 Romano
1051 1699 1181 1743 adjecit
1203 1699 1350 1743 imperio
1374 1700 1564 1744 Egyptum,
1588 1700 1739 1746 Syriam,
1756 1708 1861 1745 atque
1877 1702 2036 1746 Lybiam,
2053 1702 2257 1736 Musulanos
2279 1701 2322 1736 25

383 1764 531 1798 quoque,
555 1759 590 1786 et
614 1753 767 1791 Getulos,
792 1753 1020 1797 Hyspaniam,
1044 1753 1282 1797 Aquitaniam,
1306 1754 1463 1794 Retiam,
1483 1754 1705 1794 Dalmatiam,
1729 1765 1813 1799 sepe
1829 1761 1910 1789 ante
1927 1756 2068 1796 uictam,
2084 1756 2147 1790 sed
2163 1766 2256 1790 nunc

334 1824 348 1838 a
385 1807 531 1851 pe'nitus
554 1806 743 1846 subactam,
768 1807 1014 1846 Guandalicos‚
1039 1814 1074 1840 et
1097 1807 1271 1847 Talassos,
1295 1818 1485 1851 omnesque
1508 1807 1613 1841 Ponti
1637 1809 1827 1842 maritimas
1852 1809 2020 1850 ciuitates,
2037 1809 2257 1854 Bosphorum

382 1871 530 1905 quoque,
553 1867 588 1894 et
609 1860 713 1893 Ponti
737 1860 1011 1904 Cappadociam,
1035 1861 1188 1901 Rodum,
1206 1861 1445 1905 Siciliamque,
1461 1861 1676 1902 Armeniam,
1694 1868 1729 1896 et
1744 1862 1932 1903 Parthiam,
1949 1869 2053 1908 atque
2070 1863 2255 1904 Galatiam,

383 1915 507 1954 Scithi‚
531 1921 566 1948 et
588 1914 678 1954 Indi,
702 1914 825 1957 quibus
856 1924 936 1948 ante
968 1915 1207 1948 Romanorum
1230 1925 1360 1948 nomen
1390 1915 1605 1960 incognitum
1635 1916 1761 1957 fuerat,
1792 1928 1948 1958 munera,
1980 1923 2016 1951 et
2046 1917 2178 1962 legatos
2207 1918 2255 1951 ad

383 1979 460 2002 eum
475 1968 651 2007 miserunt,
667 1968 942 2012 refuderuntque
958 1968 993 2001 in
1010 1968 1175 2002 Cesarem
1198 1968 1395 2003 Alexandri
1419 1968 1543 2014 Magni
1559 1969 1706 2014 gloriam
1714 1969 1736 2003 ⁷.
1772 1970 1906 2010 Norici,
1923 1970 2056 2012 Illirici,
2071 1970 2255 2011 Pannonii,
2278 1972 2322 2005 30
2363 1975 2364 1978 ’

381 2023 517 2062 Moesii,
541 2022 708 2061 Thraces,
731 2022 830 2063 Daci,
854 2022 1023 2062 Sarmate‚
1046 2022 1271 2066 plurimique,
1295 2029 1331 2056 et
1354 2024 1493 2056 maximi
1522 2023 1711 2057 Germanie
1727 2024 1849 2067 populi
1863 2024 1954 2058 ultra
1968 2024 2119 2065 Renum,
2135 2025 2256 2058 Danu-

381 2076 544 2119 biumque
568 2075 719 2118 superati
743 2075 787 2109 ab
803 2086 856 2116 eo,
873 2075 930 2109 uel
953 2077 1064 2119 pressi
1088 2082 1177 2110 sunt.
1215 2076 1405 2120 Susipetes‚
1421 2077 1598 2110 Theteros
1610 2076 1633 2118 ⁸,
1651 2077 1807 2117 Chattos,
1823 2077 2104 2118 Marcomannos,
2119 2078 2256 2112 Cheru-

382 2139 471 2162 scos.
509 2128 666 2162 Seueuos
678 2127 690 2145 ⁹
713 2134 748 2162 et
771 2128 973 2174 Sigambros
996 2140 1120 2172 aspero
1136 2129 1229 2164 bello
1245 2131 1446 2174 perdomuit
1460 2129 1493 2164 ¹⁰.
1537 2131 1629 2164 Toto
1645 2130 1753 2175 igitur
1769 2130 1853 2164 orbe
1869 2131 1959 2176 Urbi
1974 2131 2130 2171 subacto,
2146 2131 2256 2166 Cesar

380 2182 558 2227 Augustus
580 2194 687 2216 ouans
710 2183 831 2216 urbem
854 2184 1030 2227 ingressus
1053 2184 1171 2217 omnia
1194 2185 1374 2227 superiora
1395 2185 1518 2228 populi
1541 2184 1693 2218 Romani
1718 2184 1836 2219 debita
1859 2177 2034 2225 donanda,
2050 2185 2254 2220 lieterarum

383 2237 486 2270 etiam
509 2237 728 2270 monimentis
744 2237 883 2270 abolitis
900 2237 1044 2271 censuit.
1090 2237 1232 2271 Domini
1255 2238 1527 2282 appellationem
1544 2244 1583 2272 ut
1599 2239 1702 2272 homo
1719 2239 1920 2272 declinauit.
1959 2239 2000 2272 In
2023 2239 2108 2283 ipsis
2130 2239 2256 2274 diebus
2276 2239 2319 2274 35
2353 2246 2355 2248 “
2381 2243 2382 2246 ’

380 2291 460 2324 fons
483 2291 552 2324 olei
575 2291 787 2334 largissimus
803 2292 848 2325 de
871 2291 1018 2325 taberna
1040 2292 1221 2325 meritoria
1243 2303 1307 2335 per
1330 2298 1437 2326 totam
1463 2292 1556 2326 diem
1571 2292 1678 2326 fluxit.
1717 2293 1814 2326 Hora
1829 2303 1969 2337 quoque
1987 2293 2128 2327 circiter
2150 2294 2254 2328 tertia
2274 2288 2277 2291 ⁴

380 2349 525 2387 repente
549 2344 693 2388 liquido,
710 2355 751 2378 ac
773 2355 861 2388 puro
886 2355 1081 2390 serenoque
1097 2345 1156 2378 die
1174 2345 1327 2379 circulus
1345 2346 1392 2380 ad
1414 2346 1567 2390 speciem
1585 2346 1723 2380 celestis
1747 2357 1849 2380 arcus
1873 2346 1993 2380 orbem
2009 2347 2092 2381 solis
2115 2347 2205 2382 adiit
2216 2347 2252 2382 ²¹.

471 2464 496 2490 3.
515 2458 616 2483 Abena
633 2458 658 2482 Α
671 2471 683 2476 -
695 2458 769 2484 Iulia
793 2458 860 2483 0-
875 2463 900 2490 5.
919 2458 1045 2484 Consule
1067 2458 1112 2483 C·
1131 2458 1242 2484 cluibus
1261 2459 1286 2484 Α
1302 2472 1333 2478 -
1346 2457 1373 2484 6.
1392 2459 1531 2492 sangulne
1554 2459 1620 2484 G—
1635 2459 1660 2486 8.
1675 2459 1836 2485 Attaticum
1854 2460 1882 2484 B
1895 2459 1931 2489 C,-
1955 2458 2079 2485 Orosius.-
2099 2460 2251 2486 Actiacum
2294 2471 2297 2475 ·
2354 2461 2356 2465 '

382 2511 415 2518 --
437 2505 479 2525 12.
497 2500 575 2525 solus
592 2500 617 2524 A
632 2514 665 2518 —
682 2506 722 2533 13.
742 2499 893 2534 Cleopatra
917 2501 940 2525 C
951 2515 984 2520 —
1001 2507 1040 2533 15.
1055 2502 1098 2526 set
1122 2501 1166 2525 C·
1179 2501 1355 2534 pudiciciam
1373 2501 1400 2525 B
1414 2501 1437 2526 C
1452 2514 1463 2520 -
1481 2502 1633 2527 coarctans
1657 2502 1680 2526 C
1691 2515 1723 2520 —
1747 2501 1789 2527 16.
1803 2503 1933 2536 precioso
1951 2503 1978 2526 B
1990 2502 2014 2527 C
2030 2515 2065 2521 —
2084 2509 2128 2529 21.
2141 2501 2251 2528 habun-

381 2542 482 2567 daneta
504 2542 527 2566 C
544 2556 576 2560 —
597 2549 639 2576 24.
659 2550 804 2568 romanam
823 2551 882 2568 rem
905 2543 928 2568 C
944 2556 956 2562 ··
974 2551 1060 2576 quam
1079 2544 1201 2576 ecceptis
1224 2543 1248 2568 C
1258 2557 1270 2563 -
1282 2543 1392 2569 cluibus
1416 2543 1440 2568 C
1456 2557 1490 2563 —-
1510 2543 1552 2569 26.
1566 2544 1750 2577 Equitaniam
1770 2545 1795 2570 A
1813 2557 1827 2565 -
1844 2545 1966 2571 Rnciam
1989 2545 2013 2570 C
2029 2558 2042 2564 -
2061 2545 2250 2571 Dalmaticum

386 2584 409 2608 C
425 2599 458 2603 —
479 2590 520 2617 27.
539 2585 691 2610 Bossorum
715 2585 738 2609 C
754 2599 787 2604 —
807 2586 850 2612 28.
871 2585 1063 2619 Capadociam
1087 2587 1110 2611 C
1121 2600 1154 2605 -
1168 2593 1210 2620 29.
1224 2586 1300 2612 sithi
1318 2587 1344 2610 B
1358 2586 1382 2611 C
1391 2600 1425 2606 —-
1439 2592 1483 2619 30.
1497 2586 1594 2612 Illlrlcl
1608 2586 1667 2619 (stc)
1692 2587 1731 2616 C,-
1754 2586 1861 2613 Orosio:
1881 2587 1986 2622 Illyrici
2000 2601 2034 2606 —
2048 2595 2093 2621 3¹.
2111 2587 2251 2621 anpnu-

339 2632 353 2659 5
382 2627 464 2652 nonii
484 2626 541 2659 (sic)
565 2627 588 2651 C
610 2641 644 2646 -·
669 2634 712 2659 31.
733 2628 837 2653 Traces
855 2628 918 2652 BC
934 2641 945 2647 -
964 2629 1090 2654 Semsrte
1114 2629 1137 2653 C
1163 2642 1197 2648 —
1225 2634 1270 2661 32.
1287 2629 1449 2663 Susclpetes
1473 2629 1510 2658 C,-
1533 2628 1640 2654 Oro-vio.-
1660 2630 1810 2664 Ursipetes
1837 2643 1870 2649 —
1899 2636 1942 2663 33.
1966 2630 1990 2655 C
2005 2631 2037 2656 dn·
2054 2631 2149 2663 prima
2172 2636 2250 2655 mano

382 2668 504 2701 ubactos,
515 2667 556 2699 fu
574 2672 683 2702 espunta
703 2669 730 2694 la
749 2677 762 2695 s
781 2683 814 2688 —
834 2674 877 2702 35.
896 2671 1094 2704 appellacIone
1113 2671 1140 2695 B
1153 2670 1176 2695 C
1193 2684 1227 2689 —
1241 2670 1284 2703 36.
1304 2672 1398 2697 totum
1422 2671 1445 2695 C
1460 2684 1472 2691 -
1491 2671 1583 2697 tercia
1601 2671 1629 2696 B
1641 2671 1666 2696 C

470 2753 478 2771 ¹
498 2755 545 2781 Gn
563 2757 633 2782 anni
646 2756 669 2782 11
688 2764 785 2790 pongo
798 2757 923 2782 secondo
938 2757 1076 2788 answs,
1090 2758 1139 2790 VI,
1155 2764 1189 2783 20
1212 2766 1227 2784 e
1242 2764 1283 2789 21,
1428 2756 1440 2774 ⁵
1458 2758 1544 2791 Imm,
1565 2758 1615 2791 VI,
1636 2759 1678 2790 18,
1701 2759 1784 2786 16-18
1804 2759 1845 2794 (p.
1865 2759 1938 2792 225).
2351 2792 2354 2795 v

382 2797 423 2832 (p.
443 2797 579 2832 226-229).
1429 2799 1441 2817 ⁰
1459 2801 1559 2834 Ioum,
1578 2802 1628 2833 VI,
1646 2809 1690 2834 20,
1718 2810 1772 2828 1-2.
1856 2824 1859 2825 ν
2280 2803 2311 2832 ¹5
2348 2795 2367 2838 ³„
2382 2820 2388 2836 ¹.

470 2838 482 2856 2
501 2840 637 2872 Onosms,
655 2841 704 2873 VI,
726 2842 765 2872 18,
787 2849 810 2873 1,
830 2841 898 2876 pero
918 2850 976 2868 non
995 2840 1009 2867 ὲ
1028 2842 1190 2876 riprodotto
1203 2843 1284 2869 lette·
1429 2841 1440 2860 ⁷
1459 2843 1554 2877 Imm„
1574 2844 1623 2875 VI,
1643 2851 1723 2870 20-21
1745 2846 1776 2870 lu
1798 2847 1894 2872 sunto.
2364 2838 2392 2858 ¹¹*

325 2879 357 2900 10
382 2883 526 2908 ralmente.
552 2890 571 2907 n
589 2884 636 2915 qul
648 2883 685 2908 ha
698 2884 815 2918 coplato
829 2885 914 2910 molte
928 2884 1000 2910 frasi
1019 2885 1092 2911 dalla
1106 2886 1175 2910 Hm.
1195 2885 1284 2915 Mx'sc„
1429 2883 1441 2902 ⁸
1459 2885 1557 2917 Imm„
1576 2886 1625 2918 VI,
1647 2893 1687 2918 21,
1712 2892 1793 2920 14-15
1816 2886 1953 2912 Tencteros
1972 2886 2030 2921 (pp.
2053 2885 2193 2921 226-229).

383 2924 460 2955 VIII,
481 2932 493 2950 1
515 2924 555 2956 (p.
574 2924 629 2956 62).
1428 2926 1440 2943 ⁹
1459 2927 1547 2959 Ioum,
1567 2928 1673 2954 Suebos.
2342 2961 2346 2964 NJ

470 2964 482 2981 ³
501 2966 587 2996 Insa,
607 2966 654 2999 VI,
678 2967 719 2998 18,
740 2975 754 2992 2
774 2976 789 2993 e
809 2974 824 2999 3
844 2969 963 2995 suntati.
1421 2968 1443 2986 ¹⁰
1462 2970 1551 3002 Insu,
1571 2970 1620 3002 VI,
1642 2977 1685 3002 21,
1707 2975 1798 3003 12-17.
2376 2965 2393 3006 ἦ

471 3006 484 3023 ⁴
503 3008 651 3035 Paruimus
664 3010 683 3034 ll
697 3017 758 3044 cap.
769 3010 844 3041 XIX,
856 3010 928 3044 §4-7
938 3011 984 3037 del
996 3011 1069 3037 libro
1080 3012 1119 3037 VI
1129 3011 1160 3037 dl
1171 3012 1284 3039 Oroslo.
1420 3010 1440 3029 ¹¹
1463 3013 1600 3045 Onosxus,
1620 3014 1668 3045 VI,
1689 3019 1732 3045 20,
1753 3018 1777 3045 5,
1798 3013 1875 3039 dlce=
1895 3014 2006 3040 ambiit.
2277 3018 2313 3040 20
2340 2989 2362 3049 ἓ
2376 3001 2388 3019 ’Ἴ
