2398 3470
186 213 398 237 Mu-.‚ee.1n-m
431 202 502 239 112
1197 206 1513 244 CHRONICON
1967 215 2052 250 [ΛΑ.
2070 215 2106 245 c.
2124 215 2281 250 sls-sao]

419 345 457 367 os
481 334 678 368 Guthranni
702 336 795 379 regis
817 335 1007 379 ingressum
1031 342 1092 370 est.
1138 336 1183 369 Et
1206 347 1350 381 surgens
1372 348 1433 370 rex
1455 344 1490 371 et
1513 338 1675 371 familiari
1706 349 1850 372 narrans
1877 340 2045 373 somnium
2067 340 2224 373 mirabile
2246 351 2282 373 se

419 387 565 420 uidisse:
596 390 611 406 “
624 389 801 432 conspexi,
824 390 947 434 inquit,
971 390 1113 422 fluuium
1130 400 1192 433 per
1208 390 1393 423 maximum
1416 398 1557 433 pontem
1575 393 1728 425 ferreum
1752 398 1974 433 constratum,
1990 404 2054 436 per
2070 404 2173 437 quem
2189 399 2283 427 tran-

424 442 439 458 “
452 447 602 480 suectus,
627 447 662 475 et
685 442 886 485 speluncam
911 443 1089 486 cujusdam
1106 443 1233 476 montis
1249 443 1370 476 radice
1395 445 1616 478 constitutam
1632 446 1818 490 ingressus,
1833 446 1922 479 inibi
1937 445 2184 480 inestimabiles
2205 447 2283 480 the-

425 495 571 528 “sauros
593 496 735 538 repperi
760 495 1025 536 absconditos„:
1050 497 1160 529 refert
1191 497 1279 530 alter
1310 497 1354 530 de
1378 508 1420 531 eo
1444 498 1529 541 quid
1553 505 1588 531 et
1617 498 1693 542 ipse
1723 499 1865 533 intuitus
1895 500 1948 539 sit,
1972 510 2194 543 consonaque
2218 499 2284 533 sibi

299 563 319 577 c.
335 556 398 580 ωσι
421 554 658 590 apparuerunt
673 549 820 592 sompnii
837 549 956 590 uerba,
973 560 1015 583 ac
1031 550 1118 583 uisio
1134 549 1337 583 manifesta!
1378 551 1476 590 Quid
1492 551 1615 594 plura?
1633 552 1921 586 conuenientibus
1936 553 2051 592 sociis,
2068 553 2216 586 effossus
2233 559 2284 586 est
2330 553 2348 585 5

417 600 526 641 locus,
550 602 786 647 maximusque
809 603 885 635 auri
901 614 943 636 ac
960 603 1096 647 argenti
1112 604 1274 637 inuentus
1290 610 1342 637 est
1359 605 1539 638 thesaurus
1562 612 1719 638 ueterum
1742 612 1890 649 patrum,
1914 606 1958 640 de
1975 617 2044 650 quo
2061 606 2284 640 Guthrannus

418 653 590 687 ciborium
606 655 692 689 mire
709 657 957 701 magnitudinis
981 657 1080 690 simul
1098 664 1132 690 et
1151 657 1423 700 pulchritudinis
1447 665 1677 702 compactum,
1702 661 1898 702 sepulcrum
1918 659 2039 694 Sancti
2061 659 2224 693 Marcelli
2245 659 2283 692 in

418 707 577 747 Basilica,
602 720 670 752 que
694 709 934 743 Cabillonensi
966 710 1103 754 adjacet
1134 711 1282 749 ciuitati3
1314 712 1410 754 apud
1434 712 1655 746 Condensem
1678 713 1760 756 poni
1788 713 1896 757 jussit.
1943 713 2144 756 Chilperico
2168 718 2282 746 autem

416 761 630 795 Francorum
661 764 735 807 regi
769 769 866 797 erant
889 763 950 796 filii
981 764 1262 804 Theodebertus,
1293 764 1489 804 Meroueus,
1514 772 1548 799 et
1571 766 1787 805 Clodoueus3
1819 765 2097 806 Theodebertus,
2126 772 2239 800 autem
2262 777 2283 799 a

417 814 603 858 Sigeberto
626 818 735 850 fratre
760 827 822 850 suo
847 823 898 850 est
927 818 1164 859 interemptus.
1213 817 1436 861 Chilpericus
1466 830 1550 852 uero
1572 820 1749 854 interemit
1780 820 2006 865 Sigibertum,
2038 820 2096 863 qui
2122 819 2283 864 regnauit
2309 819 2349 852 10
2370 806 2371 809 Ἴ

300 908 304 912 .
418 866 518 899 annis
540 868 804 911 quatuordecim
816 866 841 902 '¹.

253 909 322 928 Felzx
332 910 394 934 papa

237 935 263 965 ,ψ
277 941 299 966 q.
314 935 340 956 c.
355 941 395 961 530
506 920 675 954 Preterea
698 921 812 955 Rome
836 929 915 965 post
939 921 1095 955 Felicem
1125 933 1253 965 papam
1277 923 1482 956 Bonifacius
1514 925 1652 958 natione
1683 925 1876 964 Romanus,
1901 937 1944 958 ex
1966 931 2064 968 patre
2096 924 2279 969 sigibuldo

179 961 391 1015 ⁸⁰2¹,s“‹}}¹⁴}³¹0¹.ss2·
415 973 595 1012 ordinatur
618 975 654 1007 in
671 975 884 1019 episcopatu,
902 986 982 1008 cum
999 986 1068 1019 quo
1084 976 1146 1009 sub
1162 976 1357 1009 intentione
1380 977 1569 1011 Dioscorus
1592 979 1783 1019 ordinatur,
1802 979 1935 1022 fuitque
1961 978 2132 1012 dissensio
2154 988 2283 1022 magna

407 1026 452 1070 'in
475 1027 579 1066 clero,
596 1034 631 1060 et
653 1029 796 1071 populo,
820 1028 894 1069 sed,
918 1029 976 1061 dei
991 1029 1135 1074 judicio,
1161 1030 1329 1063 defuncto
1353 1031 1535 1071 Dioscoro,
1559 1031 1762 1066 Bonifacius
1777 1033 1811 1065 in
1835 1033 1919 1066 sede
1936 1032 2166 1065 constituitur.
2211 1030 2282 1064 Hic
2368 1068 2370 1070 v

416 1080 606 1122 constituit,
629 1087 668 1115 ut
692 1082 818 1115 electio
842 1083 995 1115 Romani
1019 1083 1194 1125 pontificis
1217 1093 1286 1115 non
1310 1083 1419 1124 fieret,
1443 1084 1508 1117 nisi
1533 1091 1611 1128 post
1633 1085 1776 1119 tertium
1799 1086 1893 1119 diem
1917 1085 2143 1128 depositionis
2171 1084 2245 1118 eius
2256 1082 2281 1123 ¹,
2309 1082 2346 1116 15

394 1176 398 1180 .
417 1139 452 1166 et
466 1140 504 1167 ut
519 1135 633 1168 nullus
649 1136 836 1179 episcopus
851 1146 1085 1170 successorem
1108 1136 1172 1170 sibi
1189 1137 1377 1170 ordinaret.
1424 1138 1470 1171 Et
1492 1139 1551 1172 hic
1566 1138 1720 1182 sepultus
1743 1145 1795 1172 est
1810 1139 1847 1172 in
1871 1139 2022 1172 ecclesia
2037 1138 2131 1172 beati
2146 1137 2244 1171 Petri
2256 1135 2280 1170 ⁸.

176 1175 396 1223 sff‘fffffferssss}
507 1187 575 1221 Cui
596 1190 765 1223 suecessit
787 1190 976 1234 JohanneS‚
1001 1191 1060 1234 qui
1084 1196 1119 1223 et
1142 1189 1349 1229 Mercurius,
1367 1192 1507 1225 natione
1523 1192 1714 1233 Romanus,
1739 1203 1783 1226 ex
1805 1199 1903 1236 patre
1927 1192 2104 1237 Projecto‚
2118 1191 2279 1235 seditque

230 1229 290 1250 ¹¹'c'
305 1235 396 1256 ⁵³³'⁵³⁵
420 1241 520 1274 annis
542 1252 582 1280 11,
606 1254 651 1276 m.
675 1253 716 1276 ιν
739 1244 786 1286 [d.
810 1245 862 1286 vt]
874 1243 898 1276 ⁴.
1174 1277 1177 1279 .

504 1295 609 1330 Anno
632 1297 773 1330 Domini
796 1297 988 1331 DXXVIII
1012 1297 1227 1341 justinianus
1242 1298 1368 1341 Justini
1385 1309 1495 1341 nepos
1518 1309 1562 1331 ex
1585 1309 1704 1333 sorore
1728 1300 1968 1333 Romanorum
1991 1299 2278 1343 quadragesimus

292 1363 313 1378 c.
329 1361 394 1383 ¹s7a
416 1359 529 1382 nonus
551 1350 780 1394 Augustalem
803 1351 968 1394 adeptus'
994 1357 1046 1384 est
1061 1351 1309 1394 principatum.
1355 1352 1421 1385 Hic
1438 1358 1474 1385 et
1496 1352 1589 1385 bella
1611 1363 1779 1396 prospere
1802 1363 1867 1396 per
1889 1354 1999 1387 duces
2021 1363 2112 1393 suos,
2128 1351 2279 1385 maxime
2301 1352 2346 1384 20
2365 1386 2367 1389 ,

358 1419 360 1422 >
405 1407 479 1445 ‘per
500 1403 717 1443 Belisarium,
742 1404 858 1447 gessit,
883 1410 918 1437 et
941 1404 977 1437 in
1002 1405 1114 1438 causis
1139 1404 1301 1437 ciuilibus
1331 1406 1650 1450 componendisque
1683 1406 1816 1450 legibus
1846 1406 2013 1440 mirabilis
2037 1405 2165 1443 extitit3
2198 1416 2277 1438 nam

414 1466 480 1499 per
501 1456 707 1490 Belisarium
723 1457 908 1500 patricium
923 1457 1048 1491 Persas
1064 1457 1204 1491 fortiter
1220 1458 1356 1492 deuicit
1368 1458 1390 1491 ⁵.
1437 1459 1509 1499 Qui
1525 1465 1647 1502 postea
1662 1459 1696 1492 in
1712 1458 1872 1492 Africam
1889 1460 1932 1494 ab
1949 1460 2071 1494 eodem
2085 1459 2280 1504 justiniano

417 1506 548 1546 missus,
573 1507 824 1541 Wandalorum
848 1514 989 1553 gentem
1006 1520 1114 1552 usque
1132 1509 1177 1541 ad
1193 1509 1456 1543 internicionem
1483 1511 1623 1550 deleuit,
1648 1517 1751 1554 capto
1777 1511 1970 1544 Gelismero
1994 1521 2112 1544 eorum
2133 1520 2230 1562 rege,
2245 1514 2280 1543 et

416 1560 753 1605 Constantinopolim
778 1562 825 1595 ad
846 1563 1095 1606 imperatorem
1117 1563 1219 1596 misso
1231 1562 1254 1596 ⁶.
1303 1561 1552 1608 Carthaginem
1575 1574 1726 1608 quoque,
1743 1575 1785 1598 ac
1809 1570 1916 1598 totam
1938 1564 2098 1597 Africam
2117 1563 2280 1598 Romano

412 1612 563 1645 restituit
585 1612 732 1656 imperio
755 1619 836 1657 post
859 1624 969 1647 annos
991 1614 1183 1658 nonaginta
1206 1625 1268 1648 sex
1290 1614 1495 1648 excissionis
1518 1625 1591 1648 sue.
2303 1613 2346 1646 25

203 1655 396 1735 ΑΞΞΞἜΣΞΞ
501 1664 550 1699 At
572 1676 658 1699 uero
682 1667 796 1700 Rome
819 1667 979 1711 Johanne
1003 1678 1095 1710 papa
1118 1667 1298 1707 defuncto,
1322 1667 1497 1711 Agapitus
1527 1669 1670 1702 natione
1694 1670 1875 1703 Romanus
1903 1680 1947 1702 ex
1969 1675 2069 1712 patre
2098 1668 2278 1703 Gordiano

292 1715 319 1729 us

225 1741 246 1756 a,
262 1736 289 1756 c.
305 1737 395 1762 sss-⁵³⁶
418 1718 625 1764 presbytero
648 1720 797 1754 ecclesie
821 1726 1018 1754 sanctorum
1043 1720 1212 1763 Johannis
1235 1726 1271 1754 et
1293 1720 1407 1762 Pauli,
1429 1722 1633 1755 cathedram
1666 1722 1903 1766 pontificalem
1926 1722 2089 1766 suscepit,
2119 1721 2280 1765 seditque

415 1772 592 1805 mensibus
616 1782 654 1805 Χῐ
668 1772 691 1806 ².

504 1824 643 1858 Interea
667 1825 870 1858 Theodatus
894 1825 1088 1858 Gothorum
1111 1836 1174 1858 rex
1197 1826 1352 1860 sentiens
1367 1836 1404 1859 se
1420 1825 1584 1860 infestum
1601 1827 1729 1860 habere
1745 1827 1978 1871 Justinianum
1993 1817 2198 1870 principem,
2214 1835 2280 1869 pro

415 1887 458 1910 eo
482 1878 579 1922 quod
601 1884 749 1911 matrem
771 1877 979 1912 Athanarici
995 1879 1086 1923 regis
1102 1878 1319 1922 strangulare
1335 1885 1556 1923 preceperat,
1582 1886 1617 1913 et
1640 1879 1735 1924 quod
1757 1881 1901 1913 multum
1918 1880 2052 1913 Italiam
2067 1884 2243 1923 premeret
2253 1876 2277 1918 ⁸,
2301 1874 2345 1911 30

420 1932 434 1948 ‘⁴
447 1930 588 1964 beatum
611 1942 739 1974 papam
762 1930 955 1976 Agapitum
980 1931 1320 1975 Constantinopolim
1345 1933 1478 1977 dirigit,
1495 1939 1666 1977 quatenus
1688 1934 1720 1966 ei
1743 1934 1837 1977 apud
1860 1934 2092 1978 justinianum
2115 1931 2202 1965 facti
2217 1931 2281 1964 im—

420 1984 637 2028 “punitatem
659 1984 871 2028 impetraret.
921 1984 994 2023 Qui
1023 1991 1164 2018 sanctus
1192 1986 1362 2028 pontifex,
1388 1987 1471 2019 dum
1500 1987 1734 2031 justinianum
1766 1987 1963 2030 principem
1997 1986 2154 2025 adiisset,
2185 1986 2282 2018 facta

419 2039 527 2071 “cum
549 2047 592 2071 eo
616 2038 661 2071 de
683 2038 882 2083 integritate
905 2039 988 2072 fidei
1011 2039 1239 2072 conlocutione
1251 2037 1274 2079 ⁹,
1297 2039 1455 2083 repperit
1479 2051 1556 2073 eum
1579 2041 1617 2073 in
1639 2040 1870 2085 Euthychetis
1892 2040 2039 2074 heresim
2052 2037 2074 2056 ¹⁰
2099 2038 2279 2077 corruisse,

504 2145 527 2163 2.
548 2140 708 2172 ingressum
730 2139 754 2164 C
770 2152 779 2157 -
798 2139 947 2172 Exurgens
965 2138 1025 2163 AB
1044 2152 1054 2158 -
1075 2139 1207 2164 mirabile
1225 2147 1318 2165 mnea
1335 2140 1366 2165 in
1384 2140 1444 2165 AB
1458 2154 1490 2158 —
1512 2148 1535 2173 3.
1549 2141 1697 2166 cuiusdam
1716 2141 1812 2165 radice
1831 2140 1939 2165 montis
1958 2140 2102 2173 Ingressus
2119 2138 2143 2163 C
2153 2151 2186 2157 —
2199 2145 2224 2171 4.
2238 2144 2278 2162 re-

414 2182 475 2214 peri
494 2181 519 2205 A
533 2181 559 2205 B
579 2194 611 2199 —
632 2187 655 2214 5.
675 2183 769 2207 somni
789 2181 816 2205 B
834 2195 867 2200 —
889 2188 912 2215 7.
933 2181 1004 2206 mire
1028 2189 1123 2206 manca
1141 2183 1171 2207 tn
1193 2181 1218 2206 C
1236 2195 1268 2200 -—
1292 2189 1332 2207 10.
1351 2182 1510 2216 intemptus
1532 2182 1556 2207 C
1578 2197 1611 2202 —-
1638 2189 1678 2208 12.
1698 2182 1850 2216 sigibaldo
1869 2182 1893 2207 A
1905 2182 1949 2210 B,·
1966 2181 1996 2207 L.
2022 2181 2052 2207 P.
2072 2179 2227 2214 Slglbuldo.
2245 2192 2278 2198 —

417 2231 456 2256 13.
477 2224 665 2249 contentione
682 2224 707 2249 A
717 2224 744 2248 B
750 2234 762 2253 ,·
773 2224 804 2249 L.
817 2224 847 2250 P.
867 2224 1033 2249 Intentione
1052 2237 1084 2242 -
1108 2231 1147 2257 19.
1161 2225 1250 2249 Anno
1269 2225 1391 2250 Domini
1410 2225 1532 2250 DXVIII
1543 2225 1568 2250 A
1581 2225 1622 2254 C,-
1641 2225 1772 2251 PAULusz
1792 2225 2024 2258 quingentesimo
2042 2223 2181 2249 viceslmo
2199 2229 2278 2248 nono

415 2279 448 2285 —-
471 2273 557 2299 19-20.
577 2272 686 2291 vann
708 2266 732 2291 C
748 2279 781 2286 -—
801 2273 843 2291 20.
863 2266 1035 2299 dignitalem
1054 2267 1250 2300 principatum
1266 2267 1290 2291 0
1305 2281 1338 2286 --
1352 2274 1394 2292 21.
1414 2267 1551 2292 mirificus
1567 2268 1668 2293 extitit
1684 2267 1707 2292 C
1724 2282 1756 2286 -
1777 2274 1819 2292 22.
1834 2267 2016 2292 Bellisarium
2033 2265 2056 2290 C
2071 2273 2106 2285 ·-
2125 2272 2167 2298 23.
2181 2263 2278 2291 Gusn-

368 2314 381 2341 5
411 2308 541 2334 dalorum
566 2308 589 2333 C
605 2322 616 2327 —
636 2309 833 2334 internecione
850 2309 911 2333 AB
924 2322 957 2327 -—
972 2315 1014 2341 24.
1034 2308 1220 2342 Cartaginem
1240 2309 1301 2334 BC
1318 2324 1349 2328 —
1371 2316 1412 2342 25.
1432 2310 1590 2336 exclsionls
1606 2310 1667 2335 AB
1686 2324 1718 2328 —
1740 2315 1780 2343 27.
1802 2310 1895 2335 sancti
1910 2309 2032 2342 Joannis
2052 2310 2080 2334 et
2098 2308 2184 2334 Pauli
2200 2307 2278 2332 Sam

415 2362 448 2368 —
467 2357 510 2384 ²9·
529 2350 729 2376 Theodahatus
742 2351 804 2375 AB
822 2364 854 2369 -
875 2358 916 2383 33.
936 2351 1076 2376 Euticetis
1100 2350 1123 2375 C

505 2436 514 2454 ¹
536 2437 713 2463 szooxuus
726 2438 929 2467 Turonas-sis,
942 2445 970 2472 p.
992 2437 1042 2463 180
1055 2446 1095 2471 sg.
1108 2438 1187 2472 Flgli
1201 2439 1231 2463 di
1248 2439 1323 2463 Cluil-
1378 2440 1445 2465 Snn.
1463 2447 1515 2466 AN.
1533 2446 1558 2465 11
1576 2446 1643 2465 mas
1661 2446 1744 2465 xxm.
1763 2440 1830 2472 Dap.
1844 2440 1874 2464 in
1884 2442 1948 2471 pace
1967 2439 1999 2463 X
2001 2438 2044 2463 VI
2053 2438 2106 2463 hal.
2125 2445 2182 2463 m.
2196 2436 2278 2470 [532]

412 2481 521 2513 perteus
540 2481 557 2504 I
577 2488 681 2506 erano:
696 2479 710 2493 ‘¹
720 2480 961 2509 Theodeberthus,
981 2480 1176 2510 Merovechus,
1194 2480 1322 2506 Chlodo-
1375 2482 1437 2507 Iter.
1454 2485 1514 2514 post
1535 2482 1609 2508 Cous.
1628 2482 1703 2506 FFll.
1722 2482 1856 2513 Lampadi
1871 2485 1898 2506 et
1920 2481 2019 2506 Orestis
2036 2489 2083 2506 uu.
2102 2487 2137 2505 cc.

419 2521 432 2535 ²
444 2523 548 2547 veehus
559 2540 584 2555 „.
1467 2523 1478 2539 ⁴
1498 2524 1529 2551 L.
1546 2525 1589 2553 P..
1607 2524 1629 2554 1,
1649 2532 1675 2558 p.
1696 2523 1756 2556 785.
1776 2523 1823 2549 Cf.
1841 2531 1911 2558 pure
1930 2525 1999 2548 nota
2021 2530 2033 2547 1
2054 2530 2069 2548 e
2087 2521 2236 2556 l'eplgrafe
2248 2522 2277 2546 di

356 2568 389 2586 ιο
505 2563 517 2580 ²
534 2564 566 2591 L.
583 2566 627 2594 P..
645 2565 666 2595 Ι,
687 2573 714 2598 p.
734 2565 801 2590 281:
825 2566 894 2590 sedit
910 2573 954 2590 an.
981 2565 1015 2589 II
1027 2566 1084 2589 dies
1107 2565 1213 2590 XXVI.
1243 2566 1256 2580 “
1267 2566 1321 2591 ch
1377 2567 1506 2592 lohannes
1524 2568 1556 2591 de
1576 2567 1666 2593 Caelio
1684 2570 1786 2593 monte:
1812 2565 1830 2598 †
1852 2566 1947 2592 siu-no
1972 2572 2060 2591 ΡΑΡΑ.
2078 2565 2114 2591 N.
2137 2564 2278 2590 Iomnium

418 2607 431 2620 ⁴‘
443 2609 630 2641 congregavit
650 2609 791 2641 synodum
812 2610 842 2633 in
860 2608 983 2633 basilica
1001 2609 1079 2633 beati
1098 2608 1176 2634 Petri
1191 2609 1321 2642 apostoli
1376 2616 1547 2635 coenoman
1562 2608 1567 2642 Ι
1583 2616 1622 2634 το
1641 2610 1804 2635 Mnacumo
1823 2611 1877 2634 etc.
2306 2616 2341 2644 ²⁵

418 2649 432 2663 “
442 2652 470 2675 et
490 2650 559 2675 fecit
578 2651 769 2676 constitut-um
794 2652 827 2675 ut
845 2650 902 2675 sibl
925 2657 1114 2676 successorem
1138 2651 1286 2676 ordinaret
1296 2668 1321 2683 η.
1465 2651 1476 2667 ⁵
1497 2651 1621 2681 PAULus,
1642 2652 1713 2677 Ilt'st.
1733 2652 1821 2680 Rom..
1840 2651 1913 2680 XVI,
1932 2657 1973 2681 xx,
1987 2659 2014 2684 p.
2034 2657 2147 2684 2192...
2169 2648 2277 2675 “Iusti-
2366 2651 2367 2654 ’

505 2690 516 2708 ⁸
535 2693 582 2717 D:
599 2692 697 2722 Rossx,
717 2692 800 2718 Inscr.
824 2692 936 2722 Christ..
962 2693 1019 2717 vol.
1039 2693 1060 2722 1,
1081 2700 1107 2725 p.
1129 2701 1155 2718 n.
1181 2700 1264 2726 10293
1284 2694 1319 2718 cs.
1377 2694 1391 2707 ‘⁴
1403 2694 1506 2718 nianus
1524 2693 1631 2718 Iustini
1651 2693 1727 2718 filius
1746 2693 1943 2718 Romanorum
1962 2694 2013 2717 etc.
2026 2708 2050 2725 „-

417 2735 476 2759 vol.
489 2734 523 2764 H,
537 2742 584 2768 pp.
607 2734 664 2764 126,
681 2742 746 2768 141:
766 2735 803 2760 ha
822 2735 966 2768 riportato
986 2734 1133 2768 l'epitaffio
1153 2735 1185 2760 di
1204 2736 1251 2760 cui
1270 2737 1317 2768 qui
1463 2733 1475 2751 θ
1498 2736 1586 2765 Bam,
1602 2737 1644 2761 De
1665 2743 1711 2760 sex
1732 2738 1796 2764 aet„
1817 2736 1871 2760 loc.
1893 2736 1950 2764 cit.;
1976 2734 2100 2763 Psmus,
2121 2733 2195 2764 XVI,
2215 2738 2276 2762 xxv,

358 2782 387 2807 15
417 2775 454 2801 do
475 2778 482 2800 i
503 2776 590 2809 primi
609 2784 625 2801 e
642 2777 686 2810 gli
705 2777 800 2802 ultimi
823 2777 915 2802 versiz
1376 2789 1403 2814 p,
1424 2787 1483 2805 221.
2124 2807 2125 2810 ,

417 2834 509 2858 “Sedis
526 2834 680 2866 apostolicae
694 2835 841 2867 primaevis
859 2834 935 2859 miles
952 2834 985 2858 ab
1003 2834 1084 2858 annis
1461 2822 1472 2840 ⁷
1490 2824 1521 2849 L·
1539 2824 1583 2854 p„
1601 2824 1622 2854 1⁷
1643 2832 1668 2857 P·
1690 2823 1758 2858 ²87²
1775 2825 1844 2849 “dit
1862 2832 1896 2849 m·
1916 2823 1965 2848 ΧῙ
1977 2824 2032 2848 ᾱίέε
2050 2823 2082 2848 Χ
2085 2823 2111 2848 V
2105 2822 2156 2848 111·
2306 2824 2340 2851 3⁰

415 2876 477 2900 Post
494 2877 574 2900 etiam
592 2879 644 2900 toto
659 2877 772 2908 praesul
787 2877 818 2901 in
836 2877 896 2902 orbe
914 2883 987 2900 sacer
1462 2864 1473 2882 ⁸
1493 2865 1618 2896 PAULUS,
1638 2866 1711 2896 XVI·
1731 2872 1776 2892 ΧΠ
1795 2873 1810 2891 e
1830 2865 1977 2899 ΡΓῘΠΟῙΡῙΟ
1997 2865 2043 2890 del
2061 2870 2119 2890 ’¹¹11
2138 2863 2178 2897 (1³-
2204 2862 2276 2895 220).
2362 2874 2364 2878 ’

415 2917 536 2941 Membra
553 2918 628 2942 034„
645 2925 724 2943 „m
741 2917 898 2949 Bon-saum
915 2918 959 2942 Mc
977 2925 1026 2942 m
1044 2918 1142 2942 010¹„ss
1371 2908 1396 2933 11
1416 2911 1493 2934 resto
1513 2908 1557 2933 del
1578 2908 1592 2941 ξ
1611 2908 1678 2934 xm
1695 2916 1714 2933 R
1733 2909 1763 2934 lo
1783 2908 1867 2942 copia
1887 2908 1969 2940 quasi
1989 2908 2204 2933 letteralmente.

420 2957 514 2983 Certus
532 2959 561 2983 in
579 2960 694 2984 adventu
709 2960 890 2993 glan-ficum
907 2960 969 2986 Det.
1462 2950 1474 2967 ⁹
1492 2950 1586 2976 1⁰¹2M=
1605 2951 1751 2977 conmm-

356 3000 390 3023 20
415 3011 988 3021 ......................
1453 2993 1476 3012 ¹⁰
1493 2995 1572 3020 Iussa
1581 3003 1588 3020 =
1607 2996 1709 3029 dogma.
