2398 3470
15 1669 33 1699 s:
70 1681 103 1700 10

45 1902 49 1911 s
70 1889 101 1917 ¹5

66 2104 102 2124 ιο

32 2312 99 2340 ‚⁵

30 2718 46 2765 ’,
65 2735 99 2763 ³⁵

9 2500 29 2832 *ffvwffl'jfflv-h1-u-j'sssoemffi
10 2353 30 2492 &Nm-3⁷5⁶?
10 2335 18 2346 <5
10 2306 18 2324 «ε
14 2290 16 2295 ἡ
11 2259 18 2279 ψ..
13 2211 17 2218 .
17 2198 20 2203 ,
11 2157 18 2170 ,ψ

42 2963 45 2967 -
65 2949 102 2977 4ο

720 247 1009 284 ROMUALDI
1036 247 1403 285 SALERNITANI

135 367 300 400 uexillum
325 368 370 401 de
394 379 503 413 regno
526 369 657 410 Sicilie,
679 379 743 413 per
765 370 862 403 aliud
886 371 931 404 de
955 371 1085 405 ducatu
1112 370 1252 414 Apulie,
1283 382 1348 414 per
1376 371 1525 405 tercium
1556 372 1601 405 de
1631 372 1830 415 principatu
1864 372 1984 416 Capue

132 420 326 455 inuestiuit.
371 421 441 455 Hic
464 428 580 456 autem
602 434 721 457 amore
743 423 838 468 regis
861 424 1078 467 W[ilhelmi],
1102 424 1267 468 precibus
1289 425 1393 458 etiam
1418 431 1453 458 et
1474 426 1590 459 studio
1614 425 1783 459 'Maionia
1813 426 1984 459 ammirati

135 480 171 507 et
193 473 330 519 Ugonis
353 475 592 509 Panormitani
615 477 872 520 archiepiscopi
894 477 1164 518 interueniente,
1187 478 1455 523 Agrigentinam
1480 485 1515 512 et
1536 478 1791 512 Mazariensem
1808 479 1987 519 ecclesias,

133 538 202 572 que
226 528 272 561 ad
294 527 347 561 ius
369 529 531 562 Romane
554 530 706 564 ecclesie
728 530 928 574 specialiter
941 530 1179 574 pertinebant,
1195 531 1346 564 ecclesie
1362 531 1610 565 Panormitane
1625 532 1786 571 subiecit,
1803 539 1837 566 et
1854 542 1988 566 earum-

36 578 53 622 -j
90 581 109 614 5
133 581 214 614 dem
238 581 465 615 ecclesiarum
489 583 673 627 episcopos
694 584 848 618 eiusdem
864 584 1015 617 ecclesie
1030 584 1272 628 suffraganeos
1286 585 1324 617 in
1338 591 1545 628 perpetuum
1562 596 1636 619 esse
1653 586 1827 620 concessit
1839 586 1859 620 ¹.

1907 586 1988 626 Quo

131 634 230 668 facto
253 634 433 669 Adrianus
456 647 550 680 papa
571 637 610 671 in
632 637 858 680 Campaniam
881 638 995 671 rediit.
1041 637 1146 671 Rex*
1170 644 1284 671 autem
1306 638 1424 681 plures
1448 639 1492 672 de
1523 639 1671 673 inimicis
1702 640 1770 672 suis
1801 640 1845 673 de
1875 650 1986 684 regno

132 688 278 731 expulit,
301 689 469 732 quosdam
492 690 528 722 in
551 701 695 725 carcere
718 691 834 734 posuit
846 690 870 730 ⁸,
893 691 1062 735 quosdam
1086 691 1122 724 in
1144 701 1207 724 sua
1229 691 1341 735 gratia
1364 698 1399 725 et
1422 703 1539 726 amore
1564 693 1709 735 recepit.
1754 694 1893 727 Dehinc
1921 693 1988 739 sy-

132 750 270 774 monem
293 743 542 782 senescalcum,
566 749 752 788 cognatum
776 743 928 778 Maionis
951 744 1132 784 ammirati,
1155 745 1357 788 magistrum
1383 745 1592 788 capitanium
1617 745 1744 789 Apulie
1770 747 1948 781 constituit
1962 749 1986 788 ⁴,

129 794 206 837 ipse
229 805 315 828 uero
338 801 436 829 tanta
457 797 588 840 potitus
611 798 768 840 uictoria,
793 808 872 832 cum
895 798 1077 831 ammirato
1099 797 1136 830 in
1160 797 1317 831 Siciliam
1341 798 1455 832 rediit.
1502 799 1583 832 Non
1605 800 1714 833 multo
1731 806 1810 843 post
1825 806 1983 844 tempore

34 842 110 880 210
131 857 296 891 magnum
318 848 454 882 stolium
478 851 680 893 preparauit
692 854 715 890 ³,
739 857 774 885 et
797 851 910 894 ipsum
933 861 1013 884 cum
1037 851 1218 894 Stephano
1241 851 1422 885 ammirato
1453 852 1488 884 in
1518 853 1727 886 Romaniam
1761 854 1863 887 misit.
1910 853 1984 892 Qui

130 901 177 935 ad
199 901 371 945 Egripum
384 905 396 922 ⁶
421 903 577 944 ueniens,
599 904 785 937 maximum
808 905 946 938 stolium
970 904 1206 939 Emmanuelis
1222 905 1440 947 imperatoris
1455 905 1588 938 ibidem
1603 912 1826 949 preparatum
1840 908 1985 941 inuenit.

131 954 221 993 Cum
243 965 312 998 quo
335 955 486 989 uiriliter
508 957 704 991 decertauit
727 963 762 991 et
783 958 895 1002 ipsum
918 957 1060 998 deuicit‚
1090 958 1218 991 multos
1249 959 1294 991 de
1326 959 1450 991 Grecis
1482 959 1586 1001 cepit,
1618 960 1756 993 stolium
1787 961 1986 999 combussit,

131 1007 302 1052 Egripum
325 1014 361 1041 et
382 1009 517 1042 uicinas
541 1010 699 1044 ciuitates
723 1011 914 1055 expoliauit
937 1018 973 1045 et
994 1011 1045 1045 sic
1068 1011 1185 1045 uictor
1207 1012 1243 1044 in
1273 1011 1427 1045 Siciliam
1458 1012 1564 1046 rediit
1577 1015 1601 1045 ⁷.
1645 1013 1839 1056 Imperator
1872 1020 1983 1047 autem

132 1070 351 1105 cognoscens
373 1062 500 1096 multos
523 1063 568 1097 de
591 1065 661 1097 suis
684 1075 706 1097 a
726 1074 812 1109 rege
836 1064 960 1098 Sicilie
975 1070 1108 1108 captos,
1123 1075 1192 1098 nec
1207 1075 1310 1109 posse
1326 1075 1405 1098 cum
1422 1075 1465 1099 eo
1481 1066 1526 1099 de
1541 1066 1618 1109 pari
1634 1067 1859 1106 contendere,
1875 1068 1986 1101 missis

40 1147 43 1155 Ἰ,
71 1114 108 1148 15
131 1114 375 1159 frequentibus
396 1117 538 1157 nuntiis,
561 1128 639 1150 cum
662 1128 746 1162 rege
770 1117 1002 1152 concordatus
1025 1124 1087 1158 est,
1110 1125 1145 1152 et
1166 1119 1263 1162 pacis
1285 1119 1410 1153 federa
1433 1125 1512 1153 sunt
1527 1120 1610 1152 hinc
1625 1120 1708 1154 inde
1724 1121 1837 1154 iurata
1848 1120 1871 1154 ⁸.
1918 1122 1988 1154 Eo-

222 1253 246 1272 2.
266 1248 379 1272 amirati
401 1248 425 1273 C
440 1256 455 1272 e
472 1249 564 1274 Arndt
583 1262 616 1267 —
636 1256 661 1283 7.
679 1252 775 1283 gracia
796 1252 820 1276 C
836 1259 850 1275 e
867 1251 974 1281 Antan
993 1255 1043 1284 gia
1061 1251 1085 1276 A
1101 1259 1115 1276 e
1131 1252 1158 1276 B
1177 1266 1209 1270 —
1231 1258 1272 1276 11.
1290 1251 1448 1286 Engppum
1468 1253 1495 1277 B
1510 1261 1525 1276 e
1537 1253 1615 1278 Sauo
1628 1266 1637 1271 -
1652 1253 1817 1278 Emanuelis
1835 1254 1885 1278 Be
1897 1253 1987 1282 Sauo,

132 1289 157 1315 C
172 1296 186 1313 ε
205 1289 296 1314 Arndt
314 1303 347 1308 —
370 1297 409 1323 14.
429 1298 513 1323 posce
531 1291 573 1322 A3
592 1299 692 1324 possce
709 1293 741 1317 dt·
752 1293 846 1325 prima
864 1301 949 1323 mano,
967 1296 1079 1319 cor-rem
1091 1296 1146 1326 per
1161 1300 1260 1319 rasura
1278 1301 1362 1327 posse
1382 1295 1407 1320 C

216 1376 225 1394 ¹
244 1378 269 1403 11
288 1379 397 1404 celebre
415 1379 592 1405 concordate
605 1381 650 1406 fra
663 1379 828 1414 Guguelmo
840 1381 854 1406 1
867 1390 882 1406 e
895 1382 1029 1408 AdrIano

127 1418 176 1449 IV,
195 1420 247 1445 che
267 1421 296 1445 in
317 1422 480 1447 Benevento
500 1422 548 1447 nel
566 1424 676 1455 giugno
698 1423 767 1456 1156
786 1422 872 1449 defini
898 1425 1030 1450 l’annosa

128 1463 279 1495 questione
300 1464 343 1489 fra
361 1464 392 1489 lo
410 1464 494 1490 Stato
514 1465 685 1490 Normanno
705 1474 719 1491 e
739 1467 767 1491 la
786 1466 899 1498 Chiesa,
920 1469 1030 1493 rientra

129 1505 208 1531 nella
220 1507 365 1539 categoria
384 1507 430 1532 del
449 1508 534 1532 Pacta
547 1507 593 1533 del
606 1516 635 1533 re
648 1509 818 1539 Normanni,
832 1509 937 1535 redatti
952 1510 1030 1535 dalla

41 1540 59 1550 ⁴*
93 1578 97 1582 ,
129 1547 312 1574 Cancelleria
324 1549 449 1582 regiain
463 1550 555 1575 forma
569 1550 599 1576 dl
619 1553 719 1576 carte
738 1553 899 1584 paricle:
921 1553 956 1577 cs.
971 1552 1029 1577 GA-

21 1586 24 1597 *
103 1587 109 1590 ’
128 1596 208 1620 num,
226 1589 416 1616 Mammam
439 1591 554 1616 Chartae
571 1594 597 1616 et
614 1593 800 1619 Instrumenta
819 1595 907 1619 alwisa
930 1596 961 1619 {n
987 1595 1030 1620 St·-

127 1631 193 1658 atta
217 1634 263 1658 mi
284 1633 364 1659 secoli
385 1633 436 1659 XI
454 1642 472 1659 a
496 1634 558 1666 XV,
585 1635 669 1660 Studt
687 1636 860 1668 diplomatici,
887 1638 918 1662 ln
944 1637 1029 1662 Bul-

129 1674 271 1700 lettlno
303 1675 566 1702 deli’Istituto
597 1677 652 1703 St.
681 1678 772 1704 Ital.
804 1687 831 1704 n.
863 1686 906 1712 32,
937 1680 1030 1705 Roma

131 1723 207 1750 1912,
227 1720 294 1744 estr.
318 1726 365 1753 pp.
391 1725 424 1744 22
450 1727 465 1744 e
491 1726 533 1752 ²3·
571 1719 730 1746 Nell’Areh.
755 1721 822 1751 Vae„
848 1722 929 1747 Arm.
954 1722 1028 1755 XIV,

128 1766 204 1794 caps.
222 1758 296 1792 vm,
318 1768 347 1786 n.
366 1768 400 1794 49
419 1762 443 1786 si
463 1768 602 1787 conserva
622 1762 651 1787 la
674 1770 844 1796 pergamena
870 1765 957 1797 orig.;
984 1772 1030 1790 ma

127 1809 228 1829 manca
247 1803 276 1828 la
293 1803 374 1829 bolla
392 1803 483 1835 d’oro,
501 1805 651 1837 ritagllata
671 1813 726 1830 con
745 1807 825 1838 parte
843 1807 919 1832 della
944 1807 1030 1840 plica.

127 1844 277 1876 Eanum,
290 1844 344 1871 Sic.
358 1845 447 1878 Sena„
461 1845 530 1879 Reg.
542 1846 578 1879 11,
593 1856 620 1872 n.
637 1854 695 1881 135.
726 1847 779 1873 Per
792 1848 820 1873 la
833 1850 914 1881 parte
927 1849 958 1875 dl
971 1848 1029 1875 Gu-

126 1886 248 1920 gllelmo
264 1886 279 1912 1
297 1889 500 1914 intervennero
520 1889 566 1914 nel
586 1889 791 1915 Concordato:
816 1891 933 1917 Maione
949 1891 962 1905 ⁸
974 1900 1030 1917 am-

130 1928 275 1955 “mirstus
294 1931 520 1961 nummii-ntorum,
540 1931 664 1957 dilectus
682 1932 776 1958 fidelis
798 1936 826 1958 et
850 1935 1028 1967 famularis„

127 1971 174 1997 del
183 1979 222 2005 re,
233 1972 297 2005 Ugo
309 1974 498 1999 arcivescovo
512 1973 541 1999 di
555 1973 695 2004 Palemm,
710 1975 732 1999 il
747 1977 847 2001 nostro
858 1975 1030 2007 Romualdo‚

127 2011 298 2047 Guguelmo
310 2014 352 2040 111
364 2023 490 2041 vescovo
500 2016 530 2041 di
545 2015 633 2042 Troia
644 2025 659 2041 e
673 2017 788 2043 Marino
802 2019 883 2044 abate
897 2019 928 2044 dl
941 2018 1030 2045 Cava.

215 2056 300 2084 oltra
323 2057 388 2084 l'ed.
415 2059 461 2084 del
490 2059 646 2089 Wmnaun,
674 2060 705 2085 in
731 2060 770 2086 M.
798 2061 830 2086 G.
857 2061 906 2090 A..
930 2061 1031 2094 Legum

127 2100 218 2125 sectio
236 2098 285 2130 1v,
308 2101 419 2126 Consul.
438 2103 464 2125 et
481 2101 561 2130 Acta,
583 2102 604 2131 1,
618 2110 644 2134 p.
659 2101 722 2136 5883
737 2103 774 2128 cf.
791 2103 944 2134 Manca-rr,
963 2103 1029 2129 Rac-

125 2140 195 2167 caua
212 2142 245 2167 a
259 2143 411 2168 documenti
426 2144 456 2168 In
476 2145 586 2169 materie
602 2144 793 2170 ecclesiasta-he
802 2144 858 2176 sm
877 2146 905 2170 la
923 2146 951 2172 S.
965 2146 1032 2171 Scae

126 2190 142 2208 ε
158 2183 184 2210 le
200 2184 318 2210 mrito
335 2185 422 2216 dull,
439 2185 541 2216 Roma,
563 2194 640 2219 1919,
659 2194 706 2220 pp.
726 2194 820 2218 20—223
842 2187 876 2213 G.
896 2189 928 2214 B.
946 2188 1029 2214 Snu-

125 2220 218 2258 ousa,
231 2225 260 2252 a
275 2227 427 2253 documento
444 2229 578 2260 ortgtnak
595 2228 641 2253 det
655 2231 807 2254 concordata
829 2231 860 2255 a!
883 2231 1031 2256 Benevento

125 2268 172 2294 del
186 2269 258 2300 1156
273 2270 393 2295 sustenta
411 2270 605 2295 neumatum
617 2271 721 2297 Secreto
739 2271 876 2302 Vaticano,
888 2273 1030 2303 Palen-mo,

131 2310 207 2345 1926,
225 2311 603 2338 Att1R.Accadem1a
622 2313 659 2338 di
679 2314 835 2340 Sclenze
852 2314 1030 2342 Letteree

127 2354 226 2380 Belle
245 2354 330 2379 Artl
351 2355 384 2380 di
404 2354 580 2385 Palermo,
599 2356 659 2381 vol.
677 2356 753 2388 XIV,
773 2365 829 2383 εει.
850 2365 890 2391 3ι.

215 2396 270 2422 Per
288 2396 440 2422 l’erozlone
459 2397 536 2423 della
555 2396 660 2423 Chlesa
675 2398 704 2424 di
718 2399 850 2425 Palermo
863 2407 880 2425 a
894 2400 960 2426 sede
972 2400 1030 2426 Me-

126 2437 309 2472 tropolitsna
334 2446 393 2464 eon
420 2440 428 2463 1
455 2440 604 2465 vescovatl
629 2441 799 2474 suffraganei
827 2442 857 2467 di
883 2440 1030 2476 Gli-genti,

127 2480 261 2506 Mass-ra
288 2489 303 2506 e
331 2481 430 2511 Malta,
459 2481 496 2507 cs.
518 2482 847 2514 Jnns-Loswnmnnn.
876 2483 941 2517 Reg.
970 2485 1029 2514 clt„

130 2529 158 2548 n.
180 2528 276 2556 10197.

216 2562 228 2580 ⁸
245 2563 412 2598 Gugllelmo
431 2565 545 2599 nell’ag.
566 2565 636 2600 1156
655 2566 686 2592 fu
705 2574 723 2592 a
744 2566 877 2594 Palermo
895 2576 910 2594 e
936 2570 965 2594 vi
992 2569 1028 2594 ri-

127 2613 204 2631 mne
216 2605 275 2632 fino
288 2606 316 2632 al
330 2614 426 2633 marzo
439 2607 586 2634 dell'anno
597 2611 746 2642 seguenteg
759 2610 798 2635 cf.
811 2610 959 2642 Bauium,
972 2611 1028 2637 Sic.

128 2648 218 2680 Sta„
228 2647 264 2679 11,
279 2656 327 2674 nn.
345 2654 392 2682 137
407 2657 423 2675 a
439 2657 503 2683 1443
517 2650 564 2676 nel
577 2652 673 2684 primo
692 2651 722 2676 dl
745 2652 855 2678 codesti
869 2653 993 2686 diplomi
1007 2654 1029 2679 il

127 2689 209 2724 ssgllo
227 2689 374 2724 Rugglero
393 2692 430 2717 ha
450 2692 471 2716 11
485 2692 576 2718 titolo
589 2694 619 2718 di
634 2694 706 2719 duca
719 2694 748 2719 di
763 2694 876 2727 Pugna.
896 2695 936 2721 D1
949 2696 1027 2728 Mno,

126 2731 240 2762 Annali,
259 2733 294 2764 X,
312 2739 363 2765 227
383 2741 399 2759 e
417 2740 477 2767 ²44,
497 2735 587 2768 opina
605 2736 656 2761 che
679 2737 794 2762 codesta
819 2739 938 2764 nomina
962 2737 1029 2772 pote

128 2775 264 2800 avvonIre
283 2776 360 2810 dopo
379 2775 493 2809 l’aprlle
510 2784 526 2802 e
545 2778 638 2811 prima
658 2778 703 2803 del
724 2780 887 2806 settembre.

216 2815 228 2834 ³
246 2816 313 2843 Uoo
331 2817 502 2852 Flu-cumo,
517 2827 565 2853 pp.
579 2827 622 2850 22,
639 2827 679 2854 ¹4-
699 2821 754 2847 Fra
767 2822 810 2855 gli
824 2822 1026 2856 lmpriglonati

127 2860 156 2884 vi
178 2859 209 2885 fu
227 2858 368 2886 Rlccardo
386 2861 416 2886 di
430 2861 560 2894 Mandra,
574 2862 657 2895 figlio
670 2863 716 2888 del
731 2862 826 2889 Conte
839 2863 968 2891 Roberto
982 2866 1027 2891 del

127 2901 250 2928 Mollse:
273 2910 300 2928 v.
318 2910 346 2936 p.
365 2903 417 2936 246
437 2911 465 2930 n.
486 2910 510 2937 5.

215 2943 227 2961 ⁴
237 2944 325 2974 hun.
338 2953 364 2978 p.
380 2952 429 2978 ²4²
443 2943 546 2981 [Malo]
558 2946 572 2960 ⁸
583 2947 736 2982 Symonem
749 2955 818 2982 ergo
828 2950 1028 2981 senescalcum,

131 2985 145 3000 ¹¹
155 2988 292 3014 maritum
305 2990 414 3013 sororis
426 2995 483 3019 sue,
497 2991 553 3015 toti
567 2990 675 3023 Apulie
690 2999 721 3016 ac
736 2992 822 3017 Terre
836 2992 958 3018 Laboris
971 3001 1029 3019 ma-

128 3027 143 3042 “
151 3029 275 3062 ‘Istrum
295 3031 477 3063 capitaneum
498 3031 646 3064 preficiens
659 3053 664 3058 .
675 3050 682 3058 .
694 3051 701 3059 .
713 3051 720 3059 .
731 3050 754 3065 ,μ
792 3033 839 3060 Cf.
866 3034 930 3060 Dm.
955 3034 1027 3062 Gus-

264 3145 297 3171 Τ.
316 3145 378 3175 vn,
398 3153 425 3179 p.
446 3153 456 3171 1
476 3160 509 3165 —
532 3146 571 3173 16.

1084 1388 1160 1414 mea,
1185 1383 1245 1408 Cod.
1265 1383 1342 1415 Dipl.
1362 1383 1407 1407 del
1424 1391 1506 1416 regno
1519 1385 1551 1408 di
1564 1383 1643 1408 Carta
1655 1384 1696 1409 Ie
1708 1384 1745 1409 ΙΙ
1751 1385 1877 1417 amma,
1890 1386 1949 1411 vol.
1962 1385 1982 1414 Ι.

1084 1425 1159 1459 App.
1178 1432 1198 1455 1,
1219 1433 1246 1450 n.
1265 1431 1305 1455 xx,
1324 1427 1403 1450 carta
1422 1426 1451 1450 di
1471 1427 1623 1458 giudicato
1636 1427 1682 1451 del
1695 1427 1822 1460 gennaio
1839 1428 1908 1460 1158
1923 1428 1983 1453 del—

1083 1467 1187 1493 vat-cla.
1206 1469 1238 1492 di
1253 1468 1329 1493 State
1347 1469 1378 1492 di
1395 1468 1504 1501 Neapoli,
1527 1469 1678 1494 Mona-rem·
1699 1470 1837 1502 :oppres-ri,
1864 1471 1923 1496 vol.
1949 1470 1984 1501 11,

1084 1518 1162 1543 perg.
1181 1518 1207 1535 n,
1233 1511 1276 1536 88.
1313 1510 1449 1536 Petracea
1471 1512 1586 1544 giudice
1612 1513 1641 1537 di
1668 1512 1826 1545 Modugno,
1852 1514 1898 1538 coi
1923 1514 1987 1538 bont

1083 1553 1207 1582 homines,
1221 1553 1350 1579 dichiara
1363 1553 1460 1579 d’aver
1474 1555 1603 1579 ricevuto
1622 1562 1662 1580 un
1682 1554 1817 1580 mandato
1840 1554 1853 1568 “
1864 1555 1984 1580 domino

1087 1593 1101 1607 ¹¹
1111 1593 1223 1619 Simoni
1237 1595 1317 1628 regio
1332 1595 1493 1620 senescalco
1507 1597 1536 1620 et
1549 1596 1688 1628 magistro
1709 1595 1870 1629 Capitaneo
1889 1597 1983 1621 tocius

1088 1636 1101 1649 ‘¹
1111 1637 1220 1670 ApulIe
1281 1656 1287 1663 .
1298 1655 1323 1670 „.
1352 1638 1514 1671 “Magister
1540 1638 1739 1671 Capitaneus„
1760 1639 1823 1664 vale
1845 1637 1984 1666 καταπάν.

1085 1679 1140 1705 Col
1159 1681 1248 1706 titolo
1267 1681 1295 1706 di
1315 1680 1484 1706 Senescalco
1504 1683 1647 1707 troviamo
1673 1682 1700 1707 al
1729 1689 1758 1706 12
1780 1684 1894 1716 maggio
1917 1681 1981 1707 1161

1085 1724 1236 1756 registrata
1255 1723 1284 1748 la
1303 1731 1353 1749 sua
1372 1726 1465 1749 morte
1485 1724 1531 1749 nel
1558 1726 1656 1750 nostro
1682 1724 1838 1757 Necrologto
1863 1725 1907 1749 del
1927 1724 1985 1750 Lib.

1087 1765 1261 1797 Conftatnm
1278 1767 1310 1791 at
1326 1767 1356 1792 S.
1374 1768 1475 1792 Matieo
1494 1768 1525 1792 dl
1541 1768 1661 1798 Salem,
1683 1775 1730 1801 pp.
1755 1768 1799 1800 68,
1820 1767 1871 1794 160
1890 1775 1905 1793 e
1924 1767 1985 1801 367.

1083 1808 1240 1842 Sappiamo
1258 1810 1348 1835 anche
1366 1810 1388 1834 il
1409 1817 1493 1834 nome
1512 1810 1587 1835 della
1606 1811 1702 1835 madre
1721 1811 1750 1835 di
1772 1811 1823 1842 lui,
1850 1811 1951 1840 Maria,
1971 1819 1985 1835 e

1084 1850 1136 1875 che
1156 1851 1170 1864 α
1182 1851 1282 1876 faciem
1302 1851 1404 1877 altaris
1418 1852 1567 1878 deauravit
1580 1854 1608 1877 et
1627 1852 1710 1886 plura
1729 1853 1795 1883 alia,
1815 1854 1986 1878 ornamenta

1087 1891 1178 1916 “huic
1197 1892 1315 1917 ecclesie
1334 1891 1372 1925 (S.
1391 1891 1513 1926 Mathei)
1533 1893 1643 1926 optulit
1654 1912 1678 1926 η.

1172 1933 1243 1959 Pare
1271 1934 1384 1967 dunque
1413 1935 1463 1960 che
1492 1936 1513 1959 il
1541 1935 1631 1960 titolo
1654 1936 1684 1960 di
1711 1935 1874 1968 “Magister
1899 1934 1985 1968 Capi-

1087 1974 1212 2001 “tsneus
1223 1995 1247 2009 ‚,
1267 1976 1297 2001 di
1317 1978 1393 2002 tutta
1413 1977 1442 2002 la
1460 1977 1565 2010 Puglia
1585 1978 1614 2002 lo
1642 1979 1752 2003 tenesse
1771 1977 1862 2003 finche
1886 1978 1907 2002 il
1933 1985 1985 2002 suo

1084 2020 1209 2052 cognato
1228 2018 1355 2051 stefano,
1377 2019 1493 2045 fratello
1513 2020 1542 2044 dl
1562 2020 1689 2051 Maione,
1710 2020 1741 2045 fu
1761 2022 1901 2053 occupato
1926 2021 1984 2046 nel-

1084 2060 1230 2094 l’impresa
1249 2062 1376 2087 militare
1397 2063 1427 2086 in
1447 2062 1572 2087 Oriente.
1610 2063 1718 2087 Difatti
1739 2070 1778 2087 un
1798 2064 1934 2088 mandato
1954 2063 1986 2088 di

1085 2104 1272 2129 concessIone
1290 2104 1336 2130 del
1359 2111 1391 2129 ιο
1409 2106 1526 2138 maggio
1549 2105 1615 2136 1158
1635 2106 1660 2130 ci
1682 2103 1718 2129 da
1739 2105 1894 2131 “Stefanus
1915 2107 1985 2131 ami—

1087 2145 1101 2159 “
1111 2147 1190 2171 ratus
1209 2148 1238 2171 et
1256 2147 1392 2180 magister
1410 2149 1578 2180 capitaneus
1596 2148 1691 2172 tocius
1710 2148 1817 2180 Apulie
1838 2148 1925 2173 frater
1938 2149 1984 2173 do-

1087 2187 1185 2214 “mini
1204 2189 1332 2215 Malonls
1355 2191 1453 2222 magni
1481 2191 1596 2215 amirati
1618 2191 1846 2222 amiratorum„;
1873 2191 1910 2216 cs.
1938 2190 1986 2215 Co-

1083 2231 1140 2256 dice
1157 2231 1235 2264 Dipe.
1254 2232 1353 2257 Barese
1365 2231 1548 2266 (Pergamene
1567 2234 1596 2258 di
1616 2233 1766 2266 Bai-Ietta),
1780 2233 1845 2258 Vol.
1860 2234 1894 2265 V,
1908 2234 1984 2266 Bari,

1084 2280 1161 2306 1914,
1181 2282 1209 2308 p.
1231 2280 1297 2305 122:
1318 2274 1418 2302 chron.
1438 2275 1465 2300 S.
1485 2275 1610 2301 Barthol.
1630 2276 1662 2300 de
1691 2275 1841 2308 Carpt'neto,
1870 2277 1929 2306 cit„
1955 2278 1985 2300 ln

1084 2314 1230 2347 Uomu,
1247 2313 1282 2342 It.
1302 2317 1396 2347 Sacra,
1414 2317 1448 2350 X,
1470 2317 1526 2343 col.
1552 2316 1613 2351 368.

1173 2357 1185 2374 ⁵
1211 2359 1416 2391 Muuuaecomz,
1442 2360 1562 2385 Annales
1586 2360 1690 2390 Ptsani,
1718 2362 1759 2385 M.
1790 2361 1824 2386 G.
1851 2361 1897 2390 E,
1925 2360 1986 2390 SS..

1082 2400 1156 2431 xlx,
1166 2408 1194 2434 p.
1205 2408 1265 2435 243,
1279 2402 1378 2427 all’an.
1395 2401 1462 2436 1158
1472 2409 1489 2427 a
1499 2403 1566 2427 stile
1579 2402 1705 2428 Pisano:
1721 2403 1735 2416 ⁸
1746 2402 1921 2428 Guilielmus
1934 2410 1984 2427 rex

1085 2441 1100 2455 ¹‘
1110 2441 1217 2469 Cicille
1236 2451 1252 2469 a
1271 2443 1328 2470 kal.
1347 2445 1461 2478 Aprilis
1474 2452 1562 2477 usque
1574 2445 1611 2470 ad
1625 2445 1682 2470 kal.
1701 2445 1838 2470 Octubris
1851 2453 1984 2478 magnum

1083 2485 1178 2511 “fecit
1195 2487 1304 2512 stolum
1326 2494 1377 2520 140
1395 2487 1542 2521 galearum
1561 2489 1590 2512 et
1609 2494 1643 2520 24
1663 2488 1837 2520 dermonum,
1859 2489 1906 2520 qui
1922 2487 1984 2512 der-

1087 2526 1209 2554 “mones
1228 2530 1419 2562 portaverunt
1436 2537 1491 2563 400
1509 2530 1618 2555 milites
1629 2546 1654 2562 „.

1171 2568 1183 2586 ⁶
1200 2570 1333 2605 Egripos,
1351 2579 1370 2598 ο
1388 2571 1507 2605 Euripo,
1527 2573 1631 2597 sti-etto
1647 2573 1691 2597 fra
1704 2572 1827 2597 l’Eilade
1839 2580 1854 2597 e
1867 2571 1985 2597 l’Eubea

1084 2615 1242 2647 congiunte
1261 2622 1311 2640 ors
1331 2614 1367 2639 da
1387 2622 1423 2640 un
1445 2616 1542 2647 ponte.

1171 2654 1183 2672 ⁷
1202 2656 1319 2682 Nicer-A
1338 2656 1509 2687 Cnomars,
1527 2657 1562 2686 ΙΙ,
1577 2665 1596 2686 1,
1616 2665 1644 2690 p.
1667 2664 1731 2690 130³
1751 2658 1805 2682 εἰς
1825 2657 1985 2689 smmum,

1083 2697 1174 2731 Regno
1191 2699 1223 2723 dt
1240 2699 1393 2732 Gugltetmo
1414 2701 1437 2731 I,
1457 2700 1514 2729 cit..
1534 2699 1583 2729 IV,
1602 2707 1629 2732 p.
1649 2705 1681 2732 71
1702 2708 1717 2724 e
1737 2707 1785 2732 sg..

1171 2737 1183 2756 ⁸
1201 2741 1302 2765 Annal.
1325 2740 1428 2770 oasin..
1447 2741 1544 2767 all‘an.
1566 2741 1642 2773 1158,
1661 2740 1700 2766 M.
1722 2742 1755 2767 G.
1778 2743 1823 2772 H„
1837 2742 1895 2772 SS..
1909 2742 1984 2774 XIX,

1083 2791 1109 2817 p.
1129 2790 1195 2816 311²
1217 2783 1401 2817 “Imperator
1421 2784 1770 2817 Constantinopolitanus
1792 2785 1860 2810 secIt
1886 2793 1982 2818 pacem

1086 2825 1100 2839 “
1110 2833 1171 2851 cum
1185 2833 1250 2860 rege
1263 2826 1381 2852 Siculae
1394 2834 1482 2860 usque
1495 2828 1529 2852 ad
1544 2827 1668 2860 triginta
1682 2835 1773 2852 annos
1784 2846 1808 2860 „.
1833 2827 1871 2852 Di
1886 2830 1984 2860 questa

1082 2875 1150 2902 pace
1179 2869 1342 2902 ignorlamo
1372 2871 1380 2893 1
1410 2869 1590 2903 particulari.
1628 2869 1762 2895 Secondo
1788 2871 1809 2894 11
1839 2869 1982 2895 Chonlate

1083 2908 1249 2944 Guguelmo
1267 2911 1281 2936 1
1299 2910 1391 2936 libero
1412 2913 1421 2935 i
1441 2913 1613 2945 prigIonierl
1628 2911 1697 2937 fatti
1708 2912 1756 2937 nel
1772 2911 1847 2944 1156,
1862 2920 1907 2937 ma
1919 2919 1985 2937 con-

1083 2951 1165 2978 servo
1183 2954 1250 2986 quel
1268 2953 1354 2979 Greci
1376 2955 1479 2979 ridotti
1501 2955 1530 2979 in
1551 2952 1697 2980 schinvitii
1717 2955 1793 2980 nella
1819 2955 1984 2988 spedizione

1082 2994 1111 3019 dl
1132 2994 1217 3021 Tebe.
1254 2995 1326 3021 Pare
1345 2996 1434 3021 anche
1459 2997 1509 3021 che
1535 2995 1702 3029 Gugllelmo
1729 2997 1813 3022 abbia
1839 3004 1984 3029 promesso

1082 3038 1153 3062 alut!
1174 3038 1205 3063 ln
1225 3045 1283 3063 una
1302 3039 1465 3071 intrapresa
1484 3040 1515 3064 in
1535 3039 1693 3064 occidente.

2011 1475 2044 1502 45

2012 1688 2047 1715 50

2013 1899 2046 1926 55

2014 2535 2049 2562 70

2014 2745 2045 2771 75

2012 2954 2047 2979 80

2072 275 2077 283 ,
2088 266 2121 280 cc.
2139 262 2225 285 198-199

2076 382 2115 404 iuL
2133 389 2157 403 1ο

2067 442 2087 457 a
2103 442 2165 462 233a

2091 868 2141 892 1158

2091 919 2137 939 iun.

2085 1028 2142 1051 seph
