2398 3470
125 221 201 245 Mun„
208 221 333 246 εεαιη-ιοδ

235 788 255 804 c.
270 787 313 806 ¹52
321 788 335 802 a

137 1029 261 1056 Johannes
272 1031 333 1054 papa

189 1056 201 1080 †
215 1062 235 1076 a.
251 1056 277 1076 C.
293 1057 333 1081 526

143 1083 214 1102 Felix
228 1083 267 1103 IV
273 1085 335 1108 papa

169 1115 190 1129 a.
206 1109 232 1130 C.
247 1111 337 1135 526-530

235 1589 255 1604 c.
270 1587 314 1607 132
322 1583 335 1603 b

302 2616 334 2634 to

304 2824 333 2850 ιε

367 209 437 247 108
1939 215 1990 252 [Α.
2010 217 2045 246 c.
2064 217 2221 253 sis-⁵301

364 345 378 361 “
391 343 560 387 Italieque
584 343 739 386 periture
762 343 953 375 subueniret
965 343 986 376 ¹.
1034 342 1191 382 Quorum
1215 342 1350 375 fletibus
1373 342 1527 386 Justinus
1554 348 1742 385 permotus,
1767 343 1817 375 eis
1841 343 1934 387 quod
1957 345 2119 388 petebant
2139 355 2222 378 con-

364 397 488 436 “cesit‚
512 396 748 439 Arrianosque
771 407 833 429 suo
855 397 922 441 juri
945 396 1096 439 reliquit.
1143 396 1234 428 Dum
1257 396 1295 427 hi
1317 397 1355 429 in
1377 396 1500 428 itinere
1525 396 1759 435 demorantur,
1782 396 2026 430 Theodericus
2047 397 2146 430 rabie
2162 408 2223 431 sue

368 451 587 494 “iniquitatis
611 451 812 490 stimulatus,
837 451 1074 484 Simmachum
1100 450 1290 488 consulem,
1315 456 1348 482 et
1370 450 1568 492 patricium,
1594 455 1628 482 et
1650 449 1725 494 ejus
1747 459 1912 493 generum
1937 451 2099 484 Boetium
2122 461 2223 484 sena-

364 506 513 543 “torem‚
538 510 573 537 et
597 504 774 537 consulem
799 504 989 536 catholicos
1011 504 1105 536 uiros
1128 509 1208 546 post
1240 503 1392 535 carceris
1423 503 1630 541 custodiam,
1654 503 1774 546 gladio
1800 504 1999 537 trucidauit.
2043 504 2223 548 Johannes

366 559 381 574 “
392 569 476 591 uero
488 557 649 600 pontifex
665 558 747 590 dum
763 557 1098 599 Constantinopolim
1114 557 1276 595 uenisset,
1294 550 1339 588 ad
1355 563 1502 599 portam,
1517 567 1584 599 que
1599 563 1747 590 uocatur
1763 566 1879 596 aurea,
1891 557 2098 601 populorum
2114 558 2222 591 turbis
2269 558 2288 592 5

365 613 380 628 “
394 612 426 643 ei
451 611 723 651 occurrentibus,
747 611 783 642 in
807 616 998 653 conspectu
1021 610 1186 649 omnium,
1209 610 1348 653 roganti
1373 620 1458 642 ceco
1474 609 1589 642 lumen
1612 609 1777 642 reddidit.
1825 609 1897 648 Qui
1921 611 2002 643 dum
2026 620 2104 644 cum
2121 611 2224 645 sociis

354 665 533 697 »“rediens
555 665 762 697 Rauennam
786 664 833 697 ad
855 664 1117 696 Theodericum
1140 663 1301 702 uenisset,
1317 663 1560 696 Theodericus
1583 663 1718 696 inuidie
1743 663 1875 696 malitia
1899 664 2035 702 duct-us,
2053 665 2149 707 quod
2165 675 2223 698 ca-

364 721 378 736 “
392 718 522 751 tholice
546 719 685 762 pietatis
708 718 874 751 defensor
896 717 1050 761 Justinus
1066 717 1143 749 illos
1158 717 1352 749 honorifice
1376 717 1585 760 suscepisset
1598 716 1642 757 „¹,
1659 727 1737 749 eum
1755 727 1834 750 cum
1857 717 2052 758 comitibus,
2069 718 2224 752 carceris

361 772 547 805 afflictione
571 772 728 814 peremit.
775 771 848 803 Sed
878 771 970 803 hanc
994 770 1276 802 immanissimam
1309 769 1560 803 crudelita'tem
1584 770 1837 803 animaduersio
1869 771 1990 804 diuina
2011 777 2132 804 secuta
2161 777 2223 811 est,

361 836 442 858 nam
464 826 692 869 nonagesimo
716 824 868 867 [octauo]
893 825 950 857 die
981 830 1059 866 post
1082 824 1149 856 hoc
1182 824 1327 864 factum,
1359 824 1474 857 subita
1504 829 1614 856 morte
1646 824 1832 857 defunctus
1860 830 1921 863 est,
1947 824 2044 868 cujus
2074 825 2224 858 animam

358 879 533 912 solitarius
556 879 697 922 quidam
719 879 813 921 apud
835 878 1002 920 Liparum
1025 877 1183 916 insulam,
1206 877 1262 909 uir
1283 888 1409 922 magne
1439 877 1586 916 uirtutis,
1611 877 1747 920 aspexit
1769 878 1860 910 inter
1882 878 2076 922 Johannem
2097 889 2225 922 papam

361 938 397 965 et
420 932 666 976 Symmachum
689 931 874 974 patricium
898 930 1037 970 deduci,
1062 936 1098 963 et
1120 930 1156 962 in
1180 930 1334 963 Vulcani
1359 930 1463 962 ollam
1479 930 1637 974 demergi
1649 929 1672 963 ⁸.
1720 930 1827 963 Gothi
1842 931 1948 974 igitur
1971 930 2224 965 Athanaricum

359 986 465 1018 filium
489 985 563 1029 ejus
586 985 621 1017 in
643 995 791 1028 regnum
815 984 1000 1027 preficiunt
1012 983 1034 1017 ⁴.

445 1038 559 1071 Rome
583 1048 667 1070 uero
691 1043 771 1080 post
795 1037 999 1078 Johannem,
1023 1036 1134 1075 Felix,
1149 1037 1292 1070 natione
1311 1036 1457 1076 Samnis,
1474 1048 1518 1069 ex
1533 1042 1632 1080 patre
1649 1037 1809 1071 Castorio
1832 1038 1869 1069 in
1894 1037 2015 1069 ordine
2032 1037 2225 1080 pontificali

362 1092 591 1131 constituitur,
615 1091 774 1134 seditque
798 1089 897 1122 annis
920 1089 1029 1121 tribus
1042 1088 1063 1122 ⁵.
1111 1089 1179 1122 Hic
1195 1090 1433 1132 patriarcham
1453 1090 1877 1133 Constantinopolitanum
1902 1091 2224 1124 excommunicauit.

359 1146 462 1178 Tunc
487 1145 593 1178 etiam
615 1144 833 1177 beatissimus
855 1141 963 1175 abbas
986 1142 1199 1175 Benedictus
1221 1143 1386 1175 uirtutum
1410 1144 1523 1187 gloria
1546 1143 1682 1184 claruit,
1707 1143 1805 1187 cujus
1828 1149 1926 1188 gesta
1948 1143 2072 1176 beatus
2091 1144 2226 1188 Grego-

358 1199 430 1232 rius
452 1210 545 1242 papa
560 1199 596 1230 in
614 1197 703 1230 libro
718 1196 944 1240 Dialogorum
968 1196 1107 1238 scripsit
1119 1195 1141 1228 ⁶.
1194 1196 1259 1229 “At
1273 1206 1360 1229 uero
1375 1197 1530 1240 Justinus
1546 1207 1625 1229 cum
1648 1196 1877 1242 Augustalem
1894 1197 2099 1241 dignitatem
2115 1207 2224 1231 annos

363 1255 377 1270 ‘⁴
393 1252 579 1286 duodecim
595 1251 876 1288 administrasset,
893 1250 988 1292 apud
1004 1249 1342 1292 Constantinopolim
1357 1251 1395 1282 in
1409 1260 1499 1292 pace
1523 1251 1657 1293 quieuit
1668 1250 1712 1290 „⁷.
1759 1251 1823 1283 His
1837 1251 1923 1294 ipsis
1942 1251 2067 1283 diebus
2082 1250 2225 1284 Audoin

358 1306 671 1351 Langobardorum
687 1314 750 1336 rex
767 1303 944 1336 Guaconis
959 1303 1053 1346 regis
1069 1302 1169 1342 filius,
1185 1303 1437 1346 Langobardos
1454 1303 1488 1336 in
1505 1302 1721 1336 Pannoniam
1740 1304 1886 1338 deduxit
1897 1303 1919 1337 ⁸.
1965 1304 2069 1337 Tunc
2085 1314 2225 1349 quoque

2250 826 2291 858 10

358 1360 395 1391 in
420 1359 534 1392 Gallia
549 1357 792 1391 Theodericus
809 1357 1022 1389 Francorum
1038 1365 1101 1387 rex
1116 1355 1319 1393 habebatur,
1336 1356 1396 1400 qui
1419 1357 1672 1389 Theodeberto
1688 1356 1759 1389 filio
1783 1367 1844 1390 suo
1868 1357 2057 1400 despondit
2069 1367 2225 1397 uxorem,
2248 1358 2292 1391 20
2343 1378 2345 1381 «

358 1412 529 1445 uocabulo
555 1410 819 1454 Guisegardam,
843 1409 950 1441 filiam
975 1409 1152 1441 Guaconis
1175 1409 1268 1453 regis
1290 1409 1615 1452 Longobardorum.
1662 1409 1793 1442 Habuit
1819 1420 1959 1453 quoque
1983 1410 2079 1443 idem
2102 1410 2226 1444 Guaco

360 1471 395 1498 et
417 1465 559 1498 alteram
584 1464 699 1501 filiam,
722 1463 864 1495 nomine
889 1462 1157 1500 Gualderadam,
1181 1472 1284 1505 quam
1308 1462 1536 1495 Theobaldus
1559 1463 1774 1496 Francorum
1798 1473 1859 1496 rex
1881 1463 2122 1496 Theodeberti
2137 1460 2228 1496 filius

358 1518 424 1551 sibi
447 1519 485 1551 in
508 1516 763 1551 matrimonium
786 1516 933 1548 sociauit
945 1514 968 1548 ⁹.

446 1573 515 1606 Hic
531 1572 695 1605 admonet
711 1570 818 1608 locus,
834 1575 872 1602 ut
888 1575 923 1602 et
939 1570 983 1601 de
1000 1569 1328 1613 Langobardorum·
1346 1569 1507 1609 historiis,
1523 1571 1807 1614 Francorumque
1823 1571 1941 1614 gestis,
1957 1581 2022 1614 pro
2037 1576 2075 1604 ut
2090 1576 2227 1615 tempus

358 1626 473 1670 exigit,
490 1624 685 1659 summatim
701 1623 838 1667 aliquid
853 1623 1105 1665 interponatur.
1152 1623 1330 1665 Tempore
1346 1623 1450 1666 igitur
1466 1623 1685 1656 Constantini
1701 1624 1823 1669 Magni
1838 1625 2069 1668 imperatoris,
2086 1623 2227 1665 Guinili,

358 1681 416 1724 qui
441 1685 476 1712 et
499 1677 736 1723 Longobardi‚
760 1676 805 1709 ab
836 1676 950 1708 insula
981 1676 1180 1716 Germanic,
1205 1686 1273 1719 que
1306 1676 1560 1709 Scandinauia:
1586 1677 1723 1717 dicitur,
1749 1678 1891 1721 egressi,
1915 1677 2026 1716 Ybor‚
2050 1683 2086 1710 et
2112 1677 2228 1722 Ajone

359 1733 516 1771 ducibus,
539 1732 718 1775 regionem
746 1740 814 1773 que
845 1729 1018 1773 Scoringa
1042 1729 1180 1769 dicitur,
1204 1730 1302 1773 quasi
1326 1730 1515 1763 habitaturi
1537 1737 1618 1763 sunt
1638 1731 1799 1775 ingressi,
1823 1741 1969 1775 eamque
2000 1741 2065 1774 per
2094 1731 2228 1775 aliquot

358 1797 467 1821 annos
491 1786 684 1819 obtinuere.
733 1783 815 1822 Quo
838 1789 994 1825 tempore
1019 1783 1164 1827 Cymbri
1197 1789 1233 1815 et
1255 1783 1335 1816 Assi
1359 1783 1612 1816 Wandalorum
1627 1783 1650 1802 ¹⁰
1675 1785 1782 1818 duces
1804 1784 1942 1818 uicinas
1965 1794 2121 1828 quasque
2144 1794 2228 1828 pro-

357 1840 492 1873 uincias
514 1839 609 1872 bello
631 1837 846 1882 premebant.
894 1837 1025 1870 Guinili
1047 1837 1164 1881 igitur,
1189 1837 1247 1880 qui
1273 1843 1307 1870 et
1329 1837 1569 1880 Longobardi‚
1595 1839 1779 1870 commisso
1802 1838 1912 1881 prelio
1936 1848 2015 1870 cum
2030 1838 2228 1878 Wandalis,

2250 1622 2292 1658 25
2338 1622 2341 1624 ’
2386 1603 2388 1607 ¹

359 1894 555 1937 acriterque
572 1893 785 1930 dimicantes,
802 1891 985 1923 uictoriam
1001 1891 1144 1933 capiunt
1159 1889 1190 1923 ¹¹.
1229 1890 1282 1922 De
1307 1901 1377 1933 qua
1399 1891 1543 1934 regione
1558 1891 1795 1935 Longobardi‚
1813 1898 1990 1925 transacto
2005 1901 2075 1924 non
2091 1891 2230 1925 modico
2251 1892 2296 1924 30
2385 1917 2386 1920 ¹

360 1955 530 1990 tempore,
552 1952 696 1990 propter
719 1945 822 1977 famis
845 1943 1024 1987 penuriam
1047 1944 1219 1982 exientes,
1243 1944 1453 1977 transierunt
1469 1944 1506 1976 in
1528 1945 1761 1988 Maur-ingam,
1784 1945 1879 1978 unde
1904 1944 2079 1989 progressi
2095 1943 2230 1978 habita-

358 2007 484 2034 uerunt
506 2000 542 2032 in
567 1994 806 2033 Golandamn.
852 1997 1001 2030 Mortuis
1024 2002 1138 2029 autem
1163 1997 1320 2037 ducibus,
1335 2007 1454 2042 regem
1478 1998 1544 2030 sibi
1567 1997 1838 2041 Agelmundum,
1856 1998 1961 2031 filium
1986 1997 2108 2041 Ajonis
2125 1997 2224 2031 ducis

359 2059 562 2092 statuerunt,
586 2053 647 2096 qui
668 2062 732 2095 per
755 2051 899 2096 triginta
921 2050 1030 2083 tribus
1053 2060 1222 2083 annorum
1239 2051 1416 2084 curricula
1430 2051 1497 2083 illis
1513 2052 1646 2094 prefuit
1662 2050 1696 2090 ¹³,
1714 2052 1774 2095 qui
1790 2052 1943 2095 quodam
1958 2051 2099 2084 flumine
2115 2056 2228 2084 trans·-

451 2182 472 2200 x.
486 2175 600 2208 petebat
613 2174 652 2202 C,-
664 2173 797 2198 Partus:
811 2172 959 2205 petebatur
973 2187 1005 2191 —
1019 2179 1044 2204 3.
1055 2171 1248 2197 SImmachum
1261 2172 1320 2196 AB
1332 2186 1365 2191 -—
1378 2171 1402 2197 8.
1417 2172 1579 2206 susceplxet
1597 2172 1620 2197 C
1632 2186 1663 2191 —
1681 2180 1720 2197 11.
1731 2172 1870 2206 Lyparim
1883 2173 1920 2202 B,-
1932 2173 2067 2198 PAuLtrsz
2086 2171 2223 2206 Llpanm

363 2232 396 2237 —-
419 2225 458 2243 12.
478 2216 642 2242 Simachum
662 2215 689 2240 B
704 2215 727 2240 C
745 2229 753 2234 -
767 2215 958 2240 Atanaricum
970 2214 995 2238 A
1009 2214 1053 2243 Β,-
1066 2214 1198 2239 ΡΑσιυεε
1212 2215 1413 2240 Athalaricum
1433 2228 1466 2233 —
1492 2221 1531 2247 15.
1545 2221 1584 2240 111
1605 2215 1628 2239 C
1640 2229 1673 2234 —
1690 2220 1729 2247 17.
1743 2215 1938 2248 Dialogorum
1959 2215 1983 2239 C
2006 2228 2039 2233 —
2061 2213 2101 2240 18.
2121 2214 2221 2240 ammi-

362 2261 511 2286 nistrasset
530 2260 554 2283 A
572 2259 595 2283 C
613 2272 622 2277 -
636 2258 789 2282 Audoinus
808 2257 833 2282 A
841 2257 868 2281 B
881 2271 912 2275 —
934 2263 975 2282 20.
989 2256 1168 2282 Theoderico
1180 2257 1205 2282 A
1217 2257 1242 2281 Β
1255 2271 1288 2276 -
1303 2264 1344 2282 21.
1360 2256 1535 2282 Guisecarda
1547 2258 1572 2282 A
1582 2258 1609 2281 B
1622 2271 1654 2276 —
1676 2264 1717 2291 24.
1731 2259 1877 2283 ammonet
1889 2258 1916 2282 B
1930 2259 1954 2284 C
1965 2271 1976 2277 -
1989 2257 2110 2290 ystoriis
2120 2257 2145 2282 A
2155 2256 2180 2281 C
2189 2269 2224 2276 -

361 2302 402 2328 28.
417 2303 569 2336 optinuere
580 2301 605 2325 A
618 2300 642 2325 C
659 2314 667 2319 ·
682 2299 898 2325 Guandalorum
910 2299 935 2323 A
950 2299 974 2323 C
984 2313 1016 2317 -—
1032 2305 1073 2332 ²9·
1088 2297 1250 2324 Guandalis
1262 2299 1286 2324 A
1301 2299 1325 2324 C
1335 2313 1367 2318 —
1381 2306 1424 2332 32.
1439 2298 1575 2325 Golanda
1592 2299 1616 2324 C
1625 2314 1658 2318 —
1672 2307 1715 2332 33.
1728 2300 1851 2333 triginta
1864 2301 1953 2325 trium
1965 2300 1991 2324 B
1997 2309 2010 2329 ‚-
2024 2305 2124 2324 xxxm
2145 2298 2169 2323 C

453 2393 460 2410 ¹
481 2392 604 2423 PAULUS,
624 2393 685 2424 XV,
705 2399 736 2417 1x
756 2390 795 2425 (p.
815 2390 893 2425 219):
911 2391 1066 2416 consideret.
1079 2397 1099 2415 R
1113 2392 1196 2424 copia
1210 2391 1267 2415 alla
1321 2391 1415 2416 habuit
1425 2391 1492 2425 filia
1510 2392 1585 2418 duas.
1619 2391 1722 2417 Nomen
1744 2392 1796 2417 uni
1819 2392 1988 2424 Wisegarda,
2005 2398 2086 2424 quam
2110 2389 2227 2416 tradldx't
2254 2395 2290 2415 πο
2342 2396 2344 2398 ’

363 2438 372 2461 l
466 2456 471 2461 .

374 2439 463 2495 este‘}
482 2479 509 2503 A
528 2480 701 2504 cominciare
721 2478 756 2502 da
775 2477 905 2502 Iohannes
929 2476 987 2501 fino
1007 2484 1022 2501 a
1042 2477 1141 2508 questo
1166 2477 1267 2508 punto,

362 2529 381 2547 R
401 2522 486 2555 copie
507 2522 541 2546 da
560 2522 651 2551 anA,
669 2523 708 2552 op.
728 2521 785 2549 cit„
804 2527 832 2553 p.
854 2526 912 2552 115,
932 2526 977 2544 an.
996 2518 1075 2551 4480.

1318 2434 1349 2458 in
1376 2434 1578 2458 matrimonium
1609 2434 1781 2459 Theodeberto
1808 2435 1869 2467 regi
1894 2435 2066 2459 Francorum.
2104 2432 2225 2460 Secundo

1318 2477 1407 2500 autem
1425 2477 1498 2500 dicta
1516 2479 1554 2500 est
1579 2475 1739 2500 Walderada
1764 2484 1832 2508 quae
1849 2477 1948 2502 sociata
1965 2479 2003 2501 est
2025 2475 2151 2501 Camala
2171 2473 2226 2500 abio

1319 2518 1380 2550 regi
1396 2518 1625 2544 Francorum....
1646 2517 1712 2552 (col.
1731 2518 1805 2552 463).

2251 1090 2346 1126 1⁵

450 2562 462 2580 ³
480 2571 500 2589 R
511 2566 591 2598 parte
602 2565 694 2593 sunta,
704 2564 784 2596 parte
794 2563 878 2594 eopia
889 2562 1014 2591 ΡΑῐηυε,
1026 2561 1099 2592 XVI,
1110 2568 1130 2586 x
1144 2560 1182 2593 (p.
1194 2559 1266 2594 ²19)-

452 2606 464 2622 ⁴¹
484 2607 609 2638 Paomis,
629 2607 679 2631 lib.
699 2607 757 2635 cit„
776 2604 790 2637 g
810 2604 857 2629 XL

451 2648 463 2665 ⁵
482 2650 510 2675 l..
530 2650 572 2678 P..
591 2649 659 2674 sedit
676 2656 720 2673 an.
740 2647 804 2672 IIII
817 2655 850 2672 m.
870 2645 906 2670 II
918 2647 942 2671 d.
962 2645 1028 2671 XII.

452 2691 463 2707 θ
482 2693 571 2721 BnnA,
590 2694 630 2723 op.
649 2692 707 2719 cit..
726 2690 781 2714 loc.
802 2691 851 2714 cit.
873 2688 919 2714 Cf.
939 2689 1027 2713 anche
1046 2687 1171 2720 Pumus,
1191 2688 1267 2718 XVI,

361 2741 410 2764 xx,
434 2742 460 2768 p.
481 2741 541 2768 ²33·

450 2776 461 2793 ⁷
482 2776 607 2806 Pmms,
629 2775 703 2806 XVI,
721 2780 762 2804 xx,
782 2783 810 2807 p.
831 2780 890 2808 ²¹9·

451 2819 461 2836 ⁸
489 2820 627 2844 Wachonis
651 2820 761 2844 anneta
782 2818 804 2842 il
823 2817 917 2842 Sasso.
936 2815 999 2842 Cn:
1018 2816 1136 2842 PAULus
1153 2816 1264 2841 D1Aco-

362 2869 428 2894 Nus,
441 2864 482 2887 De
492 2863 575 2894 gestis
586 2862 833 2894 Langobardorum,
848 2860 898 2884 lib.
910 2859 932 2890 1,
945 2867 1006 2892 cap.
1019 2865 1085 2884 xxn
1107 2860 1136 2883 in
1149 2858 1265 2890 Mzonn,

361 2905 459 2930 Patrol.
482 2905 541 2934 lat„
560 2904 619 2930 vol.
638 2903 725 2934 XCV,
739 2904 794 2928 col.
807 2902 875 2935 4643
888 2909 903 2927 e
915 2901 1017 2933 PAuu,
1031 2901 1103 2926 Hist.
1118 2901 1191 2926 Rom.
1206 2903 1265 2933 clt„

311 2943 314 2946 ’
364 2947 414 2972 lib.
434 2947 509 2977 XVI,
530 2953 577 2977 xx,
598 2954 625 2979 p.
645 2953 706 2979 ²23·
982 2959 984 2961 >

451 2989 463 3007 ⁹
483 2988 610 3019 ΡΑυ-ιυε,
627 2988 669 3013 De
684 2988 766 3020 gemo
783 2986 882 3019 Lang..
895 2986 916 3018 Ι,
935 2993 996 3019 cap.
1012 2991 1080 3011 xx1.
1106 2984 1214 3010 Wacho.

1397 2558 1420 2575 ¹⁰
1437 2559 1524 2592 IDEM,
1542 2559 1564 2590 Ι,
1584 2568 1645 2594 cap.
1664 2564 1703 2586 11:
1726 2562 1768 2586 De
1786 2561 1969 2587 Scanatnavia
1991 2559 2092 2590 insula,
2109 2563 2136 2585 et
2157 2561 2225 2594 quia

1317 2609 1351 2626 ex
1367 2609 1398 2626 ea
1423 2603 1597 2632 Wim'lorum,
1609 2603 1657 2628 hoc
1668 2607 1717 2633 est,
1730 2603 1965 2637 Langobardorum
1974 2611 2040 2636 gens
2051 2605 2090 2628 est
2101 2609 2224 2635 egressa,-

1317 2643 1358 2668 11:
1382 2644 1460 2675 Quod
1469 2644 1539 2677 Jbor
1556 2648 1583 2670 et
1599 2646 1658 2678 Ayo
1673 2647 1762 2678 primi
1779 2647 1857 2672 ducet
1882 2646 2098 2671 Wm‘lorum...

1397 2684 1418 2703 ¹¹
1437 2686 1524 2717 lnam,
1544 2695 1605 2720 cap.
1624 2687 1691 2712 VII:
1716 2688 1793 2719 Quod
1816 2688 1915 2713 thtti
1930 2689 1961 2713 tn
1979 2687 2138 2720 Scoringam
2149 2694 2224 2713 oene-

1317 2731 1402 2761 runt:
1420 2732 1446 2754 εἰ
1463 2730 1528 2761 qm‘a
1546 2730 1654 2759 Ambrl,
1666 2733 1692 2755 et
1703 2730 1766 2755 Assa·
1783 2730 1975 2755 Wandalorum
1993 2730 2071 2755 duces
2084 2730 2112 2754 ei
2121 2729 2224 2755 m'bsaea

1314 2771 1462 2803 persolvere
1480 2773 1685 2799 mandaverunt.
2339 2780 2343 2804 ἶ
2377 2802 2380 2805 ,

1397 2812 1420 2830 ¹²
1439 2814 1526 2844 IDEM,
1546 2823 1606 2848 cap.
1625 2815 1706 2840 XIII:
1730 2814 1807 2846 Quod
1817 2815 1988 2847 Langobardi
2005 2815 2034 2839 in
2047 2814 2229 2847 Mauris-gam
2250 2812 2286 2841 3⁰
2323 2837 2345 2846 ,,
2381 2848 2383 2854 χ

1318 2857 1498 2886 transierunt,
1517 2864 1547 2881 ac
1566 2858 1660 2881 deinde
1679 2858 1717 2881 ad
1733 2858 1863 2882 ulteriora
1881 2857 1937 2882 loca
1954 2857 2088 2889 progressi
2103 2858 2174 2881 sunt.
2212 2861 2214 2863 '

1398 2896 1420 2914 ¹³
1438 2899 1525 2929 IDEM,
1546 2907 1606 2933 cap.
1625 2899 1705 2924 X1v=
1729 2899 1800 2930 Quia
1818 2899 1930 2924 mortuis
1941 2898 2010 2931 Jbor
2027 2901 2053 2923 et
2069 2898 2159 2931 Ayone
2175 2897 2223 2923 dn-

1316 2941 1401 2970 cu'bus,
1419 2941 1592 2974 Langobardi
1598 2943 1721 2974 primum
1732 2949 1822 2974 regem
1840 2939 2018 2975 Agimv'cldum
2036 2941 2195 2967 babuerunt.

2253 2603 2286 2631 ιε
