2398 3470
131 220 328 245 uu...00.29.³0
371 205 419 245 26
952 204 1245 243 ROMUALDI
1280 201 1631 265 SALERNITAN
1636 206 1650 243 Ι
1865 210 1952 249 [ΑΛ.
1970 221 2014 243 m.
2035 214 2238 251 aua-34³1]

374 343 388 359 “
402 350 471 385 quo
495 346 630 372 mortuo
653 337 858 372 Balthasar¹
882 338 973 372 filius
997 338 1071 382 ejus
1094 337 1306 382 regnauerit,
1331 337 1386 370 cui
1413 337 1566 371 Danihel
1597 339 1802 382 scripturam
1832 339 2003 373 misticam
2033 340 2070 374 in
2100 342 2236 384 pariete

372 396 386 413 ‘⁴
401 393 497 438 legit,
521 399 557 426 et
578 393 825 435 interpretatus
848 399 912 426 est.
959 391 1067 430 Quod
1083 397 1197 424 autem
1213 390 1428 424 Balthasaris
1443 397 1577 434 patrem
1594 392 1924 435 Nabuchodonosor
1938 399 2044 427 uocat
2059 404 2131 427 non
2146 395 2235 428 facit

375 449 390 465 ‘⁴
404 457 556 479 errorem
580 446 770 479 scientibus
795 446 925 480 Sancte
950 446 1130 489 Scripture
1154 444 1458 478 consuetudinem:
1491 446 1574 488 quia
1602 452 1721 489 patres
1753 456 1873 479 omnes
1903 447 2026 490 proaui
2057 454 2235 482 uocantur.

247 518 267 533 c.
283 512 329 537 ⁴3⁶
372 503 386 518 “
400 500 580 534 Balthasar
603 506 719 533 autem
742 500 919 533 Chaldeus
941 510 1005 532 rex
1022 499 1144 532 eadem
1161 504 1275 537 nocte,
1292 509 1362 541 qua
1377 498 1528 531 Danihel
1544 500 1677 543 arguit'
1694 510 1783 539 eum,
1799 499 2008 534 interfectus
2024 508 2076 534 est
2091 513 2112 535 a
2127 502 2235 536 Dario

373 556 483 597 “rege
506 552 704 593 Medorum,
729 559 764 586 et
788 554 848 596 qui
872 553 944 586 Ciri
967 552 1061 598 regis
1084 551 1269 584 Persarum
1292 551 1485 584 auunculus
1509 552 1585 593 fuit,
1610 559 1646 586 et
1669 564 1690 585 a
1714 553 1797 586 Ciro
1821 553 1940 592 Persa,
1954 563 2022 597 que
2038 553 2109 588 duo
2125 566 2236 599 regna
2281 554 2301 588 5

373 609 388 624 “
401 607 536 651 Ysayas
548 616 766 639 ascensorem
781 606 874 649 bige‚
892 605 1027 645 cameli,
1045 611 1081 638 et
1098 604 1185 637 asini
1200 610 1314 637 uocat.
1339 604 1466 637 Darius
1482 605 1600 649 igitur,
1617 616 1720 648 quem
1737 605 1970 639 Artarxersen
1986 607 2109 640 dicunt
2124 607 2235 648 Medi,

369 662 383 677 “
400 661 566 693 successit
588 660 625 692 in
648 670 793 704 regnum
817 670 927 692 annos
951 665 1052 692 natus
1074 669 1151 691 an
1176 658 1235 702 qui
1257 658 1467 691 Danihelem
1490 659 1528 691 in
1549 659 1706 692 Mediam
1722 660 1928 693 transduxit.
1972 661 2077 694 Hunc
2092 661 2235 695 Darium

370 716 384 731 “
398 714 540 758 quidam
563 712 733 757 Astiagen
757 713 832 745 aliis
855 712 1009 756 Astiagis
1032 712 1136 744 filium
1161 717 1292 754 putant.
1341 711 1422 744 Fuit
1444 718 1561 745 autem
1585 713 1737 745 Danihel
1753 713 1788 745 in
1807 713 1904 746 Susis
1921 719 2046 753 castro,
2070 725 2139 758 que
2162 725 2235 747 me-

369 766 544 809 “tropolis
567 773 620 799 est
642 766 797 810 regionis
821 766 1057 805 Elamitarum,
1081 765 1117 797 in
1134 775 1202 808 qua
1225 770 1355 797 turrem
1378 766 1530 798 extruxit
1553 766 1730 799 excelsam
1753 766 1925 810 quadrato
1948 777 2119 800 marmore
2136 768 2236 801 edifi-

211 833 290 857 Μυι..
305 837 330 856 ³0
371 822 386 838 ‘⁴
399 826 512 854 catam
535 826 630 854 tante
654 819 933 863 pulchritudinis,
945 825 983 851 ut
1004 828 1112 862 usque
1135 818 1172 850 in
1196 828 1340 860 presens
1362 828 1455 851 noua
1478 829 1553 852 esse
1575 819 1762 852 uidea'tur:
1779 820 1816 852 in
1841 812 1883 853 ea
1898 830 2021 864 regum
2037 820 2234 863 Persarum,
2260 822 2301 856 10

242 902 244 905 .
367 875 382 891 “
399 880 502 917 atque
525 874 713 907 Medorum
737 874 935 906 conduntur
957 872 1104 915 reliquie
1128 863 1438 905 ffiCCCCXX111.

193 945 214 960 ι.
230 945 260 960 m.
276 944 328 964 34²3
459 927 671 961 “Persarum
693 926 825 969 primus
847 926 951 959 Cirus
973 926 1135 970 regnauit
1158 925 1256 958 annis
1279 935 1366 958 xxx.
1413 926 1482 959 Hic
1504 932 1544 960 ut
1566 927 1771 970 impleretur
1793 928 1939 962 uerbum
1954 928 2095 961 Domini
2113 939 2157 963 ex
2173 939 2234 964 ore

369 981 573 1015 “Hieremie
596 981 708 1024 primo
732 981 783 1013 sui
806 979 907 1024 regni
931 990 1032 1019 anno,
1056 980 1170 1012 laxata
1193 979 1413 1012 Hebreorum
1429 979 1643 1023 captiuitate‚
1657 981 1911 1026 quinquaginta
1927 982 2040 1015 ferme
2055 983 2235 1016 hominum

368 1035 383 1051 ‘⁴
396 1033 491 1065 milia
512 1032 653 1077 regredi
675 1031 762 1064 fecit
783 1032 821 1064 in
843 1030 1002 1075 Judeam,
1025 1031 1213 1063 restituens
1236 1031 1286 1063 eis
1309 1041 1394 1064 uasa
1416 1031 1538 1074 templi
1552 1031 1696 1064 Domini
1713 1043 1829 1073 aurea,
1847 1039 1882 1066 et
1896 1040 2064 1078 argentea
2080 1034 2234 1079 quinque

370 1086 491 1119 “milia
515 1096 613 1119 cccc.
662 1085 734 1124 Qui
758 1085 962 1129 congregati
986 1085 1022 1116 in
1045 1084 1263 1117 Hierusalem
1287 1094 1407 1117 mense
1431 1085 1580 1128 septimo
1604 1086 1856 1120 edificauerunt
1879 1088 2000 1127 altare,
2018 1094 2053 1121 et
2075 1099 2096 1121 a
2118 1088 2232 1131 primo
2260 1087 2299 1123 15

369 1141 455 1174 “die
479 1140 607 1172 mensis
630 1140 786 1184 ejusdem
810 1143 979 1182 ceperunt
1003 1138 1131 1171 offerre
1154 1138 1396 1172 holocaust-um
1419 1138 1570 1173 Domino
1578 1152 1587 1178 ;
1612 1150 1703 1173 anno
1735 1147 1849 1174 autem
1881 1142 2037 1175 secundo
2061 1143 2234 1176 aduentus

244 1211 264 1225 c.
279 1211 328 1230 ua
371 1195 460 1233 “sui‚
485 1203 604 1226 mense
628 1193 784 1226 secundo
807 1192 926 1235 templi
950 1193 1179 1225 fundamenta
1202 1192 1364 1236 jecerunt
1387 1203 1479 1226 anno
1503 1192 1735 1226 incensionis'
1758 1194 1856 1238 juxta
1885 1193 2097 1228 Africanum
2128 1206 2235 1229 Lxxrr

367 1247 491 1291 “juxta
514 1246 725 1280 Chronicam
749 1246 889 1279 Eusebii
913 1256 1028 1278 xxxn.
1076 1244 1159 1284 Sed,
1185 1245 1456 1288 impedientibus
1480 1246 1671 1287 Samaritis,
1695 1246 1927 1280 intermissum
1952 1254 2005 1282 est
2021 1259 2109 1293 opus
2123 1259 2232 1294 usque

367 1303 382 1319 ¹⁴
396 1301 442 1334 ad
466 1311 592 1333 annum
615 1300 712 1332 Darii
735 1299 937 1339 secundum,
961 1299 1020 1343 qui
1044 1299 1148 1331 etiam
1171 1298 1205 1331 in
1228 1309 1339 1342 regno
1363 1300 1518 1340 Assueri‚
1543 1305 1578 1333 et
1593 1299 1794 1334 Artaxersis
1809 1301 2024 1344 scripserunt
2041 1304 2233 1336 accusatio-

366 1357 381 1373 “
395 1364 474 1387 nem
497 1354 665 1387 aduersus
686 1353 829 1397 Judeos,
854 1358 888 1385 et
912 1353 1045 1385 remisit
1067 1351 1284 1392 Armenes,
1309 1363 1354 1385 ne
1379 1352 1605 1387 edificaretur
1620 1354 1840 1387 Hierusalem
1852 1354 1876 1387 ¹.
1922 1355 2163 1389 Romanorum
2178 1367 2233 1390 se·
2255 1357 2299 1390 20

367 1410 382 1426 “
395 1407 521 1451 ptimus
542 1407 752 1451 Tarquinius
775 1406 936 1450 regnauit
959 1406 1057 1438 annis
1081 1416 1181 1438 xxxv
1205 1406 1263 1450 qui
1288 1417 1393 1440 causa
1416 1407 1605 1451 Tarquinii
1626 1407 1776 1451 junioris
1799 1408 1860 1440 filii
1875 1408 1938 1449 sui,
1955 1409 2015 1453 qui
2031 1409 2232 1443 Lucretiam

367 1463 382 1480 ‘³
396 1467 609 1504 corruperat,
633 1470 742 1505 regno
765 1460 928 1503 expulsus
951 1466 1003 1492 est
1017 1471 1053 1500 „z
1077 1460 1143 1493 iste
1167 1460 1315 1503 primum
1339 1461 1555 1505 excogitauit
1576 1461 1704 1501 uincla,
1729 1466 1875 1501 taureas,
1900 1462 2021 1503 fustes,
2038 1463 2232 1504 lautomiae,

362 1525 532 1554 carceres,
557 1515 757 1558 compedes,
783 1520 933 1553 catenas,
959 1514 1073 1554 exilia,
1099 1519 1203 1557 atque
1227 1514 1369 1547 metalla
1382 1513 1405 1548 ³.

1217 1644 1358 1684 Orosius
1366 1663 1376 1684 :

211 1759 234 1774 u.
250 1758 270 1774 e.
286 1757 324 1778 254
455 1743 469 1760 ‘⁴
480 1740 585 1774 Anno
607 1747 687 1784 post
708 1739 831 1774 urbem
849 1740 1025 1774 conditam
1042 1738 1188 1774 CCLIV
1200 1739 1223 1774 ⁴.
1254 1740 1374 1780 Bruto,
1391 1741 1537 1784 expulso
1553 1741 1648 1786 regis
1663 1741 1821 1785 imperio,
1838 1741 1961 1775 consul
1975 1741 2127 1786 primum
2143 1742 2232 1776 effe·
2255 1741 2297 1776 25

365 1798 380 1814 “
394 1802 469 1829 ctus
485 1801 547 1828 est.
572 1795 626 1828 Eo
649 1800 806 1838 tempore
829 1795 931 1828 Cirus
946 1805 1009 1828 rex
1024 1794 1210 1828 Persarum
1233 1795 1319 1828 uicit
1341 1795 1572 1836 Babiloniam,
1587 1795 1710 1829 urbem
1725 1801 1808 1829 tunc
1826 1795 1962 1829 cunctis
1977 1796 2233 1839 opulentiorem

365 1851 380 1867 ‘⁴
393 1849 497 1892 cepit,
513 1848 683 1882 subuertit
700 1854 804 1891 atque
821 1848 1001 1887 destruxit,
1018 1860 1110 1882 anno
1135 1848 1348 1882 conditionis
1365 1849 1439 1893 ejus
1455 1849 1638 1882 millesimo
1655 1849 1846 1883 centesimo
1863 1849 2080 1894 sexagesimo
2095 1855 2232 1894 quarto.

364 1905 379 1921 “
392 1903 494 1936 Cirus
516 1908 629 1935 autem
650 1913 713 1935 rex
735 1902 919 1935 Persarum
943 1902 1092 1945 proximi
1115 1902 1281 1945 temporis
1303 1913 1467 1936 successu
1490 1902 1620 1936 scithis
1643 1903 1774 1936 bellum
1796 1896 1923 1944 intulit,
1947 1913 2051 1947 quem
2081 1903 2232 1936 Tamiris

363 1957 498 1999 “ipsius
520 1955 703 1998 prouincie
727 1955 849 2000 regina
872 1955 920 1989 ita
943 1966 1022 1988 cum
1046 1956 1118 1988 suis
1142 1956 1374 1997 obtruncauit,
1399 1962 1503 2001 atque
1526 1956 1668 1997 deleuit,
1685 1957 1779 2000 quod
1800 1956 1845 1990 de
1862 1966 1905 1989 cc
1927 1956 2093 1990 militibus
2107 1956 2231 2001 persis,

364 2010 451 2053 “qui
474 2020 553 2042 cum
576 2019 619 2042 eo
642 2014 822 2049 uenerant,
846 2019 913 2042 nec
937 2009 1084 2043 nuncius
1108 2009 1251 2053 quidem
1274 2016 1370 2043 tante
1395 2010 1506 2044 cladis
1533 2011 1571 2043 in
1600 2010 1661 2044 illo
1693 2010 1787 2043 bello
1819 2010 2001 2054 superfuit.
2047 2009 2153 2044 Anno
2186 2010 2231 2044 ab
2254 2011 2298 2044 30

240 2081 260 2095 c.
274 2074 323 2100 ub
364 2065 380 2081 ‘⁴
392 2062 478 2096 urbe
502 2063 643 2096 condita
665 2062 830 2096 CCXLV
851 2062 978 2095 Darius
1001 2062 1084 2096 Ciro
1108 2064 1204 2107 apud
1221 2063 1336 2097 Scitas
1352 2064 1538 2097 interfecto
1554 2069 1634 2107 post
1651 2063 1864 2108 aliquantum
1879 2063 2120 2097 interuallum'
2137 2063 2230 2097 forte

187 2135 208 2150 ι.
225 2135 255 2150 m.
270 2134 320 2154 ³⁴³¹
364 2120 379 2135 ‘⁴
392 2127 536 2161 regnum
552 2117 689 2160 nepotis
705 2115 853 2159 adeptus
868 2122 938 2151 est:
955 2128 1035 2150 nam
1051 2116 1185 2151 medius
1200 2129 1320 2152 eorum
1336 2119 1497 2163 regnauit
1513 2117 1692 2152 Cambises
1707 2118 1783 2152 Ciri
1806 2119 1897 2152 filius
1918 2108 2230 2152 ifiCCCCXXXI.

446 2267 470 2294 5.
489 2262 574 2288 Perse
591 2261 635 2289 A:
654 2264 748 2286 accetto
767 2261 794 2286 la
813 2262 908 2286 lenione
927 2263 959 2286 dr·
975 2262 1002 2286 B
1015 2262 1038 2286 C
1053 2261 1185 2294 conforme
1203 2263 1233 2288 al
1251 2266 1314 2288 testo
1332 2263 1364 2287 di
1383 2263 1520 2288 Girolamo
1539 2277 1572 2282 —
1592 2262 1617 2289 6.
1638 2262 1729 2289 Medis
1751 2263 1775 2287 C
1792 2277 1823 2281 —·
1844 2262 1870 2289 8.
1889 2262 2004 2296 quidem
2030 2263 2147 2296 quidum
2169 2262 2193 2288 C
2215 2276 2228 2283 ·

358 2305 440 2330 Fusis
452 2304 476 2329 A
490 2318 522 2323 ——-
538 2312 580 2337 13.
592 2304 724 2330 Ieremias
742 2303 765 2328 C
775 2317 787 2323 -
801 2305 958 2330 Hebrorum
971 2305 995 2329 A
1011 2319 1043 2324 —
1060 2312 1100 2337 15.
1114 2305 1264 2331 Ierusalem
1282 2305 1305 2330 C
1316 2319 1349 2323 —
1366 2305 1406 2332 16.
1419 2306 1594 2332 olocaustum
1612 2306 1635 2330 C
1647 2319 1680 2324 —
1697 2311 1737 2337 17.
1751 2306 1881 2340 Jecerunt
1893 2308 2004 2330 corretto
2016 2306 2047 2330 ln
2056 2306 2193 2340 ceperunt
2209 2305 2232 2330 C

357 2360 369 2366 -
382 2346 560 2372 incensionis
579 2347 641 2371 eius
659 2347 686 2370 B
706 2360 737 2365 —
761 2347 800 2372 18.
820 2347 975 2373 Cronlcam
999 2347 1022 2372 C
1039 2361 1051 2367 -
1071 2349 1114 2373 set
1137 2348 1160 2372 C
1177 2362 1210 2366 —
1228 2355 1269 2382 19.
1284 2349 1454 2374 Artaxerses
1474 2348 1500 2372 C
1517 2363 1550 2368 -
1570 2355 1614 2374 20.
1633 2348 1782 2374 Ierusalem
1807 2348 1830 2373 C
1847 2361 1880 2366 —
1901 2354 1944 2373 22.
1968 2348 1992 2372 C
2007 2348 2037 2372 al
2052 2349 2187 2382 margine,
2199 2349 2231 2372 aa·

357 2397 433 2414 mano
445 2391 659 2420 contemporanea
671 2388 701 2412 al
717 2389 812 2417 codice,
825 2389 851 2413 si
868 2389 959 2422 legge:
974 2396 1008 2415 eo
1022 2389 1097 2423 quod
1110 2392 1204 2423 prImo
1224 2391 1338 2416 inuenit
1350 2397 1478 2416 carceres
1493 2403 1526 2409 —
1543 2390 1586 2416 26.
1605 2390 1816 2424 opulenciorem
1834 2390 1857 2415 C
1869 2404 1901 2409 —
1917 2395 1959 2423 ²7·
1973 2390 2155 2416 condicionis
2167 2390 2194 2415 B
2207 2390 2231 2415 C

317 2484 331 2511 5
359 2479 419 2509 cit„
437 2478 473 2509 11,
486 2486 514 2511 p.
533 2477 597 2511 364)
618 2485 633 2503 e
652 2478 770 2511 11Reg..
784 2479 873 2510 XXV,
887 2483 937 2511 273
951 2479 1074 2508 Ieremia,
1088 2478 1148 2511 LII,
1169 2486 1268 2512 31-343
1323 2480 1379 2505 vol.
1398 2480 1434 2511 II,
1453 2489 1482 2515 p.
1501 2485 1553 2514 370
1572 2487 1613 2513 sg.
1633 2479 1706 2514 (cap.
1725 2478 1810 2512 LIV).
1830 2487 1849 2505 R
1867 2481 1924 2505 cita
1938 2479 2007 2513 pero
2026 2480 2063 2506 da
2075 2480 2230 2506 thozw-

359 2521 430 2545 κττᾰ
448 2520 570 2552 ‘Ant-102
593 2521 626 2550 L,
655 2526 770 2553 142·153
793 2519 844 2553 (op.
864 2522 922 2550 cit„
942 2521 998 2547 vol.
1019 2522 1069 2552 VI,
1089 2530 1116 2554 p.
1136 2528 1267 2548 210-212.
1322 2530 1392 2554 uus,
1416 2523 1513 2549 Comm.
1533 2524 1563 2548 in
1580 2523 1735 2552 Danielem,
1755 2530 1815 2555 cap.
1836 2523 1871 2554 V,
1891 2523 1948 2549 vol.
1968 2523 1981 2548 1
1998 2530 2050 2556 eg„
2063 2522 2095 2549 in.
2114 2523 2230 2553 Μιοιη,

358 2563 391 2588 In
411 2564 512 2595 questo
531 2563 620 2588 bruno
640 2564 822 2588 conosclamo
842 2563 866 2588 le
886 2564 948 2589 ldee
967 2563 997 2588 di
1016 2565 1132 2596 Beroso,
1145 2565 1196 2590 che
1209 2572 1266 2590 uer·
1321 2565 1414 2596 XXV,
1433 2573 1460 2599 p.
1482 2565 1532 2597 518
1551 2572 1593 2599 sg.
2259 2570 2293 2590 πο

359 2606 461 2630 virono
481 2612 497 2630 ι
516 2604 659 2638 Gluseppe
678 2605 781 2630 Flavio
802 2613 852 2638 per
869 2612 1036 2639 correggere
1056 2606 1150 2631 alcuni
1175 2607 1266 2632 errori
1411 2605 1423 2624 ²
1441 2609 1653 2639 Hmaommus,
1673 2611 1714 2640 op.
1731 2609 1789 2638 cit..
1808 2609 1839 2634 in
1859 2608 1973 2641 Mxorm,
1993 2608 2082 2639 XXV,
2102 2613 2155 2640 520
2172 2614 2230 2641 153

359 2648 505 2672 commessi
524 2647 594 2672 nelle
612 2646 762 2679 Ἰὀονκικὴς
782 2648 987 2680 ἀρχαιολογίας,
1006 2648 1115 2682 δεκάτη,
1130 2648 1144 2682 5
1159 2655 1207 2683 ²31
1223 2657 1266 2682 sg.
1321 2651 1466 2677 Eusnmus
1485 2658 1500 2676 e
1519 2651 1691 2678 Svncnnnus
1711 2650 1883 2685 (Africanus)
1904 2658 1977 2677 sono
1998 2651 2074 2676 daB
2091 2650 2176 2676 citati
2193 2649 2230 2676 dn

299 2690 334 2710 ¹0
447 2687 456 2705 ¹
475 2690 603 2714 Fmvms
616 2689 768 2721 Iosaprms,
782 2693 822 2722 op.
835 2691 892 2719 cit„
904 2691 957 2716 loc.
970 2693 1035 2717 cita
1057 2691 1071 2705 “
1078 2709 1085 2716 .
1094 2709 1116 2717 ..
1125 2709 1132 2717 .
1142 2691 1266 2723 τελευτή·
1320 2693 1533 2719 ΗικιιοΝγΜυε.
1553 2694 1634 2719 Dove
1653 2700 1672 2718 n
1690 2693 1727 2718 ha
1744 2693 1849 2718 remisit
1860 2692 2029 2722 Artaxerses,
2043 2692 2117 2718 Beda
2129 2692 2228 2726 legge:

359 2730 373 2745 ⁸
386 2731 479 2755 :1oe-1⁴:0ss
493 2731 572 2755 αὐτοῦ
586 2730 827 2763 (λαβοαεαρχάδου)
840 2732 987 2763 „amazon
1008 2730 1036 2764 (ἡ
1055 2732 1186 2765 βκσιλείκ)
1201 2733 1266 2763 πρὸς
1319 2736 1464 2768 '‘euripi-it.

360 2773 374 2787 ¹‘
383 2773 545 2805 βαλτάπαρον
555 2773 600 2797 τὸν
610 2774 775 2804 γαλούμενον
789 2774 969 2807 Ναβῆῡνζηλον
983 2775 1053 2803 παρὰ
1065 2775 1265 2808 βοβολωνίοὶςη.
1409 2774 1422 2793 ⁸
1440 2777 1556 2809 Lrvms,
1576 2777 1660 2806 Hist„
1680 2777 1701 2809 1,
1716 2776 1815 2810 57-603
1834 2778 1951 2804 PAuLus
1970 2777 2107 2808 Onosxus,
2117 2779 2157 2809 op.
2171 2777 2228 2806 cit„
2257 2782 2290 2810 25

358 2815 487 2840 Secondo
507 2816 612 2840 recenti
632 2816 710 2841 studi
730 2815 797 2849 pero
817 2817 928 2842 sembra
947 2817 1118 2842 dimostrato
1138 2817 1190 2842 che
1200 2818 1264 2842 Bal·
1317 2818 1353 2850 11,
1375 2826 1400 2851 4,
1424 2825 1453 2844 12
1475 2818 1557 2851 (ediz.
1575 2819 1633 2850 cit„
1653 2827 1681 2852 p.
1701 2819 1756 2853 39).

358 2857 470 2882 dassare
483 2856 720 2890 (Bel-sar-Ussur)
730 2858 772 2883 sia
786 2859 864 2884 stato
876 2857 957 2892 figlio
971 2859 1000 2884 di
1017 2859 1164 2884 Labonlde
1176 2867 1191 2884 e
1205 2867 1264 2885 non
1407 2859 1418 2877 ⁴
1437 2862 1451 2876 ⁴¹
1462 2861 1581 2895 Con-ige
1598 2861 1764 2892 CCXLIV„
1774 2862 1834 2887 dlce
1843 2862 2032 2895 giustamente
2045 2861 2067 2887 11
2078 2861 2164 2888 Sam.
2183 2859 2229 2888 cf.

301 2896 332 2925 15
359 2899 390 2923 di
409 2899 678 2929 Laborosoarchod3
696 2898 732 2923 ct.
753 2901 783 2924 in
803 2901 954 2933 proposito
976 2901 1152 2932 Bnummoo,
1170 2901 1263 2926 L'im-
1317 2904 1434 2930 PAumxs
1448 2904 1588 2936 OnosmS,
1607 2907 1647 2937 op.
1666 2904 1723 2934 ca..
1741 2903 1777 2935 11,
1797 2909 1821 2936 5,
1838 2911 1866 2937 ις
1879 2903 1905 2936 6,
1921 2911 1949 2936 ¹³
1965 2912 2006 2937 14,
2032 2909 2064 2937 73
2084 2903 2140 2936 2-6,
2159 2904 2229 2932 edlz.

355 2944 420 2973 pero
438 2941 469 2964 di
485 2941 628 2965 Babilont'a
646 2949 660 2965 ο
678 2941 777 2966 Ninive
790 2942 861 2966 dalle
879 2943 984 2974 origini
1000 2943 1056 2967 alla
1077 2945 1214 2976 conquista
1232 2945 1265 2969 dx·
1316 2945 1377 2976 eit„
1397 2953 1424 2979 p.
1443 2952 1535 2979 40-44.

364 2982 425 3009 ciro
437 2983 558 3008 descritto
570 2984 676 3008 secondo
689 2985 701 3008 i
713 2985 877 3009 monumenti
887 2984 1058 3017 cunezformz',
1071 2986 1167 3018 Prsto,
1185 2987 1260 3019 1883,
