2398 3470
0 292 26 454 s
128 385 293 428 oppidum
317 383 509 418 Galliarum
532 382 890 416 formidolosissimum
913 381 1043 415 bellum
1074 380 1273 414 incredibili
1305 380 1476 413 felicitate
1507 380 1672 421 confecit,
1696 392 1776 414 nam
1800 382 1983 425 plusquam

127 447 204 471 xxx
226 437 335 471 millia
356 436 640 476 Alamannorum,
663 436 770 469 nimio
784 437 793 455 ¹
817 445 1040 468 romanorum
1071 435 1280 468 detrimento
1310 435 1346 467 in
1371 444 1414 467 eo
1436 434 1548 476 prelio
1579 435 1767 468 interfecta
1790 441 1983 468 narrantur.

127 491 205 524 Hoc
227 491 346 534 itaque
368 490 463 523 Deus
486 501 546 523 sue
570 495 666 523 recte
688 489 770 521 fidei
801 489 927 521 cultori
959 488 1158 526 contribuit,
1190 498 1268 521 cum
1290 497 1400 531 usque
1424 488 1469 520 ad
1492 487 1528 520 id
1553 493 1690 530 tempus
1714 489 1813 521 Italia
1834 487 1984 522 Arriane

125 544 209 577 fidei
231 544 354 577 morbo
378 543 568 587 langueret.
613 543 693 576 Hoc
714 542 832 585 itaque
855 548 1012 584 tempore
1042 547 1121 585 post
1150 541 1318 575 Auxentii
1348 551 1461 573 seram
1492 546 1639 574 mortem
1671 552 1750 574 cum
1780 540 1986 575 Ambrosius

83 597 103 631 5
126 597 399 631 Mediolanensis
421 596 607 640 episcopus
630 606 693 639 pro
715 596 783 628 fide
808 595 981 628 catholica
1005 595 1110 628 libros
1133 595 1299 628 Gratiano
1323 594 1523 637 imperatori
1546 594 1764 637 porrexisset,
1782 605 1823 627 ac
1839 605 1987 628 uenera-

0 639 13 666 ξ
127 651 232 690 tione,
249 661 319 694 qua
334 650 515 690 debuerat,
531 655 711 692 susceptus
727 654 828 688 esset,
843 649 1042 681 uniuersam
1064 649 1178 682 statim
1194 649 1242 682 ad
1256 653 1388 681 rectam
1411 647 1516 680 fidem
1533 648 1666 680 Italiam
1682 649 1858 690 reparauit
1870 648 1892 682 ².
1932 649 1986 682 Eo

125 709 281 747 tempore
304 703 342 736 in
365 703 482 736 Gallia
503 701 680 736 Turonis⁸
702 701 816 735 multis
847 701 1064 734 beatissimus
1094 701 1267 735 Martinus
1297 700 1455 734 radiabat
1477 701 1672 734 uirtutibus.
1719 702 1882 745 Totoque
1906 702 1984 735 orbi

126 757 293 790 doctrinis
316 762 351 790 et
374 756 527 790 sciencia
550 756 665 789 clarus
695 755 788 798 apud
817 754 999 788 Bethleem
1032 755 1205 788 ciuitatem
1234 754 1408 788 Palestine
1440 754 1526 787 situs
1556 754 1712 797 pollebat
1742 755 1985 800 Hieronymus.

14 840 17 846 .
126 810 320 844 Mediolani
335 820 420 843 uero
437 809 558 842 beatus
574 808 779 842 Ambrosius
795 809 988 851 episcopus.
1023 808 1178 841 Pictauis
1193 819 1332 852 quoque
1349 808 1470 841 beatus
1485 807 1648 841 Hilarius.
1680 808 1856 852 Hyppone
1873 815 1986 842 autem

12 863 18 894 ὲ
63 865 104 898 10
126 864 248 897 beatus
268 862 483 907 Augustinus
505 863 701 905 episcopus.
747 861 1051 904 Constantinopoli
1072 873 1158 895 uero
1182 862 1303 895 beatus
1326 861 1503 905 Johannes
1530 861 1813 905 chrysostomus:
1840 873 1986 906 quorum

126 916 293 961 preclaris
316 916 492 959 opusculis
514 915 619 948 hodie
642 925 752 958 usque
776 914 927 948 ecclesia
950 915 1058 948 floret.
1104 915 1218 948 Rome
1242 916 1347 949 etiam
1370 914 1499 948 Paulus
1522 915 1667 948 Orosius
1681 915 1854 958 presbiter
1878 917 1988 949 diser-

125 970 274 1004 tissimus
296 975 490 1012 temporum
514 969 674 1012 scriptor.
720 968 830 1001 Porro
853 968 1040 1002 Gratianus
1063 979 1142 1001 cum
1165 967 1356 1002 afflictum⁴
1379 979 1421 1001 ac
1437 978 1528 1011 pene
1545 968 1748 1011 collapsum,
1771 969 1987 1003 aduersanti-

126 1023 190 1057 bus
206 1022 341 1062 Gothis,
357 1022 537 1065 republice
551 1027 676 1055 statum
691 1021 838 1061 uideret,
864 1021 988 1054 eadem
1003 1022 1214 1064 prouisione,
1238 1032 1307 1066 qua
1322 1022 1441 1055 Nerua
1457 1022 1632 1065 quondam
1649 1022 1781 1066 legerat
1798 1023 1987 1066 Trajanum

124 1077 238 1110 uirum
261 1076 466 1119 Hispanum,
482 1085 546 1119 per
569 1085 671 1119 quem
693 1074 911 1118 Respublica
933 1082 1095 1118 reparata
1110 1081 1172 1114 est,
1190 1075 1275 1120 legit
1289 1082 1323 1108 et
1338 1076 1413 1118 ipse
1429 1075 1668 1108 Theodosium
1684 1086 1773 1119 eque
1796 1076 1988 1119 Hispanum

20 1122 24 1142 ³
63 1129 101 1164 15
124 1131 248 1169 uirum,
272 1135 307 1162 et
329 1130 543 1162 restituende
567 1129 764 1172 reipublice
787 1128 1004 1168 necessitate,
1028 1129 1227 1162 fauentibus
1243 1130 1390 1169 cunctis,
1406 1129 1500 1172 apud
1517 1129 1680 1162 Sirmium
1696 1140 1849 1172 purpura
1865 1130 1988 1171 induit,

125 1184 224 1217 etatis
245 1194 374 1216 annum
396 1183 610 1227 trigesimum
633 1188 795 1227 agentem
808 1182 830 1222 ⁵,
854 1182 1087 1226 Orientisque,
1111 1188 1146 1215 et
1169 1183 1298 1215 Tracie
1322 1182 1426 1215 simul
1449 1183 1601 1225 prefecit
1622 1183 1768 1226 imperio
1782 1183 1804 1216 ⁶.
1851 1183 1985 1227 Itaque'

125 1237 347 1271 Theodosius
370 1237 532 1270 afflictam
555 1236 807 1279 rempublicam
830 1237 883 1269 ira
905 1237 971 1270 Dei
995 1237 1225 1280 reparandam
1251 1237 1400 1270 credidit
1423 1237 1663 1270 misericordia
1685 1237 1730 1276 ei,
1747 1247 1885 1270 omnem
1901 1238 1987 1271 fidu-

125 1292 215 1324 ciam
238 1291 290 1323 sui
315 1290 360 1323 ad
383 1300 486 1333 opem
509 1290 640 1324 Christi
663 1291 859 1330 conferens,
882 1290 1050 1324 maximas
1072 1290 1150 1323 illas
1173 1290 1347 1324 Scithicas
1369 1296 1492 1334 gentes
1507 1291 1713 1324 formidatas
1729 1292 1865 1325 cunctis
1880 1291 1987 1335 maj0-

124 1344 229 1383 ribus,
245 1343 447 1377 Alexandro
463 1353 614 1388 quoque,
629 1344 718 1376 sicut
730 1343 917 1387 Pompejus
930 1343 1181 1388 Corneliusque
1193 1344 1309 1377 testati
1326 1350 1415 1383 sunt,
1429 1344 1586 1383 euitatas,
1599 1354 1691 1376 nunc
1704 1350 1818 1377 autem
1834 1346 1988 1378 extincto

59 1399 103 1432 20
125 1398 285 1432 Romano
310 1397 480 1436 exercitu,
504 1397 673 1430 Romanis
697 1396 795 1440 equis
817 1396 989 1440 armisque
1013 1397 1296 1436 instructissimis,
1320 1398 1387 1430 hoc
1412 1403 1464 1430 est
1486 1396 1629 1436 Alanos,
1653 1397 1787 1438 Unnos‚
1805 1403 1840 1431 et
1855 1398 1989 1432 Gothos

124 1452 366 1485 incunctanter
390 1449 582 1494 adgressus,
606 1450 739 1494 magnis
761 1450 947 1494 multisque
970 1450 1090 1493 preliis
1111 1451 1207 1490 uicit,
1231 1450 1353 1484 urbem
1384 1450 1724 1493 Constantinopolim
1746 1451 1859 1484 uictor
1882 1451 1990 1485 intra-

124 1505 193 1544 uit3
217 1510 252 1537 et
273 1515 317 1537 ne
341 1514 484 1547 paruam
507 1504 618 1546 ipsam
641 1504 794 1537 Romani
825 1503 1001 1537 exercitus
1031 1515 1169 1537 manum
1201 1503 1338 1537 assidue
1362 1504 1524 1537 bellando
1555 1504 1759 1544 deterreret,
1783 1506 1886 1539 fedus
1910 1516 1988 1538 cum

123 1557 337 1592 Athanarico
360 1567 445 1601 rege
470 1557 664 1590 Gothorum
689 1557 905 1600 conjunxit⁷.
952 1556 1184 1591 Athanaricus
1208 1564 1323 1591 autem
1347 1558 1513 1590 continuo
1530 1564 1567 1591 ut
1583 1559 1919 1602 Constantinopolim
1943 1561 1989 1593 ad

122 1611 361 1645 Theodosium
385 1611 472 1644 mira
494 1610 685 1643 affectione
708 1610 805 1643 illum
829 1611 1078 1653 suscipientem
1101 1611 1201 1644 uenit
1213 1610 1237 1650 ⁸,
1269 1621 1335 1644 nec
1368 1622 1477 1650 mora,
1501 1611 1770 1654 superueniente
1794 1612 1987 1646 ualitudine

25 1662 99 1699 25
123 1665 215 1699 diem
239 1664 340 1698 obiit:
366 1664 464 1708 cujus
488 1664 653 1707 exequias
676 1664 866 1707 imperator
888 1664 963 1707 ipse
986 1664 1182 1707 precedens
1206 1664 1312 1709 digne
1336 1675 1415 1697 eum
1438 1664 1582 1698 tradidit
1609 1665 1796 1708 sepulture.
1842 1665 1891 1699 At
1912 1667 1989 1700 uni-

34 1723 37 1725 “
122 1727 223 1752 uerse
245 1724 378 1763 gentes,
402 1727 485 1761 rege
509 1717 689 1756 defuncto,
713 1717 923 1759 aspicientes
945 1717 1119 1757 uirtutem,
1143 1717 1463 1761 benignitatemque
1495 1718 1699 1758 Theodosii,
1722 1718 1990 1764 Romano(rum)

121 1781 197 1805 sese
219 1771 364 1814 ἰωρετίο
388 1770 572 1803 dederunt.
620 1770 660 1803 In
683 1770 820 1803 hisdem
845 1771 949 1803 etiam
973 1770 1099 1804 diebus
1122 1771 1255 1810 Parthi,
1279 1778 1466 1815 cetereque
1491 1771 1639 1804 barbare
1663 1772 1823 1805 nationes
1838 1773 1992 1807 Romani

122 1825 217 1869 prius
239 1825 389 1858 nominis
411 1824 562 1864 inimice,
586 1824 677 1856 ultro
701 1824 1039 1867 Constantinopolim
1064 1835 1085 1857 a
1107 1825 1347 1858 Theodosium
1370 1825 1497 1858 misere
1522 1825 1665 1870 legatos,
1689 1836 1883 1870 pacemque
1908 1838 1987 1871 sup-

123 1879 207 1912 lices
228 1883 476 1922 poposcerunt,
498 1877 676 1921 ictumque
700 1887 779 1910 cum
802 1877 853 1910 eis
875 1883 957 1911 tunc
981 1878 1085 1910 fedus
1109 1877 1193 1911 est⁹.
1247 1881 1261 1896 “
1274 1878 1383 1923 Cujus
1406 1879 1633 1912 concordiam
1658 1890 1727 1913 non
1744 1880 1901 1914 ferentes
1922 1880 1991 1914 Ar-

128 1934 144 1951 “
156 1932 255 1971 riani,
278 1937 358 1974 post
381 1931 611 1975 quadraginta
628 1941 738 1963 annos
755 1930 933 1971 ecclesias,
949 1941 1034 1975 quas
1051 1931 1275 1971 intrauerant,
1291 1932 1517 1975 reliquerunt.
1564 1932 1700 1966 Eodem
1717 1939 1875 1976 tempore
1892 1940 1991 1967 sexta

32 1978 38 1992 *
128 1987 144 2005 ‘⁴
156 1985 320 2030 Synodus
344 1990 483 2018 centum
508 1984 760 2028 quinquaginta
782 1991 920 2027 patrum
943 1991 1175 2029 congregatur
1190 1985 1228 2017 in
1243 1985 1328 2018 urbe
1354 1986 1523 2030 Augusta,
1540 1985 1602 2019 sub
1618 1986 1769 2019 Damaso
1785 1987 1899 2020 Rome
1916 1988 1990 2031 epi-

128 2041 265 2082 “scopo
278 2063 293 2080 ‚‚
323 2045 446 2072 contra
467 2037 716 2071 Macedonium
739 2038 989 2079 Theodosium,
1006 2040 1147 2082 quando
1169 2039 1348 2072 Nestorius
1372 2040 1487 2072 eidem
1510 2039 1589 2072 urbi
1612 2040 1831 2073 ordinaretur
1854 2042 1990 2084 episco-

122 2103 188 2137 pus
201 2092 233 2126 ¹⁰.
279 2093 418 2125 Interea
439 2101 524 2124 uero
548 2091 770 2125 Theodosius
799 2092 835 2123 in
866 2091 1010 2125 Oriente
1033 2091 1185 2126 subactis
1208 2092 1433 2125 barbarorum
1463 2093 1625 2138 gentibus
1655 2094 1818 2126 Traciam
1850 2096 1991 2128 tandem

122 2156 261 2180 necnon
277 2152 313 2179 et
335 2145 482 2179 Daciam
504 2144 548 2178 ab
564 2145 721 2178 hostibus
737 2145 959 2185 reddidisset,
976 2152 1011 2179 et
1026 2147 1183 2179 secundo
1199 2147 1290 2179 an'no
1307 2145 1497 2179 Arcadium
1510 2146 1532 2164 ¹¹
1548 2147 1657 2179 filium
1672 2158 1771 2180 suum
1791 2155 1991 2182 consortem

46 2051 49 2067 ἰ

213 2269 236 2289 2.
256 2263 351 2288 mima
366 2263 389 2288 C
400 2276 434 2282 -
447 2271 472 2296 4.
486 2262 548 2288 Hoc
567 2262 664 2295 itaque
676 2263 804 2296 tempore
816 2269 910 2287 manca
921 2263 952 2287 tn
969 2262 1001 2292 C.
1013 2269 1082 2288 come
1093 2271 1188 2288 manca
1200 2264 1230 2288 in
1244 2262 1369 2294 Parmos,
1382 2270 1423 2294 xx,
1437 2269 1496 2289 xm
1510 2278 1542 2283 —
1557 2270 1581 2298 7.
1593 2264 1753 2290 beatissimi
1771 2265 1798 2289 B
1813 2278 1846 2284 —-
1860 2265 1884 2290 8.
1899 2266 1989 2291 scien·

122 2307 168 2332 eia.
190 2305 214 2331 C
229 2318 239 2325 -
257 2306 416 2331 Iex-enimus
435 2306 461 2330 B
475 2305 498 2330 C
517 2319 548 2324 —
567 2313 591 2339 9.
612 2305 729 2330 Ylarius
749 2305 873 2339 Yppone
886 2305 912 2329 B
925 2305 949 2330 C
960 2320 993 2325 —
1009 2313 1050 2331 10.
1063 2306 1130 2339 Aug
1146 2306 1169 2330 C
1185 2319 1198 2326 -
1211 2306 1358 2339 Johannes
1375 2306 1398 2331 C
1409 2321 1441 2325 —
1459 2314 1498 2340 14.
1512 2307 1661 2340 Yspanum
1674 2307 1701 2331 B
1718 2320 1731 2326 -
1749 2307 1899 2341 Yspanum
1912 2309 1938 2333 B
1957 2323 1989 2328 -—

125 2354 166 2382 15.
180 2348 338 2382 telpublice
359 2347 383 2372 C
394 2361 403 2366 -
417 2348 453 2381 ap
469 2347 493 2372 C
504 2361 536 2366 —
554 2346 593 2373 16.
606 2354 668 2373 xxx
690 2347 714 2372 C
724 2360 757 2366 -
774 2347 814 2372 18.
828 2347 967 2373 Scithicas
984 2349 1008 2374 C
1020 2362 1051 2366 —
1067 2355 1108 2382 19.
1122 2349 1291 2374 testimonio
1304 2349 1346 2377 B,-
1364 2356 1443 2382 seg-uo
1459 2348 1483 2373 C
1492 2348 1624 2380 conforme
1643 2348 1774 2375 Onosms
1786 2351 1837 2381 qui
1846 2352 1946 2382 coplata
1960 2364 1993 2370 -

4 2415 6 2419 ,
36 2414 37 2417 ,
50 2415 51 2418 ,
123 2397 167 2417 20·
180 2390 395 2416 istmttissimas
411 2390 451 2419 C,-
469 2389 613 2416 Onosms:
632 2390 870 2416 instructissimas
884 2402 894 2408 -
909 2390 1009 2416 Unnos
1026 2390 1064 2419 0,-
1078 2390 1225 2416 Onosms:
1244 2391 1343 2416 Hunos
1358 2406 1390 2410 —
1404 2398 1447 2416 21.
1461 2398 1608 2425 aggressus
1621 2392 1647 2415 B
1659 2405 1693 2410 —
1708 2398 1750 2417 22.
1763 2392 1901 2418 detereret
1917 2393 1940 2417 C
1956 2407 1990 2412 —

36 2439 50 2460 L
77 2438 92 2467 5
123 2439 166 2467 27.
180 2433 283 2458 iisdem
294 2433 321 2457 B
333 2446 367 2451 —
381 2439 424 2465 30.
436 2438 473 2458 τι
495 2432 518 2456 C
534 2445 544 2451 -
564 2432 744 2458 intraverant
762 2432 789 2457 B
796 2442 806 2460 ,¹
821 2433 851 2457 vi
864 2434 1017 2458 tenuerunt
1040 2433 1064 2457 C
1074 2446 1084 2452 -
1098 2434 1221 2458 secunda
1244 2433 1268 2458 C
1284 2447 1317 2452 —-
1338 2441 1380 2468 31.
1394 2440 1428 2459 eL
1451 2433 1474 2458 C
1485 2447 1516 2451 —
1531 2440 1572 2467 3²·
1586 2434 1750 2459 Eudoxium
1767 2434 1790 2458 C
1806 2448 1818 2454 -
1836 2435 1989 2461 Nectorius

2 2473 9 2483 ⁴
59 2470 62 2471 ’
127 2475 151 2500 C
165 2488 177 2495 -
196 2475 348 2501 ordinatur
371 2474 394 2499 C
405 2488 438 2493 —
452 2481 494 2508 33.
507 2481 571 2499 cum
593 2473 618 2499 C
629 2488 637 2493 -
651 2474 785 2500 TracIam
804 2476 929 2507 tandem,
948 2483 1041 2500 manca
1059 2476 1090 2500 in
1108 2476 1134 2500 B
1147 2489 1180 2494 —
1195 2484 1237 2510 34.
1249 2476 1347 2502 hostes
1364 2476 1387 2500 C
1398 2489 1408 2495 -
1428 2483 1521 2502 secum
1540 2477 1696 2502 Arcadium
1714 2477 1757 2506 B,·
1776 2477 1954 2503 Archadium
1970 2479 1994 2504 C

210 2559 218 2577 ¹
238 2560 363 2590 PAuws,
384 2559 433 2592 XI,
451 2565 511 2585 xm
529 2558 567 2593 (p.
590 2559 666 2592 188)=
686 2560 700 2575 ‘¹
712 2561 834 2589 minimo
845 2579 867 2592 „.
1168 2559 1180 2577 ⁸
1198 2561 1323 2592 Faunus,
1349 2562 1397 2594 XI,
1422 2569 1472 2594 xv,
1498 2562 1525 2588 al
1552 2563 1642 2588 brano
1662 2561 1808 2588 Orosiano
1829 2563 1986 2597 aggiunge=

208 2602 219 2620 ⁸
236 2603 324 2634 hm,
343 2603 391 2633 XI,
410 2609 486 2631 xum
507 2602 522 2617 θ’
533 2602 682 2636 repedavit
692 2621 715 2636 ,,.
1080 2603 1095 2618 ⁴
1105 2611 1188 2636 quem
1206 2604 1258 2629 ille
1277 2604 1350 2629 mira
1370 2605 1452 2629 omni
1478 2605 1658 2630 iocunditate
1677 2607 1705 2630 et
1724 2605 1875 2630 affectione
1894 2613 1986 2630 susce-

209 2643 221 2662 ⁸
239 2646 328 2678 Imus,
347 2646 402 2671 loc.
423 2645 487 2671 eit.:
506 2645 520 2660 ⁸
531 2645 606 2679 apud
626 2645 759 2671 Turonos
773 2664 795 2679 η.
1080 2645 1093 2659 “
1106 2644 1151 2680 pit
1161 2664 1184 2679 ,.
1204 2653 1224 2671 a
1242 2649 1350 2672 omette
1369 2647 1420 2680 poi
1439 2647 1462 2671 il
1482 2649 1558 2672 resto
1578 2647 1607 2672 di
1622 2647 1726 2672 Paulus
1738 2647 1796 2672 fino
1811 2655 1826 2672 a
1843 2647 1856 2662 α
1868 2649 1929 2681 ipse
1942 2649 1985 2673 sui

19 2711 21 2713 .
51 2700 60 2707 -x
75 2690 95 2711 ο
208 2687 221 2705 ⁴
241 2695 261 2714 ι
279 2688 386 2723 prende
405 2689 433 2713 la
453 2688 537 2718 srase,
550 2688 690 2713 mutando
703 2689 715 2701 ¹‘
729 2695 792 2714 cum
806 2688 1024 2714 animadvertis·
1081 2689 1255 2723 “sanguinis
1274 2697 1337 2723 reus
1357 2690 1459 2714 existit
1471 2707 1493 2722 n.
1531 2689 1676 2723 Riprende
1695 2689 1798 2722 qulndi
1818 2697 1888 2715 con=
1908 2689 1921 2703 ⁸
1935 2697 1986 2715 nec

122 2729 135 2744 ‘¹
148 2732 213 2763 set„
232 2730 269 2756 da
294 2730 420 2762 Pauus,
446 2730 499 2755 loc.
526 2730 584 2760 cit„
604 2729 671 2755 XIII
689 2738 704 2755 e
722 2730 818 2760 XII-[13
837 2738 887 2764 per
905 2731 927 2756 il
948 2734 1024 2756 resto
1080 2733 1093 2746 “
1106 2739 1184 2757 mora
1197 2750 1210 2763 „
1229 2732 1288 2756 fino
1307 2739 1323 2756 a
1344 2731 1356 2744 “
1370 2732 1533 2757 valitudine
1546 2751 1568 2765 ,Π
1582 2740 1596 2757 e
1610 2732 1757 2766 parafrasa
1771 2732 1793 2757 il
1809 2735 1900 2758 resto:
1921 2732 1935 2747 ⁶¹
1946 2740 1989 2758 re-

122 2774 223 2808 copIa:
243 2772 382 2803 ansrus,
402 2771 464 2803 v11,
483 2780 526 2806 34,
547 2779 571 2797 2.
1080 2775 1093 2789 “
1104 2776 1155 2800 bus
1175 2775 1296 2800 excessit
1315 2775 1463 2804 humanis:
1490 2775 1571 2800 cuius
1593 2776 1726 2807 exequias
1746 2775 1906 2808 imperator
1926 2776 1988 2809 lpse

211 2815 223 2832 ⁵
242 2814 344 2841 “anno
369 2815 487 2841 tertium
512 2815 674 2840 tricesimus
700 2817 854 2848 agentem„
882 2817 1024 2850 aggiunge
1079 2819 1092 2832 ⁸
1104 2818 1274 2851 praecedens
1295 2818 1400 2850 dignae
1419 2825 1482 2842 cum
1503 2818 1625 2843 tradidit
1639 2818 1802 2851 sepulturae
1816 2834 1828 2849 ,‚
1849 2817 1915 2851 (loc.
1931 2818 1988 2849 cit„

121 2857 246 2890 Pam-us,
265 2858 322 2883 loc.
341 2858 390 2883 cit.
411 2858 457 2882 nel
475 2858 567 2883 brano
587 2857 618 2882 di
637 2857 776 2883 Onosws.
1078 2867 1105 2893 p.
1131 2859 1201 2894 189).

17 2907 23 2920 κ
48 2892 94 2935 3²83
210 2899 221 2917 ⁶
239 2900 423 2926 Ricomincia
436 2899 563 2931 Faunus,
576 2899 624 2929 XI,
636 2906 710 2925 xuu
722 2907 737 2924 e
750 2899 1023 2934 poiososms‚V11‚
1168 2900 1180 2918 ⁹
1198 2901 1244 2926 Cf.
1266 2909 1335 2935 pure
1354 2901 1494 2932 Onosms,
1515 2901 1576 2933 VII,
1597 2909 1639 2935 34,
1659 2900 1684 2926 8.

123 2950 166 2977 34,
187 2950 211 2977 5.
1159 2942 1180 2960 ¹0
1200 2943 1292 2975 Bana,
1311 2947 1352 2976 op.
1371 2945 1429 2973 cit..
1450 2952 1495 2969 an.
1514 2949 1594 2977 4337.

208 2983 221 3001 '¹
240 2984 378 3015 Onosrus,
404 2983 466 3017 VH,
491 2991 534 3018 34.
552 2983 584 3010 62
606 2983 620 2999 ‘¹
629 2991 694 3009 cum
712 2984 892 3010 Athanarico
912 2984 1024 3011 Gotho-
1158 2984 1176 3001 ¹¹
1197 2986 1242 3011 Da
1263 2986 1276 3001 ⁴
1288 2985 1447 3011 Arcadium
1457 3004 1470 3018 ,,
1491 2986 1661 3012 ricomincia
1675 2985 1815 3019 ansxvs,
1829 2987 1889 3019 VII,
1904 2994 1946 3021 34,
1960 2995 1985 3022 9.

125 3026 139 3042 ⁶
152 3035 214 3054 rum
233 3034 297 3061 rege
319 3027 458 3062 percussit
466 3043 491 3059 ,.

127 259 213 296 [ΔΑ.
232 260 267 289 c.
287 260 443 295 sao-aas]
893 251 1210 289 CHRONICON
1931 249 1979 288 89
2008 260 2079 284 uun.
2094 267 2128 283 cc.
2143 262 2206 287 awo

2034 711 2064 739 [a.
2080 711 2107 733 C.
2122 711 2170 739 ³85]

2037 1194 2086 1216 cod.
2104 1195 2126 1220 C,
2142 1201 2162 1215 c.
2177 1195 2225 1220 ⁴²l⁷

2016 2609 2050 2628 20

2017 2822 2048 2849 ²5
