2398 3470
171 241 380 266 numam„
418 232 487 266 142
1179 225 1495 262 CHRONICON
1956 230 2040 265 [ΛΑ.
2060 231 2092 259 c.
2114 234 2264 268 ἰιι-7491

406 363 500 395 ribus
524 363 615 395 bona
650 371 714 404 pro
745 360 842 392 malis
871 359 1035 393 reddidit.
1088 360 1103 376 ⁴⁶
1118 359 1186 391 Hic
1218 358 1350 390 inuenit
1380 363 1490 390 totam
1517 357 1651 390 Italiam
1682 358 1786 392 ualde
1817 359 1988 392 turbatam
2013 360 2113 392 simul
2140 366 2175 393 et
2203 361 2267 394 du·
2320 398 2325 399 ⁷

413 418 427 434 “
442 422 554 449 catum
591 415 800 453 Romanum,
833 419 1062 455 persequente
1095 411 1312 454 Liutprando
1347 410 1658 454 Langobardorum
1688 421 1773 456 rege
1789 435 1826 453 „‚
1863 422 1904 445 ac
1939 422 2080 446 romane
2115 413 2266 446 ecclesie

414 469 487 501 iura
511 469 700 500 auferente.
746 467 895 498 Tantam
918 477 1002 499 uero
1036 466 1129 498 Deus
1153 464 1370 506 omnipotens
1398 464 1479 496 huic
1511 464 1680 497 Zacharie
1704 475 1795 507 pape
1835 466 2010 509 “gratiam
2046 466 2195 500 contulit
2227 473 2266 500 ut

410 523 425 539 ⁴⁴
439 523 543 554 etiam
567 530 630 563 pro
653 520 763 552 salute
794 519 914 562 populi
946 520 1095 551 animam
1126 527 1256 560 ponere
1288 527 1357 549 non
1390 516 1565 550 dubitaret
1579 541 1608 558 „.
1649 516 1722 555 Qui
1751 518 1848 560 prius
1878 519 1982 552 missa
2012 519 2187 563 legatione
2221 521 2268 553 ad

405 575 555 607 eundem
579 583 697 616 regem
718 572 983 614 Liutprandum‚
1007 577 1086 614 post
1110 571 1185 613 ipse
1209 571 1364 609 ueniens,
1388 569 1551 603 salutaria
1574 570 1623 603 illi
1648 570 1756 603 uerba
1782 571 1991 614 predicauit.
2027 572 2135 605 Cuius
2156 572 2268 606 sancti
2313 571 2353 606 5Δ
2386 597 2388 614 η,

405 628 471 660 uiri
505 626 796 660 admonitionibus
832 626 1017 658 inclinatus
1056 625 1315 667 prenominatus
1353 633 1414 655 rex
1451 623 1610 657 ciuitates
1647 633 1789 657 romane
1827 625 1976 658 ecclesie
2015 625 2154 668 aliaque
2191 627 2268 659 iura

406 681 621 724 pertinentes
645 679 759 711 eidem
791 679 950 717 ecclesie,
982 689 1050 720 que
1081 688 1146 720 per
1175 676 1318 720 triginta
1350 686 1457 709 annos
1487 677 1602 710 ablate
1637 678 1786 716 fuerant,
1810 678 1965 711 reddidit
1995 684 2032 711 et
2060 688 2150 721 pace
2172 679 2270 713 facta

406 745 484 766 cum
520 734 650 766 ducatu
685 742 829 765 romano
863 733 938 775 ipse
970 742 1034 764 rex
1065 731 1102 763 in
1132 731 1256 773 uiginti
1270 729 1279 747 ¹
1312 730 1528 764 confirmauit
1559 731 1651 770 anni,
1683 732 1746 764 sed
1776 737 1812 763 et
1843 731 2005 774 captiuos
2035 741 2155 764 omnes
2181 732 2268 776 quos

407 798 450 819 ex
483 786 628 819 diuersis
657 785 850 828 prouinciis
881 785 1120 817 Romanorum
1151 783 1292 816 tenebat
1322 783 1437 817 eidem
1467 784 1624 827 pontifici
1651 784 1848 817 redonauit.
1900 784 2063 817 “Eodem
2092 795 2178 818 uero
2212 786 2268 818 die
2341 828 2343 830 Ι

414 842 428 858 “
442 839 615 874 dominico
638 845 716 882 post
746 845 889 882 peracta
913 838 1092 871 missarum
1117 836 1294 876 solemnia,
1319 839 1470 871 eundem
1495 849 1613 882 regem
1649 839 1694 871 ad
1729 838 1913 881 prandium
1949 838 2024 881 ipse
2055 838 2270 873 beatissimus
2296 840 2335 873 10

411 893 597 937 “pontifex
629 903 707 925 cum
739 892 832 924 omni
867 892 1047 924 alacritate
1078 891 1267 930 inuitauit„
1306 897 1344 924 ut
1379 902 1459 924 cum
1495 892 1687 934 apostolica
1718 891 1966 924 benedictione
2003 902 2045 925 ac
2080 892 2270 926 dilectione

411 948 577 980 firmaret:
603 947 722 988 sicque
747 954 906 978 reuersus
928 950 981 977 est
1004 944 1079 986 ipse
1102 944 1275 987 pontifex,
1322 943 1515 977 Universus
1530 945 1648 987 itaque
1671 944 1772 978 Italie
1797 945 1948 987 populus
1970 945 2007 977 in
2029 956 2078 977 xx
2101 955 2269 979 annorum

221 1014 241 1028 c·
258 1013 318 1032 ινα
409 1000 559 1043 spatium
582 1000 670 1032 inita
692 1009 781 1041 pace
806 998 947 1041 quieuit.
994 997 1061 1030 Hic
1087 1003 1200 1030 autem
1223 997 1386 1040 pontifex
1408 998 1525 1041 magni
1540 997 1656 1030 meriti
1673 1004 1708 1030 et
1724 998 1921 1030 sanctitatis
1937 997 2000 1030 uir'
2016 998 2148 1032 clerum
2170 1008 2269 1032 suum

407 1053 509 1088 ualde
535 1053 665 1092 dilexit,
688 1057 810 1095 utpote
834 1057 934 1094 pater
957 1057 994 1084 et
1016 1051 1128 1084 bonus
1149 1056 1269 1093 pastor
1296 1061 1417 1084 omnes
1445 1052 1659 1094 amplectens
1683 1057 1718 1084 et
1740 1051 1873 1084 utiliter
1888 1051 2014 1084 fouens
2041 1057 2075 1085 et
2096 1052 2269 1086 neminem

409 1119 524 1141 eorum
548 1106 714 1139 tribulare
738 1105 795 1137 uel
819 1116 947 1149 angere
971 1104 1218 1147 permittens„.
1265 1104 1333 1137 Hic
1355 1110 1469 1137 autem
1493 1104 1653 1147 precepit
1676 1111 1715 1137 ut
1737 1104 1799 1137 filii
1823 1111 2042 1147 compatrum
2072 1115 2109 1138 se
2131 1106 2170 1138 in
2195 1116 2270 1138 ma·
2296 1105 2349 1146 151

410 1160 606 1195 trimonium
631 1170 701 1192 non
725 1158 986 1203 coniungerent.
1038 1160 1052 1176 ‘⁴
1067 1158 1180 1191 Huius
1204 1158 1334 1201 quippe
1357 1157 1571 1201 temporibus
1593 1158 1630 1190 in
1653 1168 1780 1202 magna
1803 1158 1992 1191 securitate
2019 1163 2054 1191 et
2078 1158 2189 1192 letitia
2211 1169 2276 1202 po-

411 1215 425 1231 “
442 1215 542 1258 pulus
565 1224 585 1245 a
607 1214 684 1246 Deo
706 1212 759 1245 illi
784 1212 984 1245 commissus
1008 1211 1164 1256 degens²
1186 1211 1274 1245 uixit
1287 1235 1318 1252 „.

495 1266 728 1309 Liutprandus
758 1275 842 1298 uero
873 1264 1187 1308 Langobardorum
1217 1275 1282 1297 rex
1313 1265 1380 1298 iam
1405 1270 1495 1298 etate
1529 1270 1684 1298 maturus
1707 1264 1792 1298 obiit
1823 1275 1916 1297 anno
1948 1265 2047 1308 regni
2076 1265 2149 1299 eius
2171 1275 2271 1299 xxm.

409 1321 583 1354 mensibus
604 1330 669 1352 vn.
716 1320 783 1351 Iste
808 1329 946 1362 quoque
970 1319 1284 1363 Langobardorum
1306 1319 1404 1362 leges
1427 1318 1579 1352 adauxit.
1631 1319 1645 1336 ‘⁶
1660 1318 1740 1351 Fuit
1764 1324 1878 1351 autem
1902 1319 1960 1352 hic
1983 1318 2089 1352 multe
2104 1319 2272 1363 sapientie
2388 1359 2391 1363 ι

415 1375 506 1412 “uir,
530 1373 672 1408 consilio
696 1384 814 1417 sagax,
838 1373 917 1415 pius
945 1373 1133 1405 admodum
1158 1379 1192 1405 et
1209 1373 1307 1415 pacis
1324 1378 1465 1410 amator,
1483 1371 1565 1404 belli
1582 1378 1783 1415 prepotens,
1801 1369 2086 1416 delinquentibus
2109 1373 2271 1413 clemens,
2295 1373 2357 1407 20
2388 1365 2392 1386 ‘²

413 1430 428 1446 “
441 1435 563 1467 castus,
587 1427 745 1470 pudicus,
770 1433 896 1466 orator,
921 1426 1081 1470 peruigil,
1105 1426 1314 1470 elemosynis
1345 1426 1472 1470 largus,
1495 1426 1689 1458 litterarum
1720 1425 1860 1468 quidem
1885 1425 2038 1469 ignarus,
2064 1426 2128 1459 sed
2157 1427 2273 1470 philo·-

414 1483 428 1499 “
442 1481 563 1525 sophis
585 1481 765 1525 equandus
787 1481 934 1513 nutritor
955 1481 1080 1524 gentis,
1104 1479 1188 1512 iuris
1212 1484 1358 1517 amator,
1384 1479 1569 1524 legumque
1593 1484 1832 1523 augmentator
1846 1503 1877 1519 „‚
1894 1478 1973 1522 plus
1989 1490 2128 1522 semper
2143 1480 2179 1512 in
2195 1490 2274 1513 ora-

405 1535 557 1569 tionibus
579 1545 680 1578 quam
714 1534 750 1566 in
774 1534 879 1566 armis
915 1534 1105 1571 confidens,
1129 1534 1279 1566 maxima
1309 1543 1394 1566 cura
1424 1533 1611 1565 amicitiam
1640 1532 1831 1565 amicorum
1863 1533 2062 1566 custodiens
2074 1533 2098 1566 ³.
2143 1533 2210 1567 Cui
2236 1533 2272 1566 in

406 1599 516 1634 regno
540 1588 613 1621 eius
636 1588 864 1630 Ildeprandus
886 1597 995 1630 nepos
1019 1587 1094 1620 eius
1129 1587 1307 1627 successit,
1342 1587 1403 1630 qui
1430 1596 1485 1619 vn
1503 1586 1515 1603 ⁴
1539 1586 1688 1619 euolutis
1719 1585 1895 1619 mensibus
1925 1592 2004 1629 post
2039 1597 2120 1620 eum
2151 1586 2272 1621 obiens
2345 1622 2349 1627 ¹

198 1634 300 1685 ῗὲἷιὲῗῖ.
320 1639 375 1654 “x
412 1653 557 1686 regnum
580 1640 763 1680 Rachisi⁵,
788 1641 848 1684 qui
874 1640 944 1673 dux
966 1641 1039 1673 eius
1062 1641 1189 1679 fuerat,
1213 1640 1364 1683 reliquit.
1411 1640 1481 1673 Iste
1506 1640 1647 1683 quidem
1670 1639 1736 1672 fuit
1759 1639 1838 1682 pius
1866 1645 1972 1683 atque
1996 1640 2156 1674 omnibus
2178 1651 2272 1674 ama-
2295 1632 2350 1675 25⁴:
2387 1674 2392 1685 ⁵

250 1694 271 1708 ³⁴
287 1688 314 1708 ς’
330 1692 367 1711 ⁷⁴⁴
409 1696 488 1729 bilis
512 1701 547 1728 et
571 1695 687 1738 largus
708 1694 744 1726 in
782 1694 882 1726 donis
905 1693 1072 1737 plurimis.
1121 1694 1137 1710 ‘⁴
1153 1693 1211 1726 Ad
1234 1705 1337 1737 quem
1362 1694 1550 1727 Zacharias
1575 1703 1667 1736 papa
1697 1693 1800 1725 missa
1826 1693 2010 1732 relatione,
2035 1693 2204 1727 continuo
2226 1693 2272 1727 ob

412 1752 426 1768 “
439 1749 669 1782 reuerentiam
693 1748 929 1790 apostolorum
965 1748 1039 1780 eius
1063 1747 1227 1790 precibus
1250 1748 1448 1786 inclinatus,
1472 1748 1558 1780 inita
1587 1757 1688 1790 pace,
1719 1747 1901 1779 uniuersus
1932 1746 2031 1780 Italie
2055 1747 2188 1790 quieuit
2209 1757 2274 1791 po-

410 1806 425 1821 “
438 1801 569 1846 pulus⁶.
609 1801 677 1834 Hic
701 1808 816 1834 autem
840 1801 973 1834 Rachis
996 1812 1069 1840 reX,
1093 1807 1274 1845 postquam
1297 1802 1458 1845 regnauit
1482 1801 1581 1834 annis
1605 1806 1754 1844 quatuor
1781 1806 1815 1833 et
1846 1799 2045 1834 mensibus⁷
2068 1810 2118 1840 IX,
2143 1801 2273 1835 denoto

220 1874 239 1888 c.
255 1868 315 1892 ιρὰ
406 1858 520 1889 animo
543 1855 700 1899 regalem
724 1854 940 1898 dignita'tem
964 1854 1175 1898 relinquens,
1200 1855 1276 1888 Deo
1300 1855 1489 1887 seruiturus
1505 1865 1584 1887 cum
1611 1864 1719 1887 uxore
1744 1860 1779 1887 et
1803 1853 1883 1886 filiis
1907 1854 2099 1888 monachus
2121 1854 2273 1888 effectus

408 1917 460 1944 est
471 1909 493 1943 ⁸.
539 1910 609 1942 Iste
634 1919 771 1952 quoque
796 1908 911 1952 aliqua
934 1908 969 1940 in
998 1910 1013 1926 ‘⁶
1026 1909 1152 1941 Edicto
1165 1932 1180 1948 „
1210 1908 1363 1951 capitula
1386 1908 1473 1953 legis
1497 1908 1657 1941 adiunxit
1670 1907 1692 1941 ⁹.
2295 1907 2348 1942 3οῑ

184 1955 371 2006 Αἱῖζὲωηχ
491 1963 584 1995 Huic
606 1963 722 2005 itaque
746 1961 952 2004 Aistulphus
967 1963 1003 1994 in
1019 1961 1330 2005 Langobardorum
1346 1971 1493 2005 regnum
1510 1961 1620 1994 frater
1642 1961 1798 1994 eiusdem
1814 1961 1977 1994 Rachisis
1993 1970 2057 1994 rex
2079 1961 2279 1995 instituitur.
2299 1986 2305 1992 .
2353 1976 2359 1990 e

248 2014 268 2028 ³·
285 2009 311 2029 ς’
326 2013 365 2033 ⁷⁴⁹
403 2017 471 2050 Hic
495 2022 607 2049 autem
631 2021 707 2048 erat
729 2015 955 2048 astutissimus
979 2021 1014 2048 et
1038 2015 1141 2048 ferox
1158 2016 1228 2058 qui,
1256 2021 1441 2058 postquam
1456 2015 1553 2058 regni
1569 2014 1806 2059 gubernacula
1826 2014 1990 2057 suscepit,
2009 2014 2101 2058 cepit
2115 2015 2183 2048 inti
2198 2015 2274 2048 Ro-

408 2080 509 2103 mane
532 2069 681 2102 ecclesie
704 2069 912 2111 pernimium
935 2069 1082 2101 infestus
1106 2079 1198 2108 esse3
1222 2080 1302 2102 nam
1325 2069 1400 2102 eius
1422 2068 1499 2102 iura
1522 2067 1587 2101 sibi
1611 2068 1823 2102 nendicabat
1834 2067 1868 2100 ¹⁰.

498 2181 520 2198 2.
536 2173 723 2206 Liudprando
738 2174 805 2198 G-
824 2180 850 2204 3.
870 2180 936 2197 uero
955 2179 1047 2197 manca
1066 2174 1096 2197 in
1112 2174 1138 2197 B
1155 2181 1168 2197 e
1186 2173 1262 2197 Sasso
1283 2186 1315 2190 —
1335 2181 1359 2205 4.
1382 2181 1438 2198 non
1460 2173 1606 2199 dubitauit
1621 2174 1645 2198 C
1662 2186 1694 2190 -
1714 2171 1740 2197 6.
1754 2173 1986 2198 amonicionibus
2009 2172 2033 2198 C
2050 2186 2059 2190 -
2079 2172 2191 2205 aliaque
2209 2173 2274 2198 iura.

410 2224 501 2241 manca
519 2217 549 2241 in
568 2217 594 2241 Β
610 2224 623 2240 e
642 2215 732 2244 Sass0;
753 2215 928 2249 pertinentia
952 2214 975 2238 C
998 2228 1005 2232 -
1033 2215 1123 2240 eidem
1144 2215 1260 2240 ecclesie
1279 2223 1372 2240 manca
1390 2216 1421 2240 in
1438 2216 1466 2240 B
1484 2223 1497 2239 e
1517 2215 1594 2240 Sasso
1613 2229 1645 2233 —
1673 2213 1698 2240 8.
1717 2222 1837 2240 romano
1858 2222 1950 2239 manca
1969 2215 2000 2239 in
2020 2216 2046 2239 B
2065 2223 2079 2238 e
2099 2215 2178 2240 Sam
2195 2228 2205 2233 -
2224 2222 2272 2241 an-

410 2267 461 2284 nos
476 2261 502 2284 B
519 2267 532 2282 e
551 2259 629 2284 Sasso
644 2272 676 2275 ——
690 2266 715 2291 9.
729 2258 826 2282 eodem
841 2264 909 2282 uero
924 2265 1001 2281 anno
1016 2259 1042 2282 B
1060 2266 1073 2281 ε
1094 2258 1171 2283 Sasso
1191 2272 1222 2275 —
1246 2265 1286 2282 10.
1299 2260 1365 2290 post
1385 2260 1447 2282 acta
1461 2259 1487 2282 B
1505 2265 1518 2281 e
1538 2258 1628 2287 Saxi-03
1648 2257 1809 2290 solempnia
1821 2258 1844 2283 C
1862 2271 1895 2274 —
1913 2263 1952 2281 12.
1966 2257 2159 2288 confirmare&
2179 2256 2274 2290 sicque

411 2303 470 2334 ipse
495 2308 622 2326 reuersus
648 2302 690 2325 est
715 2301 849 2333 pontifex
875 2307 977 2332 magna
999 2301 1022 2325 C
1040 2314 1072 2317 -
1102 2305 1142 2332 15.
1169 2301 1303 2325 tribulari
1327 2302 1356 2325 et
1381 2307 1463 2333 egere
1485 2301 1508 2325 C
1531 2313 1564 2318 -
1594 2299 1695 2331 16-15.
1721 2300 1753 2324 in
1781 2299 1966 2325 matrimonio
1990 2301 2013 2324 C
2036 2313 2069 2318 —
2095 2306 2142 2325 20.
2161 2299 2208 2325 hic
2227 2300 2274 2325 uir

370 2351 382 2376 5
412 2344 502 2368 multe
521 2344 662 2376 sapientie
684 2344 707 2367 C
724 2357 756 2360 —-
776 2349 817 2367 22.
839 2342 1020 2374 coequandus
1043 2344 1066 2367 C
1083 2357 1115 2361 —
1142 2349 1185 2375 24.
1205 2344 1312 2375 septem
1335 2344 1358 2368 C
1375 2356 1408 2361 —
1435 2348 1477 2374 25.
1498 2342 1622 2375 reliquid
1644 2344 1675 2368 C.
1694 2356 1726 2360 —
1754 2342 1846 2375 25-26.
1865 2342 1998 2367 amabilis
2017 2342 2154 2367 omnibus
2174 2343 2199 2368 C
2214 2355 2225 2361 -
2244 2343 2274 2368 nt

408 2394 490 2418 quem
506 2387 528 2411 C
540 2399 550 2404 -
570 2385 715 2417 legatione
730 2386 755 2409 B
767 2393 780 2409 e
794 2385 888 2413 Sasso:
900 2384 925 2409 A
937 2386 960 2409 C
980 2384 1111 2416 conformi
1128 2385 1150 2409 L
1159 2385 1186 2409 P
1195 2385 1219 2414 Ι,
1232 2391 1280 2415 431
1300 2385 1378 2419 (Vita
1392 2385 1547 2417 Zachariae)
1561 2399 1591 2403 —-
1607 2384 1650 2410 28.
1663 2386 1788 2419 populus
1808 2385 1919 2417 quieuit
1933 2386 1960 2410 B
1976 2393 1990 2410 e
2008 2385 2086 2411 Sam
2098 2397 2111 2403 -
2123 2385 2208 2411 annin
2227 2391 2274 2414 ux,

410 2430 438 2453 et
458 2429 602 2453 mensibus
622 2435 725 2452 nouem
747 2429 771 2453 C
787 2441 820 2445 —
840 2434 883 2459 31.
903 2427 1052 2453 Aistultus
1073 2429 1118 2452 C·
1137 2428 1254 2452 Arichis
1277 2429 1300 2453 C

503 2505 512 2522 ¹
531 2506 565 2531 L.
584 2506 622 2535 lt,
643 2507 663 2535 Ι,
683 2505 744 2539 428,
764 2506 843 2531 dice:
870 2507 883 2520 ‘⁴
896 2513 1010 2539 ....per
1037 2513 1130 2530 annos
1149 2513 1238 2539 prope
1257 2513 1317 2531 xxx
1375 2505 1531 2531 “annorum
1549 2507 1667 2538 spatium
1687 2506 1760 2531 inita
1780 2514 1857 2539 pace,
1883 2506 2033 2531 un1versus
2060 2505 2145 2531 Italle
2163 2505 2277 2538 qulevit

413 2547 427 2561 “
440 2548 532 2573 fuerat
553 2549 709 2573 abstultum
721 2566 727 2573 .
739 2566 745 2572 .
755 2565 775 2573 ..
788 2566 812 2580 „.
1375 2548 1389 2562 “
1401 2549 1525 2582 populus
1538 2566 1559 2581 „-

351 2598 383 2615 10
502 2589 513 2605 ²
531 2590 618 2619 lnam,
637 2591 658 2619 Ι,
678 2590 731 2622 426
751 2598 767 2615 a
787 2598 846 2623 435.
1461 2590 1472 2605 ⁷
1496 2592 1667 2616 Continuatio
1690 2591 1843 2616 casinensis
1861 2591 2031 2621 PAUL1‚loc.
2051 2591 2110 2622 cit„
2129 2597 2155 2624 3,
2167 2598 2194 2623 p.
2218 2589 2275 2624 198.

500 2631 511 2647 ³
534 2633 657 2660 Pramus,
678 2633 724 2660 VI,
744 2639 829 2662 Lvm,
849 2634 859 2657 i
880 2634 923 2657 tre
943 2633 1040 2657 ultimi
1060 2634 1183 2666 periodi.
1230 2656 1237 2661 ,
1460 2631 1472 2649 ⁸
1490 2633 1520 2658 L.
1539 2634 1578 2663 P..
1598 2634 1620 2665 Ι,
1641 2641 1690 2666 433
1712 2642 1726 2658 e
1746 2641 1807 2667 434,
1827 2634 1840 2666 g
1860 2640 1949 2659 xxnr.
2359 2648 2389 2666 1¹.

500 2673 511 2689 ⁴
536 2675 705 2699 Continuatio
729 2675 882 2699 Casz'nemn‘s
901 2675 1003 2705 PAULI,
1023 2675 1053 2699 in
1076 2675 1114 2699 M.
1145 2675 1178 2700 G.
1203 2675 1239 2700 H.
1265 2675 1316 2701 SS·
1461 2674 1473 2692 ⁹
1492 2675 1553 2701 Pus
1572 2676 1626 2701 ben
1646 2677 1780 2710 supporsi
1802 2677 1852 2701 che
1870 2683 1889 2700 R
1908 2676 1991 2701 abbia
2011 2676 2214 2701 direttamente
2231 2682 2275 2701 ει·
2303 2674 2336 2703 25
2360 2677 2365 2706 ’,

411 2716 469 2740 RR.
491 2716 753 2748 Langobardicarum
778 2719 803 2740 et
827 2717 987 2741 Italicarum
1011 2724 1060 2741 sec.
1093 2717 1195 2748 Vl-JX‚
1220 2725 1246 2751 p.
1269 2717 1318 2751 198
1371 2720 1442 2751 puto
1472 2718 1633 2750 l'agqunta
1660 2718 1704 2743 dei
1735 2718 1858 2751 capitoli
1886 2719 1914 2742 di
1945 2717 2063 2743 Ratchis
2094 2715 2275 2746 nell’Editto‚
2385 2710 2389 2712 V

412 2758 438 2790 (g
458 2758 487 2790 2)
510 2759 555 2782 col
576 2766 659 2783 nome
678 2759 706 2783 di
729 2759 866 2791 Eilprant.
1372 2760 1539 2791 guardando
1560 2759 1581 2784 ll
1604 2759 1692 2784 Codex
1704 2760 1794 2792 legum
1811 2759 2055 2793 Langobardorum,
2074 2759 2164 2784 dicut
2184 2758 2275 2784 l’arci-

354 2806 382 2831 15
501 2799 512 2816 ⁵
533 2801 715 2830 Bai-numm
729 2800 901 2833 langobardi
913 2801 1040 2833 Regestm
1060 2802 1091 2825 in
1112 2802 1225 2826 Neues
1252 2802 1316 2827 Ar·
1372 2804 1450 2834 prete
1469 2802 1499 2826 di
1519 2801 1604 2826 Casal
1624 2802 1716 2827 Rutto
1737 2802 1783 2826 nel
1806 2801 1872 2834 1263
1887 2800 1966 2826 dono
1986 2808 2024 2826 un
2042 2801 2199 2834 esemplare
2218 2801 2275 2826 ana

413 2843 512 2873 chiv.‚
530 2842 578 2874 ΙΙΙ,
593 2851 619 2875 p.
634 2843 693 2875 263,
707 2844 795 2875 opina
809 2844 859 2868 che
874 2844 1024 2867 l'elezione
1043 2844 1071 2867 di
1094 2843 1198 2868 Rachis
1212 2845 1253 2869 sia
1268 2853 1316 2869 av·
1372 2844 1460 2868 Badia
1475 2844 1503 2868 di
1519 2844 1598 2869 Cava
1611 2844 1655 2868 dei
1671 2843 1795 2872 Tin-reni,
1810 2844 1883 2869 dove
1896 2845 1963 2876 oggi
1985 2844 2147 2868 consen-vasi
2164 2843 2223 2868 nlla
2235 2850 2276 2868 se·
2360 2869 2366 2879 Ἃ

414 2887 520 2909 venuta
542 2886 583 2909 fra
605 2886 625 2909 il
647 2887 798 2910 settembre
819 2894 833 2910 e
854 2885 990 2911 l'ottobre
1009 2892 1068 2919 744.
1372 2889 1493 2918 gnatura
1514 2886 1546 2911 X.
1558 2886 1634 2919 L.43
1653 2888 1736 2912 tanto
1749 2884 1799 2918 piu
1819 2886 1869 2911 che
1889 2886 1933 2911 fra
1952 2888 1960 2910 i
1982 2885 2105 2911 cronlsti
2120 2885 2149 2910 la
2164 2885 2276 2911 notizia
2303 2889 2340 2916 30
2357 2881 2381 2906 ’ἕ

503 2925 515 2941 ⁶
534 2926 562 2951 L.
582 2928 621 2956 P„
646 2928 667 2956 1,
693 2935 741 2960 43¹
765 2927 791 2960 (ξ
817 2926 910 2957 Χνιι)ε
938 2928 951 2941 “
963 2927 1009 2952 Ad
1035 2935 1117 2959 quem
1139 2929 1226 2953 missa
1246 2930 1317 2953 rela-
1371 2929 1481 2953 trovasi
1495 2929 1558 2954 solo
1573 2929 1648 2953 nella
1662 2930 1754 2953 storia
1766 2929 1876 2953 Andre:
1888 2929 2057 2961 Bergomum
2070 2928 2120 2961 (M.
2135 2927 2276 2958 afficit..

416 2967 429 2980 ‘⁴
441 2970 521 2992 tione
540 2970 594 2998 ipse
613 2970 778 2992 beatissimus
802 2970 925 2993 continuo
945 2970 980 2993 ol)
1004 2971 1192 2994 reverentiam
1210 2971 1317 3001 princi·
1373 2979 1399 3004 p.
1419 2972 1482 3003 223)
1502 2971 1551 2995 che
1570 2978 1588 2995 R
1609 2979 1666 2995 non
1685 2978 1751 3004 pare
1772 2971 1856 2995 abbia
1875 2972 1964 2995 avuto
1985 2970 2028 2995 fra
2047 2971 2134 2995 mani.

354 3014 387 3032 20
418 3009 482 3041 “pis
509 3010 703 3042 apostolorum
731 3013 759 3035 ct
785 3012 849 3035 eius
876 3012 1005 3044 precibus
1034 3011 1198 3041 inclinatus,
1223 3013 1252 3036 in
1280 3019 1317 3036 xx
1450 3011 1472 3029 ¹⁰
1490 3012 1520 3038 L.
1540 3013 1579 3051 P„
1600 3013 1620 3042 Ι,
1640 3019 1689 3045 441
1711 3020 1751 3044 sg.
1777 3013 1808 3037 in
1834 3012 1894 3037 tha
1917 3011 2050 3044 Stephani
2069 3011 2106 3037 II.
2125 3010 2171 3037 Cf.
2191 3019 2276 3045 pure=
