2398 3470
179 243 246 264 Mu..
262 249 274 264 ε
300 244 336 268 17⁶
422 233 491 270 198
1177 230 1492 267 CHRONICON
1949 238 2263 275 [A.c.10s⁴-10ss]

180 367 235 386 ωε..
415 361 494 399 post
515 366 650 388 menses
673 360 833 399 quattuor
857 360 892 387 et
916 354 993 387 dies
1015 354 1070 398 VJ
1093 354 1321 388 ordinationis
1343 364 1403 387 sue
1430 353 1521 386 diem
1553 354 1638 387 obiit
1652 353 1670 386 ¹.
1717 355 1783 388 Cui
1813 356 1979 389 successit
2001 356 2036 388 in
2067 357 2265 390 Romanum

178 422 243 440 man⁴
259 425 279 439 ι.
417 409 655 451 pontificatum
679 407 875 441 Hostiensis
898 407 1083 451 episcopus
1106 408 1245 442 nomine
1269 408 1353 441 Otto
1377 419 1420 440 ex
1445 418 1574 451 genere
1607 408 1819 441 Francorum
1842 415 1877 441 et
1900 409 2062 443 Urbanus
2093 416 2146 443 est
2174 421 2266 453 papa

415 462 529 496 dictus
550 462 709 505 seditque
732 462 829 494 annis
852 460 925 505 XIJ
949 461 1123 494 mensibus
1145 461 1234 505 VIIJ
1248 460 1270 494 ³.

178 529 234 552 ειμι.
253 532 273 546 ιο
509 517 524 533 “
538 515 615 549 Hoc
641 525 731 548 anno
753 520 846 548 terre
869 520 983 548 motus
1005 525 1152 559 magnus
1175 516 1290 548 factus
1312 521 1364 548 est
1386 525 1451 557 per
1473 519 1581 547 totam
1608 513 1783 557 Apuliam,
1814 522 1852 548 ut
1875 515 1911 548 in
1943 516 2147 558 quibusdam
2179 516 2266 550 locis

420 570 434 586 “
448 574 559 602 turres
583 579 625 602 ac
649 568 770 602 domos
791 567 965 601 subruisse
988 568 1123 601 feratur
1135 567 1148 586 ⁸
1165 592 1196 608 „.
2311 569 2330 601 5

502 620 607 654 Anno
623 622 799 655 dominice
814 621 1065 655 incarnationis
1080 621 1350 665 MLXXXVIIJ
1365 621 1564 655 indictione
1580 621 1647 665 XJ.
1693 622 1916 655 Boamundus
1931 623 2039 656 frater
2055 623 2153 656 ducis
2168 623 2265 667 Rog-

414 675 504 720 gerii
527 685 573 707 ex
595 674 785 718 improuiso
808 675 925 707 intulit
948 674 1077 707 bellum
1101 680 1185 717 aput
1207 674 1387 708 Famitum
1400 674 1412 692 ⁴
1435 675 1471 707 in
1495 674 1688 708 Beneuenti
1712 674 1898 714 territorio,
1923 682 1957 708 et
1976 676 2157 709 commisso
2174 675 2267 709 bello

414 730 485 762 dux
507 728 708 772 Roggerius
730 727 878 760 uiriliter
901 739 979 760 eum
1002 728 1098 761 uicit.
1144 728 1184 760 In
1207 739 1276 771 quo
1299 728 1471 771 siquidem
1494 728 1598 766 bello,
1622 728 1745 760 mirum
1768 728 1876 767 dictu,
1899 729 2056 772 quamuis
2071 729 2209 772 plurimi
2222 739 2267 762 ex

415 787 512 825 parte
536 781 732 815 Boamundi
755 780 881 814 milites
906 782 1000 825 capti
1023 787 1148 820 essent,
1172 781 1286 814 nullus
1309 787 1425 814 tamen
1450 781 1627 814 hominum
1651 791 1697 814 ex
1719 787 1867 825 utraque
1888 787 1988 824 parte
2010 781 2060 815 ibi
2075 781 2144 815 fuit
2159 782 2268 816 inter-

414 835 529 869 fectus
550 840 670 878 preter
693 845 808 868 unum.
854 834 980 868 Postea
1003 845 1087 867 uero
1111 835 1185 878 ipse
1209 834 1279 867 dux
1303 845 1421 868 amore
1444 835 1603 868 fraterno
1627 835 1754 868 ductus
1778 835 1886 873 dedit,
1917 835 2031 868 eidem
2062 833 2268 870 Boamundo
2295 837 2334 869 10

425 889 600 932 quandam
621 893 756 931 partem
778 893 870 921 terre
894 897 956 921 sue
979 888 1015 920 in
1040 887 1169 930 Apulie
1191 888 1402 932 regionibus,
1427 898 1504 921 cum
1529 893 1629 930 pater
1652 888 1724 920 eius
1748 887 1798 920 nil
1822 887 1887 922 sibi
1910 887 2049 931 reliquit
2061 887 2084 920 ¹⁵.

503 941 637 976 Eodem
661 952 752 974 anno
776 942 1028 984 comprehensa
1052 947 1105 974 est
1127 940 1302 980 Simcusa,
1327 941 1446 974 Sicilie
1471 941 1645 985 quondam
1669 947 1775 984 caput
1791 952 1812 974 a
1826 941 1982 984 Rogerio
1998 941 2133 981 comite,
2149 942 2185 974 in
2201 953 2270 986 qua

422 995 535 1028 fertur
558 995 717 1028 homines
739 1004 897 1028 comesos
917 1005 961 1027 ac
983 994 1135 1027 infantes
1158 994 1203 1027 ob
1227 994 1447 1027 diurnitatem
1470 994 1659 1028 obsidionis
1671 993 1693 1026 ⁶.

504 1047 609 1082 Anno
632 1047 806 1081 dominice
831 1048 1079 1081 incarnationis
1102 1046 1400 1091 MLXXXVIIIJ.
1424 1046 1616 1081 indictione
1639 1046 1724 1091 XIJ.
1742 1047 1823 1080 luna
1846 1048 1880 1080 in
1905 1054 1982 1081 ortu
2004 1058 2067 1083 suo
2090 1058 2192 1091 passa
2217 1054 2271 1082 est

406 1101 577 1145 eclipsin.
2296 1102 2334 1135 15

505 1155 640 1188 Eodem
665 1165 756 1188 anno
779 1165 871 1198 papa
894 1153 1057 1187 Urbanus
1079 1154 1176 1187 uenit
1192 1154 1226 1186 in
1243 1154 1421 1187 ciuitatem
1438 1154 1566 1187 Barum
1583 1160 1618 1188 et
1633 1154 1784 1187 sacrauit
1798 1155 1873 1188 illic
1889 1155 2147 1189 confessionem
2161 1155 2271 1189 sancti
2361 1147 2364 1150 ¹

418 1208 582 1242 Nicholai
605 1214 641 1241 et
663 1208 875 1241 Canusinam
898 1207 1083 1240 ecclesiam
1095 1206 1117 1239 ⁷.

179 624 227 643 mss
242 622 391 643 Boanum-dus

172 661 196 685 s.
213 660 322 681 leonem
337 659 391 680 Gui-

177 687 262 707 παγαί.

183 1060 234 1084 1089

507 1323 531 1342 2.
550 1316 606 1342 Cui
626 1317 788 1342 Hostiensis
806 1317 956 1349 episcopus
977 1317 1094 1340 nomine
1112 1315 1184 1340 Otto
1203 1323 1236 1340 ex
1255 1323 1355 1347 genere
1374 1316 1549 1341 Francorum
1574 1317 1705 1342 successit
1726 1318 1755 1342 in
1776 1317 1937 1343 Romanum
1958 1317 2155 1350 pontificatum
2173 1318 2201 1342 et
2220 1317 2270 1342 Ur—

417 1362 509 1386 banus
527 1362 570 1386 est
588 1368 661 1395 papa
681 1361 775 1386 dictus
795 1360 923 1393 seditque
945 1359 970 1384 C
986 1369 1000 1384 e
1018 1361 1110 1385 Arndt
1126 1360 1172 1384 che
1191 1368 1243 1385 non
1262 1361 1350 1384 indice>
1367 1361 1489 1385 van‘aneae‘
1506 1362 1531 1385 Α
1543 1362 1584 1391 Β;
1603 1369 1695 1386 annos
1719 1361 1742 1386 C
1758 1375 1791 1380 —-
1816 1369 1840 1393 4.
1860 1362 1920 1387 Hoc
1944 1369 2022 1398 annp
2048 1362 2270 1387 terremotum...

420 1406 563 1431 submisse
576 1405 685 1431 seratur
697 1406 722 1430 A
736 1414 842 1434 manca,
855 1406 888 1430 vi
897 1406 930 1436 fu
948 1406 1079 1437 aggiunto
1098 1405 1148 1429 dal
1164 1405 1241 1429 solito
1260 1413 1418 1430 amanuense
1437 1406 1485 1430 del
1500 1414 1549 1431 sec.
1571 1407 1606 1431 X
1609 1407 1668 1431 VII
1681 1415 1725 1431 con
1746 1410 1808 1431 nota
1828 1407 1989 1440 marginale,
2009 1407 2164 1438 copiandolo
2181 1407 2217 1431 da
2235 1407 2268 1431 B.

419 1459 440 1475 c.
460 1451 519 1482 27⁶,
538 1451 606 1475 dove
619 1451 711 1476 invene
725 1451 755 1475 di
767 1450 874 1475 feratur
887 1450 912 1475 si
924 1451 1007 1483 legge
1023 1450 1125 1474 ferunt.
1140 1450 1233 1474 Arndt
1245 1451 1320 1475 nulla
1333 1450 1403 1474 disse
1415 1450 1485 1475 sulla
1499 1442 1594 1475 lacun'a
1608 1465 1639 1468 —
1654 1450 1680 1476 6.
1698 1451 1786 1476 Anno
1799 1451 1918 1476 Domini
1935 1452 1965 1476 C.
1983 1461 1997 1476 e
2017 1451 2114 1483 Arndt,
2125 1451 2271 1476 omum-do

371 1500 385 1527 5
417 1495 544 1520 variante
558 1494 633 1524 A&
647 1494 735 1519 Anno
753 1493 957 1520 MLxxxvm
977 1494 1034 1519 ind.
1053 1494 1093 1519 XI
1112 1493 1203 1520 sasso.
1223 1507 1255 1511 —
1275 1493 1299 1518 8.
1320 1494 1384 1519 duci
1399 1494 1517 1528 Rogerii
1540 1495 1568 1520 C.
1589 1509 1621 1512 —
1643 1501 1685 1520 10.
1698 1494 1840 1527 Roget-ius
1863 1495 1890 1521 C.
1905 1505 1918 1520 e
1933 1496 2030 1521 Arndt.
2045 1509 2078 1513 ——
2093 1502 2133 1520 n.
2146 1495 2271 1528 reliquid

423 1539 447 1563 C
462 1548 476 1564 e
494 1539 587 1564 Arndt
603 1539 753 1571 reliquerit
771 1538 848 1564 Sasso
867 1553 900 1557 —
923 1545 962 1563 12.
982 1538 1088 1563 Eodem
1108 1546 1186 1563 anno
1206 1539 1407 1571 comprehensa
1427 1540 1470 1564 est
1472 1556 1539 1564 .....
1559 1540 1595 1564 ob
1615 1540 1779 1565 diuturnam
1799 1540 1989 1565 obsidionem.
2008 1541 2034 1565 Α
2052 1549 2160 1569 manca:
2179 1548 2222 1565 ma
2241 1541 2271 1565 la

420 1592 496 1609 mano
509 1585 555 1609 del
566 1592 617 1609 sec.
629 1584 728 1609 XVII
741 1592 776 1608 ve
795 1584 953 1616 I’aggiunse
971 1591 1017 1608 con
1037 1587 1099 1608 nota
1117 1584 1273 1616 marginale
1292 1586 1380 1609 tratta
1394 1585 1429 1608 da
1442 1584 1468 1607 B
1481 1593 1495 1608 e
1508 1592 1557 1609 non
1570 1585 1691 1610 indicata
1713 1586 1882 1610 dall’Arndt.
1895 1599 1927 1603 -
1944 1592 1985 1617 14.
1998 1586 2086 1610 Anno
2105 1585 2139 1610 ab
2151 1584 2283 1609 incarna-

420 1628 503 1654 tione
527 1628 649 1653 Domini
669 1629 693 1653 C
710 1637 724 1653 e
743 1629 840 1660 Arndt,
855 1629 900 1653 che
919 1636 968 1653 non
987 1628 1099 1653 avverti
1111 1628 1238 1654 variante
1258 1629 1284 1653 Α
1295 1628 1327 1653 Β.
1345 1627 1433 1653 Anno
1447 1627 1623 1654 MLXXXJX
1643 1630 1723 1655 Sasso
1737 1644 1769 1647 —
1787 1629 1826 1655 16.
1838 1630 1945 1654 Eodem
1959 1637 2036 1655 anno
2049 1636 2123 1663 papa
2139 1629 2222 1655 uenit
2240 1629 2271 1653 in

421 1673 571 1698 ciuitatem
572 1689 643 1698 .....
655 1672 867 1698 Brundusinam
886 1672 1034 1697 ecclesiam
1053 1673 1079 1697 Α
1099 1681 1200 1704 manca,
1221 1673 1253 1697 vi
1263 1673 1302 1705 fu
1321 1673 1455 1705 aggiunto
1473 1681 1520 1698 con
1533 1677 1595 1699 nota
1608 1675 1763 1707 marginale
1781 1675 1825 1699 che
1845 1676 1873 1700 la
1892 1675 1972 1700 solita
1991 1682 2067 1699 mano
2085 1677 2173 1700 trasse
2188 1674 2224 1701 da
2237 1673 2272 1702 B,

359 1722 391 1740 xo
420 1716 512 1740 Arndt
535 1715 614 1748 seg-ui
634 1715 658 1741 C
675 1724 718 1740 ma
737 1724 786 1740 non
806 1715 892 1740 indica
911 1717 1007 1740 lacuna
1027 1715 1062 1740 A.
1087 1715 1166 1740 Sasso
1180 1718 1246 1746 pose
1265 1719 1332 1740 tutto
1350 1719 1440 1747 questo
1454 1716 1569 1747 periodo
1588 1718 1654 1748 dopo
1673 1717 1697 1741 il
1708 1717 1870 1750 paragrafo
1889 1718 1936 1742 del
1959 1717 2053 1742 MXC.
2072 1729 2083 1735 -
2104 1717 2134 1741 in
2153 1716 2273 1742 ciuitate

424 1761 459 1789 σς
478 1759 688 1785 Brundusinam
707 1760 750 1791 B,·
768 1759 981 1785 Bandusianam
1002 1760 1032 1785 C.
1051 1761 1096 1784 che
1115 1760 1207 1785 Arndt
1225 1761 1305 1784 anche
1323 1768 1441 1785 corresse
1460 1761 1488 1785 in
1501 1764 1563 1786 nota
1576 1762 1603 1786 in
1622 1761 1842 1786 Brundusinam.
1872 1762 1907 1787 Va
1919 1765 2035 1786 corretto
2053 1757 2157 1786 inmte:
2177 1759 2272 1786 Canu—

364 1949 393 1976 ι5

365 2164 399 2182 20

366 2376 397 2402 25

365 2590 401 2615 30

366 2796 399 2824 ³5

369 3011 404 3039 40

421 1803 523 1834 sinam,
535 1811 606 1828 come
618 1804 647 1828 la
659 1803 731 1828 bolla
750 1803 780 1827 di
804 1803 908 1828 Urbano
930 1802 976 1827 11.-
997 1801 1042 1827 Cs.
1064 1810 1091 1827 n.
1112 1808 1126 1834 7

423 1866 454 1890 da·
465 1866 544 1891 Bari.
567 1866 729 1895 IMarinai,
742 1865 842 1896 Trani,
865 1871 940 1898 1902,
960 1866 1080 1890 esti-atto
1099 1865 1177 1890 dalla
1196 1864 1322 1890 Rasse—

423 1915 492 1940 gna
510 1907 696 1940 Pugliese,
714 1906 815 1938 Trani„
834 1914 912 1933 enno
930 1906 1005 1932 XIX.
1027 1915 1053 1932 n.
1072 1907 1093 1932 1.

514 1948 524 1966 ¹
543 1950 577 1975 L-
596 1950 640 1980 P„
658 1949 693 1981 11,
715 1955 774 1982 292.
794 1949 836 1974 Fu
855 1949 947 1975 eletto
967 1949 989 1974 il
1016 1956 1050 1981 24
1074 1956 1147 1982 mag.
1177 1948 1252 1978 1086.
1278 1956 1324 1973 ma

424 1993 593 2017 con-aerato
620 1991 679 2025 i19
704 1999 776 2025 mag.
803 1990 951 2017 dell’snno
971 1993 1115 2024 seguente.
1135 1989 1227 2023 Jimrs
1252 1991 1328 2016 Loa-

425 2039 574 2065 wzn’mm,
596 2034 668 2066 ch.
686 2033 765 2058 Rom.
784 2033 890 2064 Pontif.
909 2040 936 2057 n.
958 2037 1034 2065 5523.
1055 2032 1217 2066 L’epitafflo
1231 2033 1327 2063 dilui,

424 2082 589 2109 scomparso
607 2075 642 2101 da
661 2076 885 2107 Montecassino‚
904 2075 1029 2100 secondo
1043 2075 1064 2100 il
1079 2075 1247 2105 ΜΑΒιιιοΝ,
1258 2076 1326 2101 Acta

425 2118 477 2143 SS.
501 2119 532 2144 0.
554 2118 583 2144 S.
602 2119 637 2143 B.
655 2127 725 2143 saec.
752 2117 791 2143 VI
804 2125 830 2150 p.
851 2125 876 2149 2,
895 2120 968 2152 part.
982 2117 1043 2150 617,
1057 2117 1088 2142 su
1101 2118 1265 2151 riprodotto
1279 2118 1326 2143 dal

426 2157 598 2191 Dueuzslkn,
618 2161 650 2185 L.
670 2161 714 2190 P.‚
734 2162 752 2185 l.
774 2169 796 2185 c.

514 2199 526 2216 ²
544 2201 573 2226 L.
604 2202 644 2230 P..
673 2201 708 2226 11.
730 2208 796 2234 293:
818 2200 985 2230 “Ui-banus,
1012 2202 1133 2226 natione
1161 2201 1273 2232 Gallus,
1292 2209 1326 2226 ex

428 2243 441 2256 ¹¹
452 2243 563 2276 oppido
583 2242 774 2269 Castellionis
793 2243 942 2275 (Cladtillon
960 2251 1007 2268 sur
1020 2244 1120 2268 Marna
1132 2244 1160 2267 in
1173 2244 1288 2268 dioecesi
1299 2245 1329 2268 di

428 2286 441 2299 “
453 2285 556 2317 Reim)
566 2286 643 2318 quod
657 2287 699 2311 est
712 2293 795 2319 super
808 2285 938 2311 Marnam
953 2286 1076 2310 fluvium
1091 2287 1120 2310 ln
1135 2286 1327 2318 arehiepisco-

429 2328 441 2340 “
454 2329 523 2361 patu
542 2327 686 2357 Remensi‚
705 2328 780 2352 sedit
801 2335 893 2352 annos
912 2326 965 2351 ΧΠ
993 2334 1102 2352 menses
1127 2329 1249 2358 quatuor
1268 2327 1328 2352 dies

429 2370 441 2382 ¹‘
452 2369 581 2395 xvas.
591 2386 612 2395 ..
622 2388 646 2401 η.

515 2410 527 2427 ³
546 2419 571 2436 a.
592 2413 697 2445 prende
714 2411 751 2437 da
770 2412 869 2438 Lupus
887 2413 1164 2442 Pnorosrnrmuus,
1186 2419 1231 2436 an.
1250 2411 1325 2437 1088.

426 2454 450 2479 11
474 2454 619 2479 chronicon
638 2454 665 2479 S.
686 2454 808 2485 Sophiae,
830 2461 852 2478 c.
877 2460 908 2485 14
928 2453 963 2482 A,
983 2453 1028 2478 del
1050 2454 1114 2478 Cod-
1135 2454 1260 2479 Vaticano
1273 2454 1328 2482 cit„

427 2498 526 2528 porta:
546 2503 593 2522 an.
616 2503 683 2529 ¹093
705 2496 762 2521 ind.
786 2503 825 2520 11.
848 2495 1055 2521 “Terremotus
1079 2493 1172 2520 factus
1190 2497 1233 2520 est
1253 2495 1328 2524 XIII,

429 2538 501 2564 “die
519 2546 615 2564 mense
635 2538 809 2570 ianuario„;
828 2545 857 2563 se
877 2545 946 2571 pure
965 2545 1024 2563 non
1044 2538 1067 2562 si
1089 2539 1176 2562 tratta
1202 2537 1231 2562 di
1252 2538 1328 2562 altro

427 2582 591 2606 terremoto.

515 2621 526 2638 ⁴
544 2622 691 2654 Fragnsto
711 2630 727 2647 ι
747 2621 820 2647 nord
840 2621 868 2646 di
889 2621 1064 2646 Benevento.

516 2663 528 2680 ¹⁵
548 2664 722 2690 GAuriunus
741 2665 935 2693 Mutum,
953 2663 1000 2688 1v.
1021 2672 1035 2687 e
1053 2670 1083 2695 4:
1106 2662 1182 2687 ‘⁴....
1203 2663 1329 2688 fraterna

431 2709 443 2721 “
455 2709 562 2741 pletate
590 2709 759 2737 commotus,
789 2709 940 2733 acersltum
959 2706 995 2732 ad
1013 2714 1042 2732 se
1061 2708 1089 2732 et
1109 2707 1329 2732 reconciliatum

430 2750 444 2763 “
454 2753 563 2784 purtem
582 2753 699 2784 paterne
711 2750 879 2775 hereditatis
894 2749 1030 2780 contulit,
1049 2756 1178 2774 annuens
1196 2749 1224 2773 ei
1237 2749 1328 2781 ipsam

431 2792 444 2806 ⁴¹
455 2793 562 2819 dietam
581 2793 677 2818 urbem
696 2790 821 2825 (Oriam)
839 2799 923 2825 quam
937 2793 1108 2825 peruaserat,
1122 2791 1261 2816 adiiciens
1275 2791 1328 2815 Tn-

431 2835 567 2861 “rentum
587 2837 614 2860 et
633 2835 814 2867 Hydruntum
834 2835 896 2861 sive
916 2833 1090 2867 Galleolim
1108 2840 1174 2858 cum
1197 2834 1329 2858 omnibus

431 2876 444 2890 ¹
457 2877 638 2911 appendiciis
657 2879 685 2902 et
704 2877 844 2909 quidquid
863 2876 1010 2902 Goffridus
1031 2877 1065 2901 de
1078 2874 1265 2901 Conversum
1279 2876 1330 2900 sub

432 2920 446 2934 α
456 2920 519 2954 ipss
531 2920 651 2946 habebnt
665 2927 727 2945 cum
742 2919 883 2945 famulatu
897 2920 1023 2945 eiusdem
1037 2935 1063 2951 „.
1082 2919 1247 2943 Boemondo
1261 2918 1328 2943 ebbe

431 2963 533 2988 ceduto
553 2964 630 2987 tutto
650 2962 672 2987 il
692 2963 842 2987 territorio
862 2962 912 2986 che
932 2963 955 2986 si
977 2961 1076 2986 stende
1095 2961 1131 2986 da
1144 2959 1329 2985 Conversano

431 3012 447 3029 ι
466 3004 603 3031 Brindisi.

1465 1864 1477 1881 ⁶
1495 1866 1583 1892 Tutta
1603 1867 1632 1891 la
1652 1868 1764 1892 notizia
1782 1865 1797 1892 ὲ
1816 1868 1903 1892 tratta
1923 1867 1958 1892 da
1983 1866 2083 1892 Lupus
2106 1865 2276 1892 Pno‘rosn·

1378 1914 1494 1938 τωυε,
1513 1916 1558 1934 an.
1581 1909 1657 1934 1088.
1678 1909 1863 1944 muniamus,
1877 1910 2072 1940 Missas-nam,
2095 1908 2144 1939 1V,
2169 1908 2184 1934 1
2201 1915 2216 1933 e
2238 1906 2274 1939 11,

1379 1943 1407 1968 la
1421 1945 1532 1977 riporta
1543 1944 1669 1971 sll’anno
1686 1945 1762 1978 1085.
1793 1945 1909 1977 Anum,
1921 1946 2013 1971 Storia
2032 1946 2076 1970 dei
2093 1944 2275 1973 Musulami,

1379 1985 1429 2011 eit.
1441 1986 1491 2016 111,
1506 1986 1557 2012 168
1572 1989 1640 2013 nota
1656 1995 1678 2020 1,
1692 1990 1800 2013 accetta
1810 1989 1908 2020 questa
1918 1988 1994 2019 data,
2006 1995 2021 2012 e
2035 1987 2097 2012 dice
2107 1987 2136 2012 is
2145 1993 2275 2019 prepara-

1380 2029 1465 2054 zlone
1482 2029 1527 2054 del
1541 2031 1673 2063 naviglio
1686 2038 1735 2063 per
1754 2031 1887 2056 l’assedio
1906 2031 2077 2055 cominciat·
2097 2029 2143 2054 nel
2161 2028 2276 2062 maggio

1380 2070 1525 2096 dell'anno
1539 2075 1672 2104 seguente
1685 2081 1698 2097 e
1712 2073 1793 2097 finita
1808 2073 1999 2098 nell’ottobre.
2012 2072 2053 2097 La
2063 2079 2144 2104 presa
2157 2071 2189 2096 di
2201 2070 2276 2096 Sira-

1380 2121 1447 2138 cusa
1466 2115 1632 2147 precedette,
1653 2122 1668 2139 e
1687 2116 1734 2146 qui
1755 2114 1793 2139 s’b
1812 2113 1862 2147 pli:
1882 2116 1978 2144 sicuti,
1996 2114 2228 2148 l’espugnqune
2246 2114 2275 2138 di

1380 2156 1495 2181 Mehdia
1509 2156 1582 2181 satta
1596 2156 1632 2182 da
1647 2159 1727 2190 parte
1740 2158 1785 2182 dei
1800 2157 1898 2182 Pisani
1916 2157 1962 2182 nel
1983 2155 2059 2189 1087.
2079 2155 2277 2186 Cau-mou,

1381 2197 1500 2223 Histoire
1514 2200 1545 2223 de
1558 2201 1586 2224 la
1599 2200 1765 2224 deminution
1775 2199 1937 2228 Normande,
1951 2200 2005 2230 cit.,
2014 2199 2035 2228 1,
2045 2207 2070 2231 p.
2079 2198 2140 2232 338,
2150 2198 2278 2232 awogne

1380 2241 1409 2265 la
1428 2240 1494 2266 data
1512 2241 1558 2266 dol
1579 2242 1731 2266 Malaterra
1750 2249 1765 2266 e
1784 2248 1859 2274 pone
1878 2242 1902 2266 la
1922 2249 2004 2275 presa
2022 2241 2053 2266 di
2071 2241 2204 2267 Slrncuss.
2219 2241 2277 2266 nel-

1380 2282 1517 2308 l'ottobre
1539 2282 1614 2316 1085.
1651 2284 1761 2309 Nessun
1792 2283 1972 2309 riferimento
2001 2284 2112 2316 preciso
2143 2285 2278 2309 comente

1381 2332 1437 2349 una
1455 2325 1606 2350 soluzione
1625 2326 1726 2351 sicura.

1469 2364 1479 2380 ⁷
1499 2366 1596 2393 Lm’Us
1615 2366 1886 2396 Pnorosmrmuus,
1910 2375 1956 2392 an.
1978 2366 2053 2400 1089.
2079 2367 2125 2393 Cf.
2150 2367 2229 2392 bolla
2247 2367 2278 2392 di

1381 2408 1512 2433 Urbanus
1521 2408 1556 2437 11,
1569 2415 1619 2442 per
1632 2409 1660 2433 la
1673 2410 1897 2435 consaerazione
1909 2410 1954 2434 del
1969 2417 2091 2435 vescovo
2108 2409 2181 2440 Elin,
2195 2415 2210 2442 5
2224 2410 2278 2434 ott.

1385 2448 1452 2482 1089
1472 2451 1530 2475 ind.
1550 2450 1631 2481 xm;
1655 2450 1746 2483 JAFFa
1766 2452 1982 2480 Lonwnmmm,
2003 2452 2072 2484 Reg.
2098 2453 2176 2476 Roas.
2200 2451 2279 2477 stat.

1382 2499 1409 2515 n.
1430 2498 1507 2524 541²·
1529 2491 1736 2518 Nell'Archivio
1749 2494 1794 2519 del
1805 2494 1919 2525 capitolo
1932 2495 1962 2518 di
1975 2494 2004 2519 S.
2018 2494 2122 2519 Savino
2133 2493 2159 2518 sl
2172 2493 2208 2518 hs
2221 2500 2278 2518 uns

1381 2534 1464 2567 copia
1484 2535 1528 2559 del
1549 2534 1588 2559 XI
1606 2535 1636 2560 in
1656 2536 1790 2560 scrittura
1811 2536 2000 2568 langoburdag
2022 2544 2068 2561 ma
2086 2543 2115 2560 se
2134 2542 2169 2560 ne
2181 2535 2278 2560 hanno

1382 2577 1464 2608 copie
1483 2577 1527 2601 del
1548 2584 1601 2603 sec.
1620 2578 1686 2603 XVI
1705 2586 1719 2602 e
1739 2578 1832 2603 XVIII
1851 2579 1928 2611 negli
1942 2578 2058 2604 Archivi
2068 2579 2140 2603 della
2152 2579 2278 2603 canatu-

1381 2619 1425 2643 ria
1445 2619 1475 2643 di
1493 2619 1516 2644 S
1531 2621 1630 2645 M'cola
1648 2628 1663 2645 e
1684 2621 1758 2646 nella
1778 2622 1926 2646 Biblioteca
1951 2621 2112 2646 consorziale
2139 2620 2279 2652 (Arcuvio

1383 2661 1545 2694 d'Addosio).
1566 2663 1611 2688 Un
1632 2665 1707 2688 testo
1726 2664 1860 2696 migliore
1880 2664 1904 2688 si
1924 2664 1961 2689 ha
1980 2663 2010 2688 in
2033 2663 2127 2688 Codxcc
2138 2663 2278 2694 Dnjlou-a-

1383 2704 1435 2729 tico
1455 2705 1564 2735 Barese,
1583 2706 1640 2729 vol.
1660 2706 1680 2730 I.
1699 2705 1860 2730 ancsco
1874 2706 1964 2730 Nun-1
1976 2712 2007 2729 m
2021 2705 2107 2736 Vri-o,
2121 2712 2160 2738 pp
2173 2704 2216 2734 62,
2229 2703 2278 2736 63:

1385 2746 1398 2759 “
1410 2745 1487 2774 Quia
1506 2748 1616 2772 nostris
1635 2748 1811 2780 temporibus
1830 2748 1979 2773 ecelesiam
1992 2755 2075 2779 quam
2088 2748 2150 2772 Deo
2163 2749 2279 2772 auctore

1385 2788 1398 2802 “
1409 2790 1484 2822 regis
1513 2790 1600 2815 frater
1632 2790 1782 2815 karissime
1812 2790 1962 2815 Barensem
1992 2797 2046 2822 que
2075 2791 2104 2815 et
2133 2789 2280 2818 Csnusine

1385 2832 1398 2845 “
1408 2832 1516 2857 dicitur
1535 2833 1720 2865 omnipotens
1739 2833 1873 2858 dominus
1890 2833 1966 2858 besti
1986 2833 2159 2858 confessoris
2172 2833 2216 2858 sui
2228 2831 2279 2856 Ni-

1385 2875 1397 2887 ‘⁴
1408 2875 1489 2907 colay
1508 2882 1628 2908 corpore
1651 2876 1788 2908 dignatus
1806 2877 1848 2900 est
1863 2874 1939 2907 [nos]
1953 2876 2068 2900 auctore
2086 2875 2149 2900 Deo
2168 2876 2280 2908 sposto-

1385 2917 1503 2942 “lorum
1535 2917 1613 2942 Petri
1641 2918 1780 2950 Paulique
1809 2918 1910 2942 vicarii
1940 2919 2058 2950 propter
2086 2917 2279 2942 ecclesiastica

1384 2958 1396 2971 ‘¹
1408 2961 1572 2991 exequenda
1591 2960 1697 2993 Apulie
1716 2961 1898 2994 provinciam
1912 2960 2114 2985 descendentes
2127 2960 2279 2984 dilectissi-

1385 3001 1397 3015 “
1409 3009 1519 3026 morum
1546 3002 1672 3027 filiorum
1704 3010 1823 3028 comune
1851 3003 1967 3028 ecclesie
1998 3002 2115 3035 Rogerii
2145 3002 2226 3027 ducis
2252 3003 2280 3027 et

2303 2044 2338 2073 45
2370 2052 2372 2055 ’

2306 2253 2340 2281 so
2369 2258 2377 2306 j‘

2307 2465 2338 2494 55
2376 2464 2378 2469 ’

2306 2672 2341 2698 60
2379 2634 2382 2658 L

2306 2878 2339 2910 ες
2381 2859 2392 2888 ‚3
