2398 3470
165 354 287 387 “netie
309 354 396 387 fines
418 355 585 398 recipere.
631 355 704 388 Sed
727 364 825 394 ecce,
848 361 887 388 ut
910 354 1117 393 audiuimus,
1141 355 1247 388 uestri
1268 354 1452 387 iuramenti
1475 359 1511 386 et
1534 353 1771 397 promissionis
1794 353 1902 394 obliti,
1918 363 2007 396 pace

163 407 178 424 ⁸
191 408 347 441 nondum
370 408 538 450 disposita
561 414 596 441 et
618 410 762 447 firmata,
786 408 1032 451 imperatorem
1053 419 1125 442 non
1146 408 1296 441 iuratum
1319 408 1366 440 ad
1389 408 1565 441 ciuitatem
1589 408 1700 447 istam,
1723 417 1817 450 papa
1832 407 2009 441 contradi-

165 463 180 479 “
192 466 305 500 cente,
329 462 477 494 uocatis:
503 467 538 494 et
559 461 609 495 sic
632 472 701 505 pax
725 461 874 495 ecclesie
898 467 932 494 et
948 461 1078 494 domini
1093 461 1202 494 nostri
1217 461 1321 505 regis,
1338 460 1435 493 uobis
1450 459 1672 499 facientibus,
1689 460 1887 503 impeditur.
1932 459 2007 494 Sed

164 514 228 547 “in
250 513 399 548 ueritate
422 514 550 553 sciatis,
574 516 670 558 quod
693 525 756 548 nos
778 515 816 547 in
839 514 981 547 ciuitate
1004 515 1070 547 ista
1092 524 1163 546 non
1186 513 1452 556 prestolabimur
1474 513 1690 556 imperatoris
1713 514 1914 553 aduentum,
1944 513 2008 546 sed

115 566 134 599 5
164 566 248 600 “die
273 567 422 600 crastiua
446 568 493 600 ad
515 568 656 610 propria
678 567 875 605 redeuutes,
899 567 1040 600 domino
1063 567 1137 611 regi
1159 567 1355 610 significare
1386 565 1592 606 curabimus,
1623 567 1773 609 qualiter
1794 577 1859 609 pro
1891 572 1942 600 tot
1972 573 2007 600 et

161 620 177 636 ⁸
191 620 295 654 tantis
318 619 499 653 beneficiis
521 620 621 654 uobis
653 632 672 653 a
702 621 799 664 regia
830 620 1052 654 liberalitates
1084 620 1218 653 collatis
1247 619 1346 652 'mala
1376 626 1411 652 et
1444 620 1595 663 dampna
1628 620 1776 662 plurima
1811 621 2006 663 rependere

166 675 180 691 ‘⁴
192 673 362 707 studeatis
374 697 404 716 „.

250 725 389 765 Quibus
411 728 550 767 auditis,
575 728 646 760 dux
667 728 752 760 satis
774 727 913 771 placide
938 732 973 759 et
996 727 1147 771 benigne
1170 727 1368 769 respondit:
1399 728 1414 744 ¹⁶
1428 725 1536 765 Quod
1562 737 1624 760 uos
1654 726 1851 771 indignatos
1882 728 2007 771 aspici-

36 811 51 826 ,Ι
164 781 267 812 “mus
289 786 324 813 et
348 786 470 813 contra
494 791 556 814 nos
579 787 768 814 commotos
792 791 867 814 esse
891 780 1142 824 cognoscimus,
1166 790 1248 823 egre
1272 780 1415 826 multum
1437 779 1587 823 patimur
1617 786 1652 813 et
1682 780 1920 814 molestissime
1951 792 2007 814 su-

97 833 136 865 10
164 833 368 866 “sanemus
415 834 490 867 Nos
513 834 615 873 enim,
639 835 699 878 qui
723 834 900 867 dominum
922 843 1040 877 regem
1063 839 1134 866 toto
1157 833 1265 866 corde
1289 833 1466 878 diligimus
1487 840 1523 866 et
1544 844 1608 876 pro
1625 834 1756 867 honore
1772 834 1846 866 eius
1861 839 1896 867 et
1912 845 2006 868 com-

165 887 180 903 “
193 886 298 920 modo
322 897 386 919 nos
410 893 445 920 et
468 893 584 920 nostra
606 898 783 930 exponere
807 897 877 920 non
901 886 1105 925 dubitamus,
1130 886 1298 919 nollemus
1320 896 1391 918 non
1413 886 1523 920 solum
1546 896 1619 927 uos,
1643 887 1702 930 qui
1726 887 1841 930 magni
1865 887 1946 921 estis
1961 888 2005 921 de

163 940 179 956 ⁴
194 950 304 983 regno
327 940 401 972 eius
424 946 460 973 et
482 940 606 973 summi
629 940 818 983 principes,
840 941 903 974 sed
924 950 991 973 nec
1013 950 1150 973 suorum
1174 939 1352 973 minimum
1385 940 1429 973 ad
1460 940 1675 973 iracundiam
1707 950 1913 983 prouocare.
1959 941 2006 974 Et

163 993 275 1035 “quia
298 992 391 1026 inter
414 1004 492 1026 eum
516 999 552 1026 et
573 993 820 1036 imperatorem
843 1004 967 1036 pacem
991 1003 1066 1026 esse
1089 992 1289 1036 dispositam
1312 992 1551 1033 credebamus,
1567 993 1746 1034 noluimus,
1762 1000 1800 1026 ut
1813 994 1850 1026 in
1867 994 2007 1028 ciuitate

164 1047 179 1064 ‘⁶
192 1051 310 1079 nostra
332 1046 431 1088 pacis
454 1046 586 1080 domini
609 1046 701 1090 regis
724 1053 898 1090 tamquam
922 1046 1119 1079 amicissimi
1146 1047 1254 1079 nostri
1284 1046 1384 1079 fieret
1414 1046 1676 1079 consummatio.
1722 1046 1767 1079 Et
1796 1046 1880 1080 ideo
1910 1058 2007 1080 rece-

25 1081 49 1138 3
96 1098 136 1131 15
165 1100 180 1116 ‘⁴
193 1099 301 1131 dendi
325 1099 425 1132 uobis
446 1099 622 1132 licentiam
644 1109 715 1132 non
738 1099 931 1139 tribuimus,
954 1099 1018 1132 sed
1040 1099 1262 1142 prudentiam
1283 1104 1433 1132 uestram
1458 1099 1651 1132 affectuose
1673 1110 1846 1143 rogamus,
1869 1106 1907 1133 ut
1921 1107 2008 1133 tam-

36 1144 43 1154 *
163 1153 296 1195 “quam
320 1151 354 1184 in
379 1152 538 1185 domibus
560 1153 684 1185 uestris
706 1153 819 1185 securi
844 1159 880 1186 et
902 1153 978 1185 sine
1001 1152 1126 1185 timore
1153 1152 1270 1195 aliquo
1300 1152 1522 1195 imperatoris
1554 1154 1746 1195 expectetis
1777 1154 1962 1187 aduentum
1976 1178 2007 1194 „.

36 1237 40 1250 k
160 1204 240 1238 Non
262 1210 375 1238 autem
399 1205 533 1238 idcirco
555 1206 672 1238 taliter
695 1204 766 1238 dux
789 1206 976 1248 respondit,
1001 1206 1086 1249 quin
1109 1206 1140 1238 ei
1164 1211 1199 1238 et
1222 1205 1298 1238 aliis
1320 1205 1532 1248 sapientibus
1554 1207 1633 1239 talis
1655 1207 1873 1249 imperatoris
1889 1207 2007 1249 displi-

38 1257 45 1280 ὅ
158 1264 256 1291 ceret
278 1258 462 1296 aduentus,
485 1259 546 1291 sed
570 1259 652 1302 quia
675 1258 817 1292 timebat
838 1258 977 1302 plebem
994 1265 1029 1292 et
1051 1258 1254 1301 popularem
1277 1259 1459 1291 tumult-um
1481 1259 1665 1302 plurimum
1698 1259 1917 1293 formidabat.

38 1307 42 1313 '⁴
245 1310 368 1343 Nuntii
391 1317 506 1344 autem
529 1312 622 1355 regis
644 1312 713 1345 hoc
736 1311 928 1350 audientes,
951 1318 1133 1355 surgentes
1155 1322 1235 1345 cum
1257 1311 1498 1355 indignatione
1521 1312 1691 1345 dixerunt:
1722 1314 1737 1330 ‘⁴
1751 1313 1826 1345 Nos
1848 1313 1905 1345 hic
1929 1323 2007 1346 cum

27 1355 51 1399 Δ,
93 1366 135 1397 20
165 1364 337 1397 “licentia
359 1370 476 1398 uestra
498 1375 569 1398 non
593 1365 750 1397 uenimus
772 1375 838 1398 nec
861 1375 939 1397 cum
963 1371 1076 1398 uestra
1098 1366 1242 1399 licentia
1263 1366 1476 1405 recedemus,
1500 1366 1564 1399 sed
1587 1366 1738 1399 crastina
1761 1366 1819 1399 die
1834 1367 1903 1400 iter
1918 1366 2005 1399 arri-

42 1408 44 1418 *
163 1418 338 1461 “pientes‚
363 1418 494 1451 domini
519 1419 625 1452 nostri
648 1418 740 1462 regis
763 1418 924 1451 iniuriam
948 1429 1017 1451 non
1040 1418 1156 1452 uerbis
1179 1419 1242 1452 sed
1266 1418 1429 1461 operibus
1443 1419 1631 1452 nendicare
1649 1419 1888 1460 curabimus„
1936 1420 2006 1459 Qui

157 1472 204 1504 ad
227 1468 350 1506 domos
372 1482 452 1504 suas
472 1472 659 1504 redeuntes
682 1472 797 1504 statim
821 1472 995 1505 iusserunt
1017 1472 1134 1515 galeas
1157 1472 1281 1514 parari,
1303 1472 1404 1505 tubas
1426 1482 1564 1511 canere,
1587 1483 1682 1505 arma
1697 1478 1733 1506 et
1746 1478 1854 1506 totam
1868 1474 2008 1516 suppel-

158 1525 312 1558 lectilem
336 1525 372 1557 in
393 1524 511 1568 galeas
535 1524 719 1558 in'ducere.
767 1523 874 1562 Quod
898 1526 1029 1558 factum
1052 1531 1233 1568 postquam
1257 1525 1325 1558 fuit
1354 1535 1418 1568 per
1448 1525 1614 1558 Uenetias
1644 1525 1870 1569 diuulgatum‚
1901 1527 2004 1559 timor

159 1577 328 1610 maximus
348 1577 506 1611 Uenetos
529 1578 726 1621 occupauit.
771 1577 958 1610 Timebant
982 1578 1083 1616 enim,
1106 1588 1150 1610 ne
1173 1578 1200 1610 si
1224 1578 1317 1621 regis
1348 1578 1459 1610 nuntii
1489 1578 1662 1622 indignati
1694 1579 1909 1619 recederent,
1941 1580 2007 1613 hac

45 1623 46 1626 ¹
92 1630 131 1664 25
157 1631 344 1663 occasione
367 1641 432 1663 rex
455 1630 622 1670 Uenetos,
647 1632 706 1674 qui
731 1632 767 1663 in
791 1638 882 1663 terra
904 1641 965 1663 sua
989 1638 1098 1670 erant,
1122 1631 1218 1674 capti
1242 1631 1375 1664 faceret
1398 1637 1432 1664 et
1463 1632 1498 1663 in
1529 1632 1688 1664 custodia
1720 1632 1878 1665 detineri.
1926 1632 2007 1671 Qua

41 1674 47 1682 ⁴
157 1684 203 1717 de
227 1693 333 1717 causa
355 1694 480 1728 magna
502 1684 684 1716 multitudo
708 1685 861 1717 uirorum
884 1695 926 1717 ac
951 1684 1144 1722 mulierum,
1168 1694 1313 1727 quorum
1336 1691 1498 1727 parentes
1522 1685 1557 1716 in
1580 1685 1744 1727 Apuliam
1767 1691 1947 1726 uenerant,
1963 1687 2008 1719 ad

157 1737 284 1770 ducem
307 1747 512 1780 properans,
534 1737 780 1779 proclamauit:
811 1739 826 1754 ‘⁴
839 1737 1000 1770 Uestram
1023 1743 1059 1769 et
1080 1738 1185 1770 totius
1207 1737 1354 1770 Uenetis
1378 1737 1610 1780 prudentiam,
1634 1738 1775 1771 illustris
1791 1739 1874 1779 duX,
1897 1740 2006 1773 latere

163 1791 260 1824 “non
283 1790 466 1829 credimus,
490 1797 619 1834 quanta
642 1790 812 1823 beneficia
835 1790 1039 1834 magnificus
1061 1801 1122 1823 rex
1143 1790 1260 1823 Sicilie
1284 1797 1399 1823 nostre
1423 1790 1558 1834 regioni
1582 1802 1642 1823 sua
1666 1791 1869 1826 liberalitate
1884 1794 2011 1836 presti-

43 1877 47 1884 ,
163 1845 282 1883 “terit‚
307 1850 342 1877 et
364 1845 513 1888 qualiter
535 1850 650 1877 nostre
674 1844 776 1877 famis
800 1844 953 1877 inediam
975 1854 1037 1877 sue
1059 1850 1152 1877 terre
1175 1843 1382 1878 uictualibus
1403 1845 1630 1887 reparauerit.
1675 1844 1733 1878 Ad
1748 1856 1815 1889 que
1830 1852 2008 1889 transpor-

49 1919 54 1943 1
89 1897 134 1930 30
162 1898 297 1931 “tanda
320 1897 420 1930 multi
443 1904 638 1931 nostrorum
663 1897 792 1930 ciuium
814 1897 852 1929 in
876 1897 1036 1940 Apuliam
1060 1898 1279 1936 transierunt,
1302 1905 1338 1930 et
1366 1907 1485 1931 secum
1515 1908 1584 1930 non
1615 1898 1788 1931 modicam
1818 1899 2004 1942 pecuniam

54 1947 55 1950 '
164 1953 227 1984 “et
249 1951 373 1984 multas
394 1951 636 1984 mercimonias
660 1950 868 1984 detulerunt.
914 1950 953 1984 Si
975 1961 1059 1994 ergo
1083 1949 1205 1984 Sicilie
1227 1962 1290 1984 rex
1313 1950 1473 1989 audierit,
1496 1952 1635 1984 nuntios
1656 1962 1736 1985 suos
1758 1963 1778 1984 a
1802 1952 1903 1985 nobis
1918 1953 2008 1986 indi·-

165 2006 179 2022 “
193 2010 319 2048 gnatos
340 2005 519 2044 recedere,
542 2004 579 2036 in
602 2004 698 2037 ciues
721 2010 857 2037 nostros
879 2010 914 2037 et
936 2014 992 2036 res
1016 2013 1135 2037 eorum
1157 2005 1282 2037 merito
1305 2005 1434 2047 poterit
1456 2005 1648 2038 uindicare.
1695 2005 1884 2038 Prouideat
1904 2007 2008 2050 igitur

164 2060 178 2076 ‘⁶
192 2061 309 2091 uestra
333 2057 507 2096 discretio,
531 2057 562 2090 si
585 2057 770 2090 occasione
793 2056 1024 2100 imperatoris,
1048 2068 1067 2090 a
1091 2067 1159 2100 quo
1185 2057 1270 2090 nihil
1301 2067 1452 2101 uuquam
1483 2057 1565 2090 boni
1595 2058 1789 2098 habuimus,
1821 2059 2007 2093 amicitiam

41 2151 47 2153 ξ
165 2113 179 2128 “
193 2112 280 2144 tanti
305 2111 487 2154 principis,
511 2122 532 2144 a
554 2121 622 2154 quo
647 2122 748 2144 omne
773 2110 899 2144 bonum
924 2110 1119 2153 recipimus,
1143 2111 1300 2144 amittere
1317 2110 1516 2146 debeamus.
1562 2111 1606 2144 Et
1621 2111 1702 2145 ideo
1718 2112 2008 2156 magnificentiam

47 2166 56 2206 ,J
76 2180 77 2183 ¹
94 2164 137 2197 35
166 2166 345 2198 ‘uestram
368 2164 545 2197 humiliter
568 2164 804 2207 imploramus,
829 2169 867 2196 ut
890 2170 1080 2197 nostrorum
1106 2164 1233 2197 ciuium
1257 2170 1326 2198 tam
1348 2165 1447 2208 graui
1471 2165 1622 2208 dampno
1646 2171 1681 2198 et
1704 2166 1821 2198 futuro
1851 2166 2009 2209 periculo

164 2219 179 2236 ¹⁴
193 2218 430 2261 prouidentes‚
453 2218 590 2250 nuntios
612 2218 706 2262 regis
730 2217 855 2250 Sicilie
877 2216 922 2250 ab
943 2217 1084 2260 incepto
1107 2217 1232 2250 itinere
1248 2218 1431 2256 reuocetis,
1455 2229 1521 2251 nec
1545 2223 1668 2251 contra
1691 2219 1903 2252 uoluntatem
1920 2230 2009 2263 pape

166 2273 180 2289 ‘¹
194 2276 230 2305 et
251 2270 389 2304 illorum
412 2271 657 2314 imperatorem
680 2270 848 2303 Uenetias
871 2270 1001 2303 inu-are
1024 2270 1152 2304 sinatis.
1199 2271 1237 2304 Si
1260 2271 1319 2314 qui
1342 2271 1433 2304 enim
1456 2277 1544 2309 sunt,
1569 2272 1625 2315 qui
1649 2277 1772 2305 contra
1794 2273 1862 2306 hoc
1876 2273 2008 2317 aliquid

165 2323 315 2357 “dicere
338 2324 394 2356 uel
419 2329 625 2367 attemptare
649 2323 910 2366 presumserint,
934 2323 1047 2366 parati
1074 2333 1189 2357 sumus
1220 2334 1297 2357 cum
1329 2324 1465 2357 nostris'
1498 2325 1697 2367 parentibus
1728 2331 1762 2358 et
1791 2325 1915 2359 amicis
1945 2337 2005 2359 eos

166 2377 297 2410 “morti
322 2377 470 2414 tradere,
493 2382 528 2409 et
550 2377 726 2419 proximos
749 2382 894 2416 nostros,
918 2376 975 2419 qui
1000 2376 1035 2409 in
1058 2386 1168 2420 regno
1190 2377 1283 2421 regis
1312 2383 1402 2416 sunt,
1425 2389 1446 2411 a
1476 2377 1593 2411 futuro
1624 2379 1782 2421 periculo
1812 2379 1962 2412 liberare
1977 2403 2006 2419 „.

55 2458 59 2465 ,.
96 2431 138 2463 40
248 2429 329 2463 Dux
352 2436 466 2462 autem
490 2440 608 2462 eorum
632 2429 846 2473 querimonia
871 2429 1058 2473 diligenter
1082 2435 1117 2462 et
1140 2435 1316 2474 gratanter
1337 2430 1466 2470 audita,
1497 2432 1692 2474 respondit:
1731 2434 1745 2448 “
1759 2432 1865 2471 Quod
1896 2433 2006 2465 nuntii

48 2482 54 2487 ”
165 2485 179 2501 “
194 2483 288 2526 regis
311 2482 430 2516 Sicilie
452 2482 574 2515 uolunt
596 2482 769 2526 indignati
792 2482 971 2521 recedere,
995 2492 1065 2516 non
1088 2493 1164 2516 mee
1186 2483 1418 2527 imprudentie
1441 2484 1506 2517 sed
1529 2485 1755 2525 quorumdam
1787 2486 2005 2528 popolarium

166 2535 357 2569 “seditioni
380 2541 432 2568 est
455 2541 491 2569 et
514 2535 643 2568 malitie
667 2534 921 2574 ascribendum,
945 2535 1004 2579 qui
1027 2546 1105 2569 mea
1128 2542 1163 2570 et
1186 2537 1394 2580 prudentum
1417 2537 1570 2571 uirorum
1595 2538 1669 2570 zelo
1701 2543 1736 2570 et
1765 2538 1896 2571 inuidia
1927 2549 2007 2582 pro-

163 2590 178 2606 ‘
193 2589 320 2628 uocati,
344 2600 414 2622 non
441 2588 590 2622 ciuitatis
613 2588 737 2621 honori
761 2594 796 2621 et
818 2588 941 2632 glorie,
965 2589 1028 2622 sed
1050 2590 1120 2623 suis
1141 2589 1348 2623 utilitatibus
1370 2589 1608 2633 prouidentea
1634 2591 1690 2623 die
1723 2597 1758 2623 et
1789 2597 1891 2625 nocte
1923 2592 2007 2626 dant

164 2643 178 2658 ‘⁴
192 2641 343 2675 studium
368 2647 404 2674 et
417 2652 563 2685 operam
575 2641 789 2686 diligentem,
805 2647 843 2674 ut
858 2642 1112 2684 imperatorem,
1129 2641 1227 2676 nobis
1243 2643 1575 2682 contradicentibus,
1591 2643 1760 2676 Uenetias
1774 2644 2008 2686 introducant,

255 2758 736 2791 1.SetCeArndt—3.domnl
759 2759 1287 2792 CeAmdt-setCeArndt—4.
1313 2762 1354 2785 set
1383 2761 1439 2784 Ce
1463 2760 1646 2793 Ande—5.
1667 2761 1773 2785 domno
1796 2761 2005 2786 CeArndt-

163 2800 188 2826 6.
208 2801 340 2826 libertate
358 2800 382 2824 A
404 2814 412 2818 -
432 2801 583 2826 collocatis
601 2802 625 2826 A
644 2814 677 2820 --
700 2808 739 2826 10.
758 2801 894 2827 domnum
917 2801 941 2826 C
955 2810 968 2826 e
986 2801 1079 2827 Arndt
1098 2815 1129 2821 -
1152 2809 1191 2828 12.
1211 2805 1252 2828 set
1282 2803 1304 2827 C
1319 2811 1332 2827 e
1356 2803 1445 2828 Arndt
1464 2817 1496 2820 -—
1518 2810 1558 2834 14·
1577 2803 1675 2828 domni
1698 2803 1722 2828 C
1737 2811 1750 2827 e
1768 2804 1860 2829 Arndt
1878 2817 1887 2822 -
1907 2812 2006 2830 consu-

163 2843 252 2868 matlo
270 2842 295 2867 A
316 2856 348 2860 —
372 2847 411 2874 ις.
430 2844 471 2868 net
494 2842 518 2867 C
532 2851 546 2867 e
563 2843 655 2868 Arndt
675 2857 705 2861 —
728 2850 767 2875 ¹7·
787 2844 892 2868 iccirco
910 2843 935 2869 A
953 2851 967 2867 e
989 2843 1013 2869 C
1027 2852 1041 2868 ι
1058 2844 1148 2870 Arndt
1168 2858 1199 2862 ——
1222 2844 1262 2871 18.
1287 2847 1328 2870 set
1357 2845 1380 2869 C
1402 2853 1415 2868 e
1440 2845 1530 2870 Arndt
1555 2859 1585 2862 —
1613 2852 1652 2877 ¹9·
1671 2846 1778 2870 Nuncli
1796 2846 1829 2877 B,
1852 2847 1882 2875 C,
1901 2846 1977 2871 Sasso
1995 2856 2007 2871 e

51 2913 54 2916 ,
163 2885 253 2910 Amat
271 2897 304 2903 —
325 2891 365 2909 20.
386 2887 427 2910 set
449 2884 473 2909 C
489 2892 502 2908 ι.-
519 2884 609 2910 Arndt
628 2899 659 2903 —-
682 2891 722 2910 21.
741 2885 840 2910 domni
862 2886 885 2911 C
900 2893 914 2909 e
933 2886 1024 2911 Arndt
1044 2899 1052 2904 -
1071 2888 1114 2911 net
1134 2887 1158 2913 C
1174 2895 1187 2911 e
1204 2887 1297 2913 Amat
1315 2901 1346 2906 -—
1368 2893 1409 2920 ²3·
1428 2887 1565 2912 Veneclas
1588 2887 1610 2911 C
1626 2895 1639 2911 e
1657 2887 1746 2912 Amat
1759 2901 1791 2906 ·—
1806 2895 1848 2919 ²4-
1863 2889 1960 2913 nuncu
1974 2889 2006 2916 B.

116 2934 129 2959 5
163 2927 193 2957 C,
205 2926 308 2952 Same
326 2926 416 2951 Arndt
435 2940 466 2944 —
489 2933 529 2960 ²7·
549 2928 671 2952 venecia
695 2927 718 2952 C
733 2936 746 2952 e
764 2928 855 2954 Arndt
874 2941 905 2946 —-
927 2928 969 2953 28.
987 2928 1119 2954 libertate
1138 2930 1161 2954 A
1182 2942 1213 2947 —
1235 2936 1277 2962 3¹·
1298 2931 1418 2955 nuncios
1438 2930 1471 2961 B,
1494 2929 1523 2959 C,
1541 2929 1617 2954 Sauo
1636 2937 1649 2953 e
1668 2929 1758 2954 Amas
1778 2944 1808 2947 —
1823 2938 1864 2962 33.
1880 2922 1970 2955 nichil
1984 2932 2007 2955 A

61 2971 63 2973 ’
163 2982 196 2989 -
210 2968 251 3002 36.
266 2970 388 2995 nuncios
407 2969 439 2997 B,
462 2969 491 2999 C.
509 2969 586 2995 Sauo
604 2977 617 2993 e
634 2969 724 2994 Arndt
743 2983 775 2988 —
795 2976 837 3002 37.
857 2969 994 2996 Veneclu
1012 2970 1037 2995 A
1058 2985 1086 2989 -
1109 2978 1151 3003 40.
1170 2973 1269 2997 nuncii
1292 2973 1322 3001 Β,
1345 2973 1375 3001 C,
1397 2974 1472 2996 Sarra
1490 2979 1503 2995 e
1522 2971 1612 2996 Arndt
1632 2986 1662 2990 ——
1684 2979 1725 3003 41.
1747 2980 1806 3008 tngg
1825 2972 1847 2995 A
1869 2987 1875 2990 -
1897 2975 1937 2997 set
1959 2974 1981 2997 C
1994 2981 2007 2996 e

163 3011 254 3037 Ande
274 3025 303 3029 —
325 3019 368 3044 43.
386 3013 427 3036 set
451 3012 474 3035 C
489 3021 502 3036 e
519 3011 609 3036 Arndt
627 3025 659 3030 -
680 3020 720 3044 ⁴4·
742 3012 878 3038 Venecin
897 3013 921 3037 A

160 236 212 274 [Α.
231 237 265 266 c.
286 237 378 272 11⁷7]
740 230 1030 268 ROMUALDI
1058 230 1424 274 SALERNITANI
1929 230 1999 266 281
2017 241 2091 265 uu„
2107 245 2140 261 ec.
2157 241 2244 265 nm,

2102 1555 2107 1559 ,
2122 1540 2183 1557 ὶόὸα

2088 2343 2108 2357 c.
2125 2340 2164 2357 2⁶0
2172 2337 2184 2356 ὸ
