2398 3470
126 256 347 292 [hc-11⁷⁷]
705 251 994 287 ROMUALDI
1022 249 1385 286 SALERNITANI
1886 246 1961 285 273
1980 257 2053 283 Mun„
2069 263 2094 277 ec

126 322 1965 334 ..................................................................................................................................................................................................

120 368 241 416 “aput
262 372 461 417 Anagniam
484 384 549 417 per
571 383 650 407 suos
672 373 811 407 nuntios
841 373 1047 417 requisierit,
1072 379 1106 406 et
1129 384 1204 406 eam
1228 373 1330 407 vobis
1351 373 1552 407 absentibus
1573 377 1778 415 perpetrare
1801 369 1964 403 uoluerit:

132 427 222 459 “nos
241 431 356 459 tamen
380 427 541 460 ardorem
563 431 677 460 uestre
699 427 782 460 fidei
805 432 842 460 et
864 426 1060 460 deuotionis
1082 426 1225 459 firmiter
1239 426 1447 466 recolentes,
1472 425 1731 459 considerantes
1754 424 1867 462 etiam,
1882 433 1969 466 qua-

0 476 8 543 }
131 478 234 512 “liter
255 489 320 512 uos
342 490 477 512 murum
500 490 564 522 pro
594 480 698 513 domo
719 479 911 523 Jerusalem
943 489 1123 522 opponere
1155 479 1341 519 studuistis,
1373 485 1410 513 et
1432 479 1583 523 qualiter
1604 489 1670 522 pro
1700 483 1790 511 statu
1813 476 1964 510 ecclesie

129 533 144 550 ⁸
158 538 194 566 et
216 532 376 566 libertate
400 533 517 566 Ytalie
540 533 690 566 uiriliter
713 533 924 571 decertasse,
947 533 1096 566 oblatam
1114 533 1214 566 nobis
1228 533 1449 576 imperatoris
1463 543 1586 575 pacem
1602 533 1762 575 recipere
1777 531 1851 564 sine
1866 528 1966 563 uobis

83 585 102 618 5
131 585 326 625 “nolumus,
349 593 388 619 ut
409 587 498 620 sicut
521 586 638 619 fuistis
660 586 762 631 sociis
783 586 1025 626 tribulationis,
1047 586 1234 629 participes
1257 586 1331 619 sitis
1354 593 1389 619 et
1410 587 1539 630 gaudii.
1585 585 1671 618 Inde
1694 590 1755 624 est,
1779 584 1874 627 quod
1897 593 1968 616 non

132 639 376 672 “attendentes
398 639 541 673 honoris
563 640 699 683 proprii
723 639 936 683 dignitatem,
959 650 1027 672 nec
1049 640 1179 672 causati
1205 641 1362 682 corporis
1392 639 1587 672 fatiscentis
1610 644 1747 676 etatem,
1770 648 1838 670 nec
1861 637 1965 669 maris

131 692 260 725 “ueriti
281 698 533 735 tempestatem,
555 703 619 725 nos
650 698 685 725 et
708 692 834 725 fratres
855 698 992 726 nostros
1021 692 1134 725 labori
1157 697 1194 724 et
1215 692 1371 734 periculo
1399 702 1576 734 exponere
1599 702 1669 724 non
1699 691 1882 729 timuimus,
1905 690 1967 722 sed

129 745 145 761 ⁸
159 743 205 778 ad
219 755 283 778 uos
297 756 361 788 per
376 746 492 789 ignem
509 751 545 779 et
559 757 684 790 aquam
701 745 936 778 indubitanter
951 745 1169 784 accessimus,
1185 751 1223 777 ut
1236 750 1353 778 uestro
1369 745 1623 778 communicato
1640 744 1798 782 consilio,
1816 742 1966 776 oblatam

23 835 24 838 Ἴ
132 799 147 815 “
160 798 378 841 imperatoris
401 810 535 842 pacem,
558 800 587 831 si
609 798 767 832 'ecclesie
792 805 827 832 et
849 798 971 831 illustri
994 799 1068 842 regi
1092 798 1212 831 Sicilie
1236 804 1271 831 et
1293 798 1392 831 uobis
1414 798 1629 831 conveniens
1652 797 1759 830 fuerit
1774 803 1809 830 et
1824 797 1963 834 idonea,

9 851 23 885 ζῐ
66 852 105 883 10
133 853 337 894 “suscipere
360 852 592 893 debeamus„-

214 904 400 950 Postquam
423 905 627 939 Alexander
649 916 742 949 papa
764 916 826 939 suo
843 906 993 939 sermoni
1014 906 1117 938 finem
1139 905 1313 948 imposuit,
1335 905 1525 938 Lombardi
1547 906 1583 937 in
1605 910 1752 948 utraque
1768 903 1892 937 militia
1914 903 1970 936 di-

126 957 276 1001 ligenter
298 959 457 993 instructi
481 975 522 980 —
545 965 623 992 sunt
646 959 737 992 enim
759 959 795 991 in
819 958 912 992 bello
934 958 1066 992 strenui
1088 964 1124 991 et
1146 959 1191 991 ad
1207 959 1486 992 concionandum
1508 958 1639 1001 populo
1663 957 1868 991 mirabiliter
1891 967 1969 990 eru-

129 1010 194 1044 diti
217 1029 259 1034 —
281 1022 345 1054 per
372 1012 547 1055 sapientes
569 1022 650 1045 suos
679 1012 796 1045 taliter
826 1011 1018 1055 apostolico
1048 1011 1317 1054 responderunt:
1357 1011 1372 1028 ‘⁴
1386 1011 1599 1044 Uenerande
1629 1016 1731 1054 pater
1761 1017 1796 1043 et
1818 1009 1968 1048 domine,

133 1065 148 1081 ‘⁶
159 1064 322 1098 uniuersa
343 1065 463 1099 Ytalia
485 1065 634 1109 pedibus
657 1076 696 1098 se
717 1071 834 1098 uestre
856 1065 1100 1099 dominationis
1113 1065 1260 1099 inclinat
1275 1070 1310 1098 et
1325 1076 1386 1098 sue
1403 1064 1598 1098 deuotionis
1614 1064 1779 1107 obsequia
1795 1075 1873 1097 cum
1889 1073 1969 1107 gra-

10 1111 23 1158 ξ
66 1117 104 1149 15
133 1118 148 1134 “
158 1117 285 1151 tiaram
301 1118 439 1152 actione
454 1118 639 1161 multiplici
653 1124 768 1152 uestre
784 1118 992 1151 beatitudini
1015 1124 1240 1161 representat.
1285 1119 1429 1151 Letatur
1444 1124 1558 1151 autem
1573 1117 1760 1161 plurimum
1777 1123 1812 1150 et
1827 1117 1968 1156 exultat,

5 1169 17 1187 r
134 1172 255 1214 “quod
277 1177 379 1214 pater
400 1172 446 1205 ad
468 1172 568 1211 filios,
591 1172 747 1215 prelatus
769 1173 817 1205 ad
838 1171 1004 1210 subditos,
1027 1171 1186 1205 dominus
1209 1172 1255 1205 ad
1270 1172 1445 1205 subiectos
1469 1177 1521 1205 est
1545 1171 1705 1215 dignatus
1725 1171 1908 1210 accedere,
1932 1176 1969 1203 ut

134 1225 317 1257 “errantes
340 1235 424 1258 oues
447 1236 468 1257 a
490 1225 650 1268 luporum
671 1225 842 1258 morsibus
864 1230 1026 1268 potenter
1048 1225 1184 1268 eripere
1209 1230 1245 1258 et
1268 1225 1314 1258 ad
1337 1225 1454 1258 caulas
1477 1225 1627 1258 ecclesie
1649 1225 1840 1268 prudenter
1855 1223 1971 1256 ualeat

133 1279 338 1310 “reuocare.
384 1277 676 1318 Persecutionem,
699 1287 805 1321 quam
827 1277 926 1311 uobis
942 1283 977 1311 et
1001 1277 1151 1311 ecclesie
1173 1277 1364 1320 imperator
1385 1277 1511 1317 intulit,
1527 1277 1636 1321 magis
1658 1287 1765 1320 opere
1777 1287 1881 1320 quam
1895 1286 1970 1309 ser-

10 1371 13 1375 <
135 1331 264 1363 “mone
292 1332 546 1375 cognoscimus,
570 1338 605 1364 et
634 1331 884 1374 persecutionis
908 1331 984 1364 eius
1013 1331 1196 1370 molestias,
1227 1342 1313 1375 quas
1342 1332 1493 1364 mundus
1521 1331 1643 1364 auditu
1673 1330 1810 1370 didicit,
1839 1340 1903 1363 nos
1934 1330 1969 1361 in

21 1409 24 1415 ,
65 1384 107 1415 20
136 1384 289 1417 “nostris
311 1384 593 1418 tribulationibus
616 1385 854 1427 experimento
877 1385 1053 1418 sentimus.
1097 1384 1216 1417 Primo
1239 1385 1331 1417 enim
1355 1395 1418 1418 nos
1441 1385 1514 1417 eius
1536 1385 1704 1427 impetum
1734 1383 1970 1420 sustinuimus,

134 1437 274 1480 “primo
296 1448 360 1471 nos
388 1437 481 1471 illius
503 1438 615 1472 furori
645 1437 845 1478 obiecimus,
876 1443 911 1471 et
934 1447 979 1471 ne
1009 1438 1056 1470 ad
1078 1437 1324 1471 destruendam
1353 1437 1506 1471 Ytaliam
1537 1444 1572 1471 et
1595 1438 1788 1471 libertatem
1820 1436 1969 1470 ecclesie

134 1491 151 1507 ⁸
161 1490 424 1534 opprimendam
448 1491 589 1534 propius
604 1497 723 1534 posset
737 1491 922 1531 accedere,
939 1498 1133 1524 nostrorum
1150 1501 1335 1534 corporum
1349 1497 1384 1524 et
1400 1502 1573 1524 armorum
1597 1490 1698 1524 obice
1722 1490 1970 1534 prohibuimus.

135 1544 149 1561 “
163 1543 238 1577 Nos
258 1555 324 1587 pro
347 1545 480 1578 honore
502 1550 538 1578 et
561 1544 721 1578 libertate
752 1544 871 1578 Ytalie
895 1550 931 1578 et
953 1545 1112 1578 Romane
1143 1544 1295 1578 ecclesie
1327 1544 1494 1589 dignitate
1524 1544 1697 1577 seruanda
1727 1545 1972 1586 imperatorem

26 1634 31 1636 .
133 1597 147 1613 '⁶
163 1606 243 1630 cum
265 1598 335 1630 suis
357 1597 566 1631 scismaticis
588 1608 655 1631 nec
678 1598 838 1640 recipere
860 1607 927 1630 nec
951 1598 1072 1631 audire
1104 1597 1285 1631 uoluimus.
1331 1598 1378 1631 Et
1401 1597 1447 1631 ob
1477 1598 1545 1631 hoc
1568 1608 1737 1641 expensas
1766 1608 1838 1630 non
1860 1596 1972 1629 modi-

20 1651 35 1683 ζ
63 1649 106 1683 25
135 1651 151 1667 “
164 1659 234 1689 cas,
256 1650 392 1684 labores
412 1651 581 1693 plurimos
604 1657 638 1684 et
661 1651 847 1695 angustias,
871 1651 1022 1694 dampna
1036 1660 1162 1690 rerum,
1178 1650 1334 1694 pericula
1356 1651 1475 1683 mortis
1490 1656 1526 1684 et
1541 1661 1726 1694 corporum
1750 1650 1864 1684 subire
1888 1649 1971 1683 'non

28 1698 29 1701 ’
133 1703 148 1720 ⁴⁶
162 1703 400 1738 refutauimus.
446 1704 492 1738 Et
514 1704 604 1745 ideo,
629 1705 822 1738 reuerende
853 1710 964 1754 pater,
986 1704 1067 1737 satis
1089 1710 1143 1737 est
1172 1704 1384 1738 conueniens
1407 1710 1441 1737 et
1463 1704 1587 1737 rationi
1611 1704 1795 1747 plurimum
1826 1714 1975 1738 consen-

134 1758 312 1796 “taneum,
334 1763 372 1790 ut
394 1757 546 1791 oblatam
568 1757 670 1790 uobis
692 1758 910 1801 imperatoris
933 1767 1055 1800 pacem
1080 1767 1150 1790 non
1171 1757 1283 1790 solum
1298 1758 1372 1791 sine
1396 1757 1498 1790 nobis
1514 1767 1584 1790 non
1607 1758 1766 1801 recipere
1789 1758 1853 1791 sed
1869 1758 1972 1790 etiam

135 1810 284 1844 “audire
306 1811 473 1844 debeatis.
519 1811 598 1854 Ipse
630 1822 814 1854 namquam
837 1821 921 1854 sepe
952 1811 1052 1844 nobis
1075 1821 1198 1854 pacem
1222 1810 1298 1845 sine
1327 1811 1479 1844 ecclesia
1501 1811 1639 1853 optulit,
1671 1822 1738 1845 nec
1760 1811 1972 1854 recepimus;

136 1864 151 1881 “
164 1864 391 1897 concordiam
413 1864 595 1898 nobiscum
612 1865 685 1897 sine
701 1864 800 1898 uobis
817 1864 936 1897 facere
951 1864 1070 1902 uoluit,
1086 1873 1153 1897 nec
1169 1864 1386 1903 admisimus;
1403 1864 1513 1908 magis
1529 1864 1622 1897 enim
1637 1864 1797 1897 uolumus
1812 1874 1973 1908 guerram

32 1910 47 1962 J
66 1917 108 1949 30
134 1915 149 1932 ‘⁵
162 1915 256 1950 illius
278 1927 357 1950 cum
387 1917 537 1951 ecclesie
566 1918 699 1951 unitate
730 1918 920 1955 incurerre,
951 1927 1055 1960 quam
1085 1928 1209 1960 pacem
1234 1918 1308 1950 eius
1336 1927 1415 1950 cum
1439 1917 1589 1950 ecclesie
1621 1917 1791 1951 diuisione
1823 1927 1974 1950 seruare.

36 1972 38 1974 '
137 1971 151 1987 “
165 1968 273 2009 Quod
296 1977 411 2004 autem
433 1981 616 2014 personam
639 1976 789 2004 uestram
806 1976 842 2004 et
864 1971 1011 2003 fratrum
1033 1977 1226 2004 uestrorum
1249 1970 1456 2013 exposuistis
1477 1970 1634 2013 periculo
1656 1977 1693 2004 et
1714 1971 1837 2010 labori,
1860 1977 1976 2013 pater-

136 2024 151 2041 “
164 2024 263 2058 nitati
285 2029 401 2058 uestre
423 2034 528 2068 super
550 2025 617 2057 hoc
642 2025 686 2057 de
709 2024 902 2057 abundanti
925 2024 1186 2067 respondemus.
1231 2023 1321 2057 Nam
1343 2034 1406 2067 pro
1430 2025 1551 2067 paucis
1573 2024 1751 2057 laboribus
1774 2024 1899 2057 multos
1920 2035 1977 2057 re-

136 2077 150 2094 “
163 2077 357 2119 pendimus,
382 2087 444 2120 pro
467 2077 585 2120 paruis
608 2077 776 2120 periculis
797 2077 932 2110 maiora
953 2077 1158 2120 recepimus,
1173 2077 1255 2110 dum
1270 2087 1335 2120 pro
1351 2077 1491 2110 honoris
1513 2078 1620 2110 uestri
1637 2082 1672 2110 et
1687 2077 1837 2110 ecclesie
1861 2077 1974 2121 gloria

137 2130 151 2147 ‘⁴
165 2136 282 2164 nostra
303 2131 552 2165 indifferenter
574 2130 813 2174 expendimus,
835 2136 872 2164 et
894 2141 958 2173 pro
982 2130 1161 2164 liberanda
1183 2130 1335 2164 ecclesia
1352 2140 1416 2164 nos
1432 2137 1467 2163 et
1489 2136 1623 2164 nostros
1639 2130 1726 2163 filios
1748 2130 1854 2164 morti
1868 2140 1976 2173 expo-

42 2222 44 2224 Ὺ
66 2182 109 2214 35
139 2184 251 2216 “nere
274 2193 346 2217 non
367 2185 553 2217 renuimus.
599 2183 696 2217 Sciat
711 2190 827 2217 autem
843 2189 961 2217 uestra
975 2183 1140 2217 sanctitas
1155 2189 1190 2216 et
1205 2183 1395 2227 imperialis
1417 2184 1576 2226 potentia
1597 2184 1781 2217 euidenter
1796 2189 1975 2227 agnoscat,

138 2236 260 2279 “quod
283 2247 346 2270 nos
367 2243 548 2281 gratanter
574 2236 794 2280 imperatoris
823 2247 958 2279 pacem,
989 2237 1085 2270 saluo
1117 2236 1233 2270 Ytalie
1262 2237 1405 2275 honore,
1437 2237 1625 2280 recipimus
1656 2243 1691 2269 et
1715 2237 1788 2269 eius
1817 2237 1976 2281 gratiam,

136 2289 152 2306 ⁴
165 2289 327 2324 libertate
351 2297 468 2325 nostra
491 2291 630 2335 integra
651 2295 866 2328 remanente,
890 2297 1122 2333 preoptamus.
1169 2289 1276 2328 Quod
1291 2290 1323 2323 ei
1339 2291 1384 2324 de
1399 2291 1543 2334 antiquo
1559 2289 1664 2323 debet
1680 2290 1811 2329 Ytalia‚
1826 2290 1977 2323 libenter

138 2344 153 2360 ‘⁶
165 2343 385 2382 exsoluimus,
401 2349 437 2376 et
451 2350 590 2377 ueteres
605 2343 654 2375 illi
669 2343 817 2377 iustitias
839 2353 910 2377 non
925 2352 1106 2387 negamus;
1130 2343 1325 2377 libertatem
1350 2349 1464 2376 autem
1482 2349 1643 2385 nostram,
1667 2354 1770 2387 quam
1786 2354 1807 2375 a
1822 2343 1978 2386 patribus

60 2431 61 2435 ,
138 2397 153 2413 “
165 2397 292 2429 nostris
313 2397 388 2429 auis
404 2402 439 2430 et
454 2397 593 2439 proauis
609 2396 824 2430 hereditario
839 2397 915 2429 iure
933 2396 1174 2435 contraximus,
1197 2407 1416 2441 nequaquam
1440 2396 1678 2440 relinquimus,
1693 2407 1796 2439 quam
1820 2397 1977 2429 amittere

15 2478 18 2484 .
68 2448 110 2480 40
138 2449 231 2482 “nisi
253 2459 333 2483 cum
354 2450 428 2482 uita
458 2450 631 2487 timemus;
657 2449 764 2493 magis
788 2449 882 2483 enim
912 2449 1070 2482 uolumus
1101 2449 1286 2493 gloriosam
1317 2456 1466 2483 mortem
1491 2461 1569 2483 cum
1592 2449 1752 2482 libertate
1783 2449 1977 2489 incurrere,

138 2503 267 2547 “quam
289 2503 396 2536 uitam
420 2503 579 2536 miseram
603 2513 683 2536 cum
705 2502 867 2536 servitute
890 2513 1039 2536 seruare.
1086 2501 1194 2543 Quod
1209 2509 1324 2536 autem
1347 2503 1514 2537 illustrem
1528 2513 1645 2548 regem
1670 2501 1804 2536 Sicilie'
1828 2503 1873 2535 ad
1889 2512 1973 2535 con-

138 2556 306 2589 “sortium
335 2561 453 2589 nostre
483 2556 580 2599 pacis
611 2555 789 2593 asciscitis,
821 2561 957 2599 gratum
989 2555 1088 2590 nobis
1118 2556 1249 2590 residet
1279 2557 1463 2599 plurimum
1494 2562 1528 2589 et
1559 2562 1755 2599 acceptum,
1787 2555 1869 2599 quia
1898 2565 1977 2588 eum

138 2610 354 2642 “amatorem
376 2609 476 2651 pacis
499 2614 534 2642 et
557 2608 728 2642 cuitorem
750 2608 879 2641 iustitie
903 2610 1195 2653 recognoscimus.
1240 2609 1320 2653 Ipse
1343 2619 1492 2652 namque
1517 2619 1579 2652 pre
1596 2609 1722 2642 ceteris
1745 2608 1865 2642 mundi
1882 2608 1978 2651 prin-

59 2705 60 2708 Ἴ
140 2662 154 2678 “
167 2661 312 2706 cipibus,
335 2661 405 2695 suis
428 2667 464 2694 et
485 2661 656 2695 extraneis
679 2672 805 2705 pacem
827 2661 950 2695 tribuit
972 2667 1008 2695 et
1029 2662 1249 2696 securitatem
1270 2663 1456 2706 impendit,
1479 2662 1574 2705 quod
1598 2662 1749 2695 uiatores
1771 2661 1901 2695 nostris
1916 2672 1981 2704 per

59 2713 112 2760 ,45
138 2714 154 2731 ⁴⁶
167 2724 275 2758 opera
295 2715 447 2748 sentiunt
470 2720 506 2748 et
529 2714 708 2759 peregrini
740 2714 976 2757 experimento
993 2719 1172 2755 testantur,
1196 2715 1255 2759 qui
1277 2716 1315 2748 in
1336 2716 1402 2749 uiis
1418 2722 1454 2748 et
1477 2715 1610 2758 campis
1632 2715 1706 2748 sine
1731 2714 1875 2748 custode
1899 2715 1980 2748 dor—

230 2864 251 2882 ι.
271 2859 392 2882 nuncios
414 2857 437 2882 C
452 2866 467 2882 ο
484 2857 575 2882 Arndt
594 2871 623 2876 -
646 2864 670 2890 3.
690 2857 866 2883 Hlerusalem
886 2858 912 2883 B
934 2857 964 2889 C,
982 2858 1064 2884 Sam
1081 2867 1095 2883 e
1113 2858 1205 2885 Arndt
1222 2871 1254 2877 -
1275 2867 1299 2891 4.
1318 2859 1401 2884 Italic
1421 2860 1448 2883 B
1471 2858 1500 2889 C,
1520 2859 1601 2884 Samo
1620 2867 1634 2882 e
1652 2857 1742 2883 Arndt
1762 2871 1791 2875 —-
1814 2864 1838 2890 7.
1858 2860 1899 2882 set
1924 2857 1948 2882 C
1969 2866 1983 2881 ε

139 2899 230 2933 Ληιᾰτ
253 2912 285 2917 -
313 2906 354 2930 ¹4·
378 2899 463 2924 Italln
492 2899 519 2924 B
542 2900 566 2926 C
588 2901 670 2925 Sauo
689 2908 703 2924 e
724 2899 814 2925 Arndt
832 2912 866 2918 -
885 2906 927 2925 21.
946 2899 1033 2926 Italla
1052 2901 1080 2926 B
1099 2901 1130 2931 C,
1151 2901 1232 2927 Sauo
1250 2909 1264 2925 e
1283 2900 1375 2927 Arndt
1394 2915 1425 2918 —
1445 2907 1487 2932 23.
1506 2900 1590 2925 Italle
1612 2901 1636 2925 B
1656 2900 1686 2931 C,
1705 2900 1787 2926 Sam
1806 2908 1820 2924 e
1839 2899 1930 2925 Arndt
1949 2913 1979 2917 —

139 2947 181 2974 ²⁴·
197 2940 395 2967 Schismstlcls
413 2943 441 2967 B
463 2941 495 2970 C,
515 2942 597 2967 Sauo
614 2949 629 2966 e
647 2942 741 2967 Arndt
758 2954 790 2960 -—
811 2947 854 2974 27.
872 2943 914 2967 set
934 2943 958 2968 C
974 2950 987 2966 e
1006 2942 1098 2968 Arndt
1116 2956 1123 2961 ·
1144 2945 1186 2968 set
1205 2950 1255 2968 nec
1274 2945 1360 2968 etism
1384 2943 1524 2969 Contrloro
1545 2956 1576 2961 ——
1591 2942 1756 2968 28.obtu11t
1769 2941 1830 2972 As,
1844 2942 1867 2967 Α
1877 2948 1907 2972 5,
1921 2941 1945 2965 A
1956 2942 1982 2972 6,

26 3004 28 3015 ,
138 2983 199 3014 Α7,
217 2983 251 3015 Β,
273 2985 303 3015 C,
317 2984 399 3011 Sam
411 2983 529 3010 εΔνιιιὶί
542 2996 575 3002 -—
588 2990 630 3016 3²·
650 2984 828 3009 habundant!
849 2984 875 3009 A
894 2984 925 3009 ru
937 2983 1033 3017 prima
1051 2992 1129 3010 mano
1147 2993 1212 3010 rasa
1231 2986 1249 3010 h
1268 2998 1302 3004 —-
1322 2991 1363 3019 35.
1383 2986 1550 3010 rennulmus
1570 2985 1605 3015 A,
1623 2985 1648 3009 A
1661 2988 1676 3014 7
1696 2996 1730 3004 -·
1749 2983 1792 3016 36.
1810 2983 1895 3010 Itane
1916 2983 1941 3008 B
1953 2983 1982 3014 C,

27 3030 28 3033 ’
52 3026 63 3042 '·
92 3031 105 3058 5
137 3027 218 3052 Sauo
236 3036 250 3051 ‹-
269 3027 360 3052 Arndt
378 3039 410 3045 —
431 3033 471 3059 37.
491 3025 575 3050 Italis
600 3027 624 3050 B
647 3025 674 3053 C,
693 3025 775 3051 Sauo
794 3034 808 3049 e
827 3026 917 3051 Arndt
936 3039 966 3045 —-
987 3032 1030 3059 42.
1050 3027 1210 3052 adsciscitis
1232 3028 1256 3052 Β
1276 3027 1309 3056 C,
1327 3027 1408 3052 Sauo
1428 3037 1440 3051 e
1460 3027 1551 3052 Arndt
1572 3040 1602 3044 ——
1623 3034 1666 3059 43.
1685 3034 1797 3058 nanque
1816 3027 1839 3050 Α

271 3143 310 3167 T.
324 3141 386 3172 VH,
404 3148 430 3174 p.
451 3147 461 3165 ι
481 3154 514 3159 -·
537 3141 576 3166 18.

2046 811 2065 827 C.
2083 811 2142 829 257⁰

2056 1666 2076 1680 c.
2091 1660 2150 1685 ³57⁶

2097 272 2101 277 .
2114 262 2198 277 220-221
