<?xml version="1.0" encoding="UTF-8"?>
<!DOCTYPE html PUBLIC "-//W3C//DTD XHTML 1.0 Transitional//EN"
    "http://www.w3.org/TR/xhtml1/DTD/xhtml1-transitional.dtd">
<html xmlns="http://www.w3.org/1999/xhtml" xml:lang="en" lang="en">
 <head>
  <title>
</title>
<meta http-equiv="Content-Type" content="text/html;charset=utf-8" />
  <meta name='ocr-system' content='tesseract 3.04.00' />
  <meta name='ocr-capabilities' content='ocr_page ocr_carea ocr_par ocr_line ocrx_word'/>
</head>
<body>
  <div class='ocr_page' id='page_1' title='image "./rerumitalicarums71murauoft_0325.png"; bbox 0 0 2398 3470; ppageno 0'>
   <div class='ocr_carea' id='block_1_1' title="bbox 0 0 2398 18">
    <p class='ocr_par' dir='ltr' id='par_1_1' title="bbox 0 0 2398 18">
     <span class='ocr_line' id='line_1_1' title="bbox 0 0 2398 18; baseline 0 3452"><span class='ocrx_word' id='word_1_1' title='bbox 0 0 2398 18; x_wconf 95' lang='lat' dir='ltr'><strong> </strong></span> 
     </span>
    </p>
   </div>
   <div class='ocr_carea' id='block_1_2' title="bbox 1906 261 2221 297">
    <p class='ocr_par' dir='ltr' id='par_1_2' title="bbox 1906 261 2221 297">
     <span class='ocr_line' id='line_1_2' title="bbox 1906 261 2221 297; baseline -0.016 -3"><span class='ocrx_word' id='word_1_2' title='bbox 1906 261 1982 297; x_wconf 78' lang='lat'><strong>253</strong></span> <span class='ocrx_word' id='word_1_3' title='bbox 1994 270 2068 294; x_wconf 60' lang='grc' dir='ltr'><strong>Μυῐι.7</strong></span> <span class='ocrx_word' id='word_1_4' title='bbox 2084 277 2117 291; x_wconf 80' lang='lat' dir='ltr'><strong>cc.</strong></span> <span class='ocrx_word' id='word_1_5' title='bbox 2133 271 2221 294; x_wconf 73' lang='lat' dir='ltr'><strong>zoe-207</strong></span> 
     </span>
    </p>
   </div>
   <div class='ocr_carea' id='block_1_3' title="bbox 135 266 1399 311">
    <p class='ocr_par' dir='ltr' id='par_1_3' title="bbox 135 266 1399 311">
     <span class='ocr_line' id='line_1_3' title="bbox 135 266 1399 311; baseline -0.001 -8"><span class='ocrx_word' id='word_1_6' title='bbox 135 275 187 311; x_wconf 80' lang='grc' dir='ltr'><strong>[Α.</strong></span> <span class='ocrx_word' id='word_1_7' title='bbox 205 275 240 303; x_wconf 90' lang='lat' dir='ltr'><strong>c.</strong></span> <span class='ocrx_word' id='word_1_8' title='bbox 261 274 354 310; x_wconf 81' lang='lat'><strong>11⁶⁶]</strong></span> <span class='ocrx_word' id='word_1_9' title='bbox 717 267 1007 305; x_wconf 89' lang='lat' dir='ltr'>ROMUALDI</span> <span class='ocrx_word' id='word_1_10' title='bbox 1034 266 1399 304; x_wconf 91' lang='lat' dir='ltr'>SALERNITANI</span> 
     </span>
    </p>
   </div>
   <div class='ocr_carea' id='block_1_4' title="bbox 0 387 2179 1772">
    <p class='ocr_par' dir='ltr' id='par_1_4' title="bbox 0 387 2179 1772">
     <span class='ocr_line' id='line_1_4' title="bbox 136 387 1984 436; baseline -0.004 -11"><span class='ocrx_word' id='word_1_11' title='bbox 136 393 232 432; x_wconf 84' lang='lat' dir='ltr'><strong>lauit,</strong></span> <span class='ocrx_word' id='word_1_12' title='bbox 254 398 290 426; x_wconf 90' lang='lat' dir='ltr'><strong>et</strong></span> <span class='ocrx_word' id='word_1_13' title='bbox 312 392 425 436; x_wconf 86' lang='lat' dir='ltr'><strong>ipsum</strong></span> <span class='ocrx_word' id='word_1_14' title='bbox 448 391 603 434; x_wconf 89' lang='lat' dir='ltr'><strong>pulchris</strong></span> <span class='ocrx_word' id='word_1_15' title='bbox 619 392 800 435; x_wconf 80' lang='lat' dir='ltr'>pomiferis</span> <span class='ocrx_word' id='word_1_16' title='bbox 822 397 857 424; x_wconf 90' lang='lat' dir='ltr'><strong>et</strong></span> <span class='ocrx_word' id='word_1_17' title='bbox 879 391 1013 424; x_wconf 89' lang='lat' dir='ltr'><strong>amenis</strong></span> <span class='ocrx_word' id='word_1_18' title='bbox 1036 390 1210 424; x_wconf 83' lang='lat' dir='ltr'><strong>uiridariis</strong></span> <span class='ocrx_word' id='word_1_19' title='bbox 1224 388 1468 428; x_wconf 83' lang='lat' dir='ltr'>circumdedit,</span> <span class='ocrx_word' id='word_1_20' title='bbox 1491 389 1526 421; x_wconf 87' lang='lat' dir='ltr'><strong>et</strong></span> <span class='ocrx_word' id='word_1_21' title='bbox 1549 387 1694 421; x_wconf 88' lang='lat' dir='ltr'><strong>diuersis</strong></span> <span class='ocrx_word' id='word_1_22' title='bbox 1717 397 1883 430; x_wconf 90' lang='lat' dir='ltr'><strong>aquarum</strong></span> <span class='ocrx_word' id='word_1_23' title='bbox 1899 394 1984 418; x_wconf 90' lang='lat' dir='ltr'><strong>con-</strong></span> 
     </span>
     <span class='ocr_line' id='line_1_5' title="bbox 1 443 1067 488; baseline -0.002 -9"><span class='ocrx_word' id='word_1_24' title='bbox 1 481 4 483; x_wconf 18' lang='grc' dir='ltr'><strong>Α</strong></span> <span class='ocrx_word' id='word_1_25' title='bbox 139 445 299 479; x_wconf 84' lang='lat' dir='ltr'><strong>ductibus</strong></span> <span class='ocrx_word' id='word_1_26' title='bbox 320 450 355 478; x_wconf 87' lang='lat' dir='ltr'><strong>et</strong></span> <span class='ocrx_word' id='word_1_27' title='bbox 377 445 539 488; x_wconf 83' lang='lat' dir='ltr'><strong>piscariis</strong></span> <span class='ocrx_word' id='word_1_28' title='bbox 561 445 644 478; x_wconf 89' lang='lat' dir='ltr'><strong>satis</strong></span> <span class='ocrx_word' id='word_1_29' title='bbox 667 443 876 478; x_wconf 88' lang='lat' dir='ltr'><strong>delectabile</strong></span> <span class='ocrx_word' id='word_1_30' title='bbox 901 443 1067 478; x_wconf 87' lang='lat' dir='ltr'><strong>reddidit.</strong></span> 
     </span>
     <span class='ocr_line' id='line_1_6' title="bbox 0 492 1985 542; baseline -0.004 -9"><span class='ocrx_word' id='word_1_31' title='bbox 0 507 9 542; x_wconf 38' lang='grc' dir='ltr'><strong>ξ,</strong></span> <span class='ocrx_word' id='word_1_32' title='bbox 223 499 304 532; x_wconf 89' lang='lat' dir='ltr'><strong>Rex</strong></span> <span class='ocrx_word' id='word_1_33' title='bbox 327 503 442 531; x_wconf 87' lang='lat' dir='ltr'><strong>autem</strong></span> <span class='ocrx_word' id='word_1_34' title='bbox 460 498 692 540; x_wconf 87' lang='lat' dir='ltr'><strong>W[ilhelmus]</strong></span> <span class='ocrx_word' id='word_1_35' title='bbox 709 498 807 531; x_wconf 89' lang='lat' dir='ltr'><strong>circa</strong></span> <span class='ocrx_word' id='word_1_36' title='bbox 823 496 1128 541; x_wconf 82' lang='lat' dir='ltr'><strong>quadragesimam</strong></span> <span class='ocrx_word' id='word_1_37' title='bbox 1150 496 1246 529; x_wconf 84' lang='lat' dir='ltr'><strong>fluxu</strong></span> <span class='ocrx_word' id='word_1_38' title='bbox 1261 496 1394 529; x_wconf 86' lang='lat' dir='ltr'><strong>uentris</strong></span> <span class='ocrx_word' id='word_1_39' title='bbox 1409 501 1444 528; x_wconf 88' lang='lat' dir='ltr'><strong>et</strong></span> <span class='ocrx_word' id='word_1_40' title='bbox 1457 495 1615 529; x_wconf 89' lang='lat' dir='ltr'><strong>molestia</strong></span> <span class='ocrx_word' id='word_1_41' title='bbox 1631 494 1725 537; x_wconf 88' lang='lat' dir='ltr'><strong>cepit</strong></span> <span class='ocrx_word' id='word_1_42' title='bbox 1741 492 1858 537; x_wconf 77' lang='lat' dir='ltr'><strong>affligi,</strong></span> <span class='ocrx_word' id='word_1_43' title='bbox 1881 503 1985 536; x_wconf 89' lang='lat' dir='ltr'><strong>quam</strong></span> 
     </span>
     <span class='ocr_line' id='line_1_7' title="bbox 0 546 1985 596; baseline -0.003 -11"><span class='ocrx_word' id='word_1_44' title='bbox 0 550 6 564; x_wconf 58' lang='lat'><em>³</em></span> <span class='ocrx_word' id='word_1_45' title='bbox 137 552 331 596; x_wconf 73' lang='lat' dir='ltr'>passionem</span> <span class='ocrx_word' id='word_1_46' title='bbox 353 561 432 584; x_wconf 86' lang='lat' dir='ltr'><strong>cum</strong></span> <span class='ocrx_word' id='word_1_47' title='bbox 456 551 633 595; x_wconf 84' lang='lat' dir='ltr'><strong>aliquanto</strong></span> <span class='ocrx_word' id='word_1_48' title='bbox 648 557 805 594; x_wconf 91' lang='lat' dir='ltr'><strong>tempore</strong></span> <span class='ocrx_word' id='word_1_49' title='bbox 829 550 1048 590; x_wconf 71' lang='lat' dir='ltr'><strong>occultasset,</strong></span> <span class='ocrx_word' id='word_1_50' title='bbox 1071 551 1168 582; x_wconf 89' lang='lat' dir='ltr'><strong>circa</strong></span> <span class='ocrx_word' id='word_1_51' title='bbox 1182 549 1333 582; x_wconf 88' lang='lat' dir='ltr'><strong>mediam</strong></span> <span class='ocrx_word' id='word_1_52' title='bbox 1357 548 1661 593; x_wconf 74' lang='lat' dir='ltr'><strong>quadragesimam</strong></span> <span class='ocrx_word' id='word_1_53' title='bbox 1676 548 1800 581; x_wconf 87' lang='lat' dir='ltr'><strong>eadem</strong></span> <span class='ocrx_word' id='word_1_54' title='bbox 1823 546 1985 590; x_wconf 75' lang='lat' dir='ltr'><strong>passione</strong></span> 
     </span>
     <span class='ocr_line' id='line_1_8' title="bbox 90 599 1984 647; baseline -0.003 -9"><span class='ocrx_word' id='word_1_55' title='bbox 90 605 109 638; x_wconf 88' lang='lat'><strong>5</strong></span> <span class='ocrx_word' id='word_1_56' title='bbox 134 611 328 645; x_wconf 78' lang='lat' dir='ltr'>crescente,</span> <span class='ocrx_word' id='word_1_57' title='bbox 351 605 500 638; x_wconf 89' lang='lat' dir='ltr'><strong>credens</strong></span> <span class='ocrx_word' id='word_1_58' title='bbox 523 616 560 637; x_wconf 91' lang='lat' dir='ltr'><strong>se</strong></span> <span class='ocrx_word' id='word_1_59' title='bbox 584 606 798 643; x_wconf 87' lang='lat' dir='ltr'><strong>moriturum,</strong></span> <span class='ocrx_word' id='word_1_60' title='bbox 822 603 1048 647; x_wconf 83' lang='lat' dir='ltr'><strong>penitentiam</strong></span> <span class='ocrx_word' id='word_1_61' title='bbox 1073 609 1108 636; x_wconf 92' lang='lat' dir='ltr'><strong>et</strong></span> <span class='ocrx_word' id='word_1_62' title='bbox 1131 603 1388 636; x_wconf 80' lang='lat' dir='ltr'><strong>confessionem</strong></span> <span class='ocrx_word' id='word_1_63' title='bbox 1405 601 1554 645; x_wconf 87' lang='lat' dir='ltr'><strong>accepit,</strong></span> <span class='ocrx_word' id='word_1_64' title='bbox 1579 600 1747 645; x_wconf 87' lang='lat' dir='ltr'><strong>quosdam</strong></span> <span class='ocrx_word' id='word_1_65' title='bbox 1763 600 1808 634; x_wconf 91' lang='lat' dir='ltr'><strong>de</strong></span> <span class='ocrx_word' id='word_1_66' title='bbox 1832 599 1984 643; x_wconf 87' lang='lat' dir='ltr'><strong>captiuis</strong></span> 
     </span>
     <span class='ocr_line' id='line_1_9' title="bbox 137 653 1986 701; baseline -0.004 -9"><span class='ocrx_word' id='word_1_67' title='bbox 137 659 307 698; x_wconf 83' lang='lat' dir='ltr'><strong>liberauit,</strong></span> <span class='ocrx_word' id='word_1_68' title='bbox 330 659 602 701; x_wconf 83' lang='lat' dir='ltr'><strong>redemptionem</strong></span> <span class='ocrx_word' id='word_1_69' title='bbox 627 658 787 701; x_wconf 86' lang='lat' dir='ltr'><strong>pecunie,</strong></span> <span class='ocrx_word' id='word_1_70' title='bbox 805 668 908 701; x_wconf 88' lang='lat' dir='ltr'><strong>quam</strong></span> <span class='ocrx_word' id='word_1_71' title='bbox 925 656 1054 700; x_wconf 88' lang='lat' dir='ltr'><strong>Apulie</strong></span> <span class='ocrx_word' id='word_1_72' title='bbox 1077 657 1300 699; x_wconf 78' lang='lat' dir='ltr'><strong>imposuerat,</strong></span> <span class='ocrx_word' id='word_1_73' title='bbox 1324 655 1548 693; x_wconf 88' lang='lat' dir='ltr'><strong>condonauit‚</strong></span> <span class='ocrx_word' id='word_1_74' title='bbox 1569 659 1815 687; x_wconf 89' lang='lat' dir='ltr'><strong>testamentum</strong></span> <span class='ocrx_word' id='word_1_75' title='bbox 1837 653 1934 693; x_wconf 76' lang='lat' dir='ltr'><strong>fecit,</strong></span> <span class='ocrx_word' id='word_1_76' title='bbox 1949 653 1986 685; x_wconf 92' lang='lat' dir='ltr'><strong>in</strong></span> 
     </span>
     <span class='ocr_line' id='line_1_10' title="bbox 136 706 1986 756; baseline -0.003 -11"><span class='ocrx_word' id='word_1_77' title='bbox 136 722 206 756; x_wconf 86' lang='lat' dir='ltr'><strong>quo</strong></span> <span class='ocrx_word' id='word_1_78' title='bbox 229 711 479 754; x_wconf 90' lang='lat' dir='ltr'><strong>W[ilhelmum]</strong></span> <span class='ocrx_word' id='word_1_79' title='bbox 509 711 615 743; x_wconf 89' lang='lat' dir='ltr'><strong>filium</strong></span> <span class='ocrx_word' id='word_1_80' title='bbox 639 722 736 743; x_wconf 90' lang='lat' dir='ltr'><strong>suum</strong></span> <span class='ocrx_word' id='word_1_81' title='bbox 758 712 924 744; x_wconf 80' lang='lat' dir='ltr'><strong>maiorem</strong></span> <span class='ocrx_word' id='word_1_82' title='bbox 946 710 1055 743; x_wconf 90' lang='lat' dir='ltr'><strong>totius</strong></span> <span class='ocrx_word' id='word_1_83' title='bbox 1077 710 1177 754; x_wconf 90' lang='lat' dir='ltr'><strong>regni</strong></span> <span class='ocrx_word' id='word_1_84' title='bbox 1200 709 1365 742; x_wconf 85' lang='lat' dir='ltr'><strong>heredem</strong></span> <span class='ocrx_word' id='word_1_85' title='bbox 1397 708 1545 742; x_wconf 88' lang='lat' dir='ltr'><strong>instituit</strong></span> <span class='ocrx_word' id='word_1_86' title='bbox 1557 707 1580 741; x_wconf 82' lang='lat'><strong>¹.</strong></span> <span class='ocrx_word' id='word_1_87' title='bbox 1611 708 1766 741; x_wconf 89' lang='lat' dir='ltr'><strong>Henrico</strong></span> <span class='ocrx_word' id='word_1_88' title='bbox 1790 706 1891 740; x_wconf 87' lang='lat' dir='ltr'><strong>alteri</strong></span> <span class='ocrx_word' id='word_1_89' title='bbox 1915 706 1986 739; x_wconf 87' lang='lat' dir='ltr'><strong>filio</strong></span> 
     </span>
     <span class='ocr_line' id='line_1_11' title="bbox 135 761 1988 808; baseline -0.003 -10"><span class='ocrx_word' id='word_1_90' title='bbox 135 764 367 808; x_wconf 84' lang='lat' dir='ltr'><strong>principatum</strong></span> <span class='ocrx_word' id='word_1_91' title='bbox 389 765 522 807; x_wconf 86' lang='lat' dir='ltr'><strong>Capue,</strong></span> <span class='ocrx_word' id='word_1_92' title='bbox 546 775 649 808; x_wconf 88' lang='lat' dir='ltr'><strong>quem</strong></span> <span class='ocrx_word' id='word_1_93' title='bbox 673 770 904 804; x_wconf 85' lang='lat' dir='ltr'><strong>concesserat,</strong></span> <span class='ocrx_word' id='word_1_94' title='bbox 927 763 1152 802; x_wconf 87' lang='lat' dir='ltr'><strong>confirmauit,</strong></span> <span class='ocrx_word' id='word_1_95' title='bbox 1174 763 1361 806; x_wconf 87' lang='lat' dir='ltr'><strong>pecuniam</strong></span> <span class='ocrx_word' id='word_1_96' title='bbox 1378 772 1539 805; x_wconf 89' lang='lat' dir='ltr'><strong>magnam</strong></span> <span class='ocrx_word' id='word_1_97' title='bbox 1563 761 1829 804; x_wconf 88' lang='lat' dir='ltr'><strong>expendendam</strong></span> <span class='ocrx_word' id='word_1_98' title='bbox 1853 770 1917 803; x_wconf 93' lang='lat' dir='ltr'><strong>pro</strong></span> <span class='ocrx_word' id='word_1_99' title='bbox 1933 770 1988 792; x_wconf 79' lang='lat' dir='ltr'><strong>sa-</strong></span> 
     </span>
     <span class='ocr_line' id='line_1_12' title="bbox 136 814 1985 861; baseline -0.003 -11"><span class='ocrx_word' id='word_1_100' title='bbox 136 819 208 852; x_wconf 87' lang='lat' dir='ltr'><strong>lute</strong></span> <span class='ocrx_word' id='word_1_101' title='bbox 232 828 292 851; x_wconf 88' lang='lat' dir='ltr'><strong>sue</strong></span> <span class='ocrx_word' id='word_1_102' title='bbox 316 819 430 851; x_wconf 88' lang='lat' dir='ltr'><strong>anime</strong></span> <span class='ocrx_word' id='word_1_103' title='bbox 453 817 661 861; x_wconf 81' lang='lat' dir='ltr'><strong>dereliquit;</strong></span> <span class='ocrx_word' id='word_1_104' title='bbox 685 817 911 861; x_wconf 90' lang='lat' dir='ltr'><strong>Margaritam</strong></span> <span class='ocrx_word' id='word_1_105' title='bbox 934 817 1091 860; x_wconf 84' lang='lat' dir='ltr'><strong>reginam</strong></span> <span class='ocrx_word' id='word_1_106' title='bbox 1107 826 1249 849; x_wconf 85' lang='lat' dir='ltr'><strong>uxorem</strong></span> <span class='ocrx_word' id='word_1_107' title='bbox 1267 825 1374 854; x_wconf 87' lang='lat' dir='ltr'><strong>suam,</strong></span> <span class='ocrx_word' id='word_1_108' title='bbox 1390 816 1494 848; x_wconf 88' lang='lat' dir='ltr'><strong>totius</strong></span> <span class='ocrx_word' id='word_1_109' title='bbox 1509 815 1608 859; x_wconf 87' lang='lat' dir='ltr'><strong>regni</strong></span> <span class='ocrx_word' id='word_1_110' title='bbox 1625 821 1660 847; x_wconf 92' lang='lat' dir='ltr'><strong>et</strong></span> <span class='ocrx_word' id='word_1_111' title='bbox 1676 814 1824 847; x_wconf 89' lang='lat' dir='ltr'><strong>filiorum</strong></span> <span class='ocrx_word' id='word_1_112' title='bbox 1847 824 1985 846; x_wconf 90' lang='lat' dir='ltr'><strong>suorum</strong></span> 
     </span>
     <span class='ocr_line' id='line_1_13' title="bbox 76 866 1988 914; baseline -0.003 -10"><span class='ocrx_word' id='word_1_113' title='bbox 76 873 116 904; x_wconf 87' lang='lat'><strong>10</strong></span> <span class='ocrx_word' id='word_1_114' title='bbox 137 872 297 905; x_wconf 86' lang='lat' dir='ltr'><strong>tutricem</strong></span> <span class='ocrx_word' id='word_1_115' title='bbox 321 877 357 904; x_wconf 92' lang='lat' dir='ltr'><strong>et</strong></span> <span class='ocrx_word' id='word_1_116' title='bbox 378 870 657 914; x_wconf 85' lang='lat' dir='ltr'><strong>gubernatricem</strong></span> <span class='ocrx_word' id='word_1_117' title='bbox 681 871 814 913; x_wconf 89' lang='lat' dir='ltr'><strong>pariter</strong></span> <span class='ocrx_word' id='word_1_118' title='bbox 837 870 1024 910; x_wconf 88' lang='lat' dir='ltr'><strong>ordinauit,</strong></span> <span class='ocrx_word' id='word_1_119' title='bbox 1054 868 1270 902; x_wconf 90' lang='lat' dir='ltr'><strong>Riccardum</strong></span> <span class='ocrx_word' id='word_1_120' title='bbox 1293 877 1379 900; x_wconf 94' lang='lat' dir='ltr'><strong>uero</strong></span> <span class='ocrx_word' id='word_1_121' title='bbox 1410 867 1654 901; x_wconf 87' lang='lat' dir='ltr'><strong>Siracusanum</strong></span> <span class='ocrx_word' id='word_1_122' title='bbox 1676 867 1825 900; x_wconf 85' lang='lat' dir='ltr'><strong>electum</strong></span> <span class='ocrx_word' id='word_1_123' title='bbox 1850 871 1885 899; x_wconf 83' lang='lat' dir='ltr'><strong>et</strong></span> <span class='ocrx_word' id='word_1_124' title='bbox 1908 866 1988 898; x_wconf 89' lang='lat' dir='ltr'><strong>Ma-</strong></span> 
     </span>
     <span class='ocr_line' id='line_1_14' title="bbox 137 920 1988 968; baseline -0.004 -10"><span class='ocrx_word' id='word_1_125' title='bbox 137 925 255 958; x_wconf 88' lang='lat' dir='ltr'><strong>theum</strong></span> <span class='ocrx_word' id='word_1_126' title='bbox 276 935 414 958; x_wconf 89' lang='lat' dir='ltr'><strong>suorum</strong></span> <span class='ocrx_word' id='word_1_127' title='bbox 437 923 650 957; x_wconf 87' lang='lat' dir='ltr'><strong>notariorum</strong></span> <span class='ocrx_word' id='word_1_128' title='bbox 680 924 883 968; x_wconf 85' lang='lat' dir='ltr'><strong>magistrum</strong></span> <span class='ocrx_word' id='word_1_129' title='bbox 896 922 918 966; x_wconf 80' lang='lat'><strong>¹,</strong></span> <span class='ocrx_word' id='word_1_130' title='bbox 941 923 1034 956; x_wconf 89' lang='lat' dir='ltr'><strong>uiros</strong></span> <span class='ocrx_word' id='word_1_131' title='bbox 1057 922 1178 966; x_wconf 89' lang='lat' dir='ltr'><strong>utique</strong></span> <span class='ocrx_word' id='word_1_132' title='bbox 1202 921 1342 965; x_wconf 86' lang='lat' dir='ltr'><strong>legales,</strong></span> <span class='ocrx_word' id='word_1_133' title='bbox 1374 921 1538 964; x_wconf 82' lang='lat' dir='ltr'><strong>providas</strong></span> <span class='ocrx_word' id='word_1_134' title='bbox 1569 926 1604 953; x_wconf 90' lang='lat' dir='ltr'><strong>et</strong></span> <span class='ocrx_word' id='word_1_135' title='bbox 1626 920 1806 960; x_wconf 86' lang='lat' dir='ltr'><strong>discretos,</strong></span> <span class='ocrx_word' id='word_1_136' title='bbox 1838 920 1930 952; x_wconf 87' lang='lat' dir='ltr'><strong>illius</strong></span> <span class='ocrx_word' id='word_1_137' title='bbox 1953 925 1988 951; x_wconf 89' lang='lat' dir='ltr'><strong>et</strong></span> 
     </span>
     <span class='ocr_line' id='line_1_15' title="bbox 137 974 1988 1018; baseline -0.003 -7"><span class='ocrx_word' id='word_1_138' title='bbox 137 978 287 1012; x_wconf 87' lang='lat' dir='ltr'><strong>filiorum</strong></span> <span class='ocrx_word' id='word_1_139' title='bbox 309 987 451 1011; x_wconf 86' lang='lat' dir='ltr'><strong>suorum</strong></span> <span class='ocrx_word' id='word_1_140' title='bbox 475 977 689 1011; x_wconf 85' lang='lat' dir='ltr'><strong>consiliarios</strong></span> <span class='ocrx_word' id='word_1_141' title='bbox 712 984 748 1010; x_wconf 90' lang='lat' dir='ltr'><strong>et</strong></span> <span class='ocrx_word' id='word_1_142' title='bbox 770 976 961 1010; x_wconf 83' lang='lat' dir='ltr'><strong>familiares</strong></span> <span class='ocrx_word' id='word_1_143' title='bbox 982 986 1058 1009; x_wconf 88' lang='lat' dir='ltr'><strong>esse</strong></span> <span class='ocrx_word' id='word_1_144' title='bbox 1082 975 1261 1018; x_wconf 87' lang='lat' dir='ltr'><strong>disposuit.</strong></span> <span class='ocrx_word' id='word_1_145' title='bbox 1309 975 1382 1008; x_wconf 91' lang='lat' dir='ltr'><strong>Sed</strong></span> <span class='ocrx_word' id='word_1_146' title='bbox 1405 985 1483 1007; x_wconf 91' lang='lat' dir='ltr'><strong>cum</strong></span> <span class='ocrx_word' id='word_1_147' title='bbox 1506 974 1667 1017; x_wconf 91' lang='lat' dir='ltr'><strong>predicta</strong></span> <span class='ocrx_word' id='word_1_148' title='bbox 1689 974 1803 1016; x_wconf 87' lang='lat' dir='ltr'><strong>passio</strong></span> <span class='ocrx_word' id='word_1_149' title='bbox 1826 974 1988 1017; x_wconf 87' lang='lat' dir='ltr'><strong>ingraue-</strong></span> 
     </span>
     <span class='ocr_line' id='line_1_16' title="bbox 136 1026 1986 1074; baseline -0.004 -9"><span class='ocrx_word' id='word_1_150' title='bbox 136 1038 259 1072; x_wconf 82' lang='lat' dir='ltr'><strong>sceret,</strong></span> <span class='ocrx_word' id='word_1_151' title='bbox 281 1042 344 1065; x_wconf 89' lang='lat' dir='ltr'><strong>rex</strong></span> <span class='ocrx_word' id='word_1_152' title='bbox 374 1031 607 1074; x_wconf 85' lang='lat' dir='ltr'><strong>W[ilhelmus]</strong></span> <span class='ocrx_word' id='word_1_153' title='bbox 637 1031 897 1074; x_wconf 90' lang='lat' dir='ltr'><strong>R[omualdum]</strong></span> <span class='ocrx_word' id='word_1_154' title='bbox 927 1030 1118 1063; x_wconf 83' lang='lat' dir='ltr'><strong>secundum</strong></span> <span class='ocrx_word' id='word_1_155' title='bbox 1141 1029 1399 1063; x_wconf 85' lang='lat' dir='ltr'><strong>Salernitanum</strong></span> <span class='ocrx_word' id='word_1_156' title='bbox 1429 1028 1743 1071; x_wconf 87' lang='lat' dir='ltr'><strong>archiepiscopum,</strong></span> <span class='ocrx_word' id='word_1_157' title='bbox 1768 1026 1827 1070; x_wconf 91' lang='lat' dir='ltr'><strong>qui</strong></span> <span class='ocrx_word' id='word_1_158' title='bbox 1851 1027 1889 1060; x_wconf 89' lang='lat' dir='ltr'><strong>in</strong></span> <span class='ocrx_word' id='word_1_159' title='bbox 1912 1032 1986 1059; x_wconf 89' lang='lat' dir='ltr'><strong>arte</strong></span> 
     </span>
     <span class='ocr_line' id='line_1_17' title="bbox 139 1080 1985 1127; baseline -0.003 -9"><span class='ocrx_word' id='word_1_160' title='bbox 139 1091 213 1118; x_wconf 84' lang='lat' dir='ltr'><strong>erat</strong></span> <span class='ocrx_word' id='word_1_161' title='bbox 234 1085 408 1119; x_wconf 84' lang='lat' dir='ltr'><strong>medicine</strong></span> <span class='ocrx_word' id='word_1_162' title='bbox 431 1084 535 1118; x_wconf 87' lang='lat' dir='ltr'><strong>ualde</strong></span> <span class='ocrx_word' id='word_1_163' title='bbox 558 1085 703 1127; x_wconf 88' lang='lat' dir='ltr'><strong>peritus,</strong></span> <span class='ocrx_word' id='word_1_164' title='bbox 727 1083 772 1117; x_wconf 88' lang='lat' dir='ltr'><strong>ad</strong></span> <span class='ocrx_word' id='word_1_165' title='bbox 795 1095 832 1117; x_wconf 90' lang='lat' dir='ltr'><strong>se</strong></span> <span class='ocrx_word' id='word_1_166' title='bbox 855 1083 976 1117; x_wconf 88' lang='lat' dir='ltr'><strong>uocari</strong></span> <span class='ocrx_word' id='word_1_167' title='bbox 999 1082 1170 1126; x_wconf 81' lang='lat' dir='ltr'><strong>precepit.</strong></span> <span class='ocrx_word' id='word_1_168' title='bbox 1217 1082 1289 1122; x_wconf 87' lang='lat' dir='ltr'><strong>Qui</strong></span> <span class='ocrx_word' id='word_1_169' title='bbox 1312 1082 1357 1115; x_wconf 87' lang='lat' dir='ltr'><strong>ad</strong></span> <span class='ocrx_word' id='word_1_170' title='bbox 1381 1092 1460 1114; x_wconf 91' lang='lat' dir='ltr'><strong>eum</strong></span> <span class='ocrx_word' id='word_1_171' title='bbox 1483 1081 1580 1114; x_wconf 89' lang='lat' dir='ltr'><strong>circa</strong></span> <span class='ocrx_word' id='word_1_172' title='bbox 1608 1081 1740 1124; x_wconf 89' lang='lat' dir='ltr'><strong>pascha</strong></span> <span class='ocrx_word' id='word_1_173' title='bbox 1762 1080 1917 1119; x_wconf 90' lang='lat' dir='ltr'><strong>ueniens,</strong></span> <span class='ocrx_word' id='word_1_174' title='bbox 1940 1080 1985 1113; x_wconf 89' lang='lat' dir='ltr'><strong>ab</strong></span> 
     </span>
     <span class='ocr_line' id='line_1_18' title="bbox 76 1134 1984 1182; baseline -0.003 -11"><span class='ocrx_word' id='word_1_175' title='bbox 76 1137 114 1171; x_wconf 88' lang='lat'><strong>15</strong></span> <span class='ocrx_word' id='word_1_176' title='bbox 137 1138 216 1182; x_wconf 87' lang='lat' dir='ltr'><strong>ipso</strong></span> <span class='ocrx_word' id='word_1_177' title='bbox 247 1138 438 1172; x_wconf 87' lang='lat' dir='ltr'><strong>honorifice</strong></span> <span class='ocrx_word' id='word_1_178' title='bbox 469 1144 521 1171; x_wconf 87' lang='lat' dir='ltr'><strong>est</strong></span> <span class='ocrx_word' id='word_1_179' title='bbox 543 1144 735 1180; x_wconf 86' lang='lat' dir='ltr'><strong>susceptus,</strong></span> <span class='ocrx_word' id='word_1_180' title='bbox 760 1137 828 1170; x_wconf 90' lang='lat' dir='ltr'><strong>&#39;cui</strong></span> <span class='ocrx_word' id='word_1_181' title='bbox 859 1136 966 1169; x_wconf 86' lang='lat' dir='ltr'><strong>multa</strong></span> <span class='ocrx_word' id='word_1_182' title='bbox 989 1136 1152 1170; x_wconf 83' lang='lat' dir='ltr'><strong>salutaria</strong></span> <span class='ocrx_word' id='word_1_183' title='bbox 1182 1135 1360 1169; x_wconf 87' lang='lat' dir='ltr'><strong>medicine</strong></span> <span class='ocrx_word' id='word_1_184' title='bbox 1384 1134 1530 1168; x_wconf 85' lang='lat' dir='ltr'><strong>consilia</strong></span> <span class='ocrx_word' id='word_1_185' title='bbox 1559 1134 1688 1167; x_wconf 84' lang='lat' dir='ltr'><strong>tribuit.</strong></span> <span class='ocrx_word' id='word_1_186' title='bbox 1735 1134 1808 1167; x_wconf 91' lang='lat' dir='ltr'><strong>Sed</strong></span> <span class='ocrx_word' id='word_1_187' title='bbox 1831 1134 1905 1177; x_wconf 87' lang='lat' dir='ltr'><strong>ipse</strong></span> <span class='ocrx_word' id='word_1_188' title='bbox 1932 1134 1984 1166; x_wconf 89' lang='lat' dir='ltr'><strong>sui</strong></span> 
     </span>
     <span class='ocr_line' id='line_1_19' title="bbox 137 1187 1987 1236; baseline -0.003 -11"><span class='ocrx_word' id='word_1_189' title='bbox 137 1192 268 1236; x_wconf 84' lang='lat' dir='ltr'><strong>ingenii</strong></span> <span class='ocrx_word' id='word_1_190' title='bbox 291 1191 498 1225; x_wconf 82' lang='lat' dir='ltr'><strong>auctoritate</strong></span> <span class='ocrx_word' id='word_1_191' title='bbox 522 1191 681 1230; x_wconf 86' lang='lat' dir='ltr'><strong>confisus,</strong></span> <span class='ocrx_word' id='word_1_192' title='bbox 704 1190 770 1223; x_wconf 88' lang='lat' dir='ltr'><strong>sibi</strong></span> <span class='ocrx_word' id='word_1_193' title='bbox 793 1190 932 1224; x_wconf 90' lang='lat' dir='ltr'><strong>nonnisi</strong></span> <span class='ocrx_word' id='word_1_194' title='bbox 955 1200 1022 1234; x_wconf 94' lang='lat' dir='ltr'><strong>que</strong></span> <span class='ocrx_word' id='word_1_195' title='bbox 1046 1190 1079 1222; x_wconf 93' lang='lat' dir='ltr'><strong>ei</strong></span> <span class='ocrx_word' id='word_1_196' title='bbox 1103 1196 1274 1233; x_wconf 89' lang='lat' dir='ltr'><strong>oportuna</strong></span> <span class='ocrx_word' id='word_1_197' title='bbox 1296 1188 1506 1222; x_wconf 89' lang='lat' dir='ltr'><strong>uidebantur</strong></span> <span class='ocrx_word' id='word_1_198' title='bbox 1528 1187 1761 1221; x_wconf 84' lang='lat' dir='ltr'><strong>medicamina</strong></span> <span class='ocrx_word' id='word_1_199' title='bbox 1785 1187 1987 1220; x_wconf 86' lang='lat' dir='ltr'><strong>adhibebat.</strong></span> 
     </span>
     <span class='ocr_line' id='line_1_20' title="bbox 137 1241 1987 1289; baseline -0.004 -10"><span class='ocrx_word' id='word_1_200' title='bbox 137 1244 242 1279; x_wconf 93' lang='lat' dir='ltr'><strong>Unde</strong></span> <span class='ocrx_word' id='word_1_201' title='bbox 265 1245 394 1279; x_wconf 84' lang='lat' dir='ltr'><strong>accidit</strong></span> <span class='ocrx_word' id='word_1_202' title='bbox 410 1244 504 1289; x_wconf 91' lang='lat' dir='ltr'><strong>quod</strong></span> <span class='ocrx_word' id='word_1_203' title='bbox 520 1244 662 1277; x_wconf 88' lang='lat' dir='ltr'><strong>sabbato</strong></span> <span class='ocrx_word' id='word_1_204' title='bbox 679 1251 758 1277; x_wconf 89' lang='lat' dir='ltr'><strong>ante</strong></span> <span class='ocrx_word' id='word_1_205' title='bbox 774 1250 915 1277; x_wconf 87' lang='lat' dir='ltr'><strong>octauas</strong></span> <span class='ocrx_word' id='word_1_206' title='bbox 930 1243 1059 1286; x_wconf 80' lang='lat' dir='ltr'><strong>pasche</strong></span> <span class='ocrx_word' id='word_1_207' title='bbox 1075 1243 1250 1277; x_wconf 88' lang='lat' dir='ltr'><strong>emitritea</strong></span> <span class='ocrx_word' id='word_1_208' title='bbox 1262 1242 1274 1260; x_wconf 86' lang='lat'><strong>¹</strong></span> <span class='ocrx_word' id='word_1_209' title='bbox 1299 1242 1396 1275; x_wconf 89' lang='lat' dir='ltr'><strong>illum</strong></span> <span class='ocrx_word' id='word_1_210' title='bbox 1411 1241 1522 1275; x_wconf 79' lang='lat' dir='ltr'><strong>febris</strong></span> <span class='ocrx_word' id='word_1_211' title='bbox 1537 1242 1672 1280; x_wconf 88' lang='lat' dir='ltr'><strong>inuasit,</strong></span> <span class='ocrx_word' id='word_1_212' title='bbox 1690 1247 1725 1274; x_wconf 93' lang='lat' dir='ltr'><strong>et</strong></span> <span class='ocrx_word' id='word_1_213' title='bbox 1746 1241 1987 1273; x_wconf 90' lang='lat' dir='ltr'><strong>inualescente</strong></span> 
     </span>
     <span class='ocr_line' id='line_1_21' title="bbox 138 1294 1990 1343; baseline -0.003 -11"><span class='ocrx_word' id='word_1_214' title='bbox 138 1299 298 1343; x_wconf 81' lang='lat' dir='ltr'><strong>passione</strong></span> <span class='ocrx_word' id='word_1_215' title='bbox 320 1305 472 1332; x_wconf 83' lang='lat' dir='ltr'><strong>mortuus</strong></span> <span class='ocrx_word' id='word_1_216' title='bbox 496 1304 549 1331; x_wconf 89' lang='lat' dir='ltr'><strong>est</strong></span> <span class='ocrx_word' id='word_1_217' title='bbox 579 1304 614 1331; x_wconf 89' lang='lat' dir='ltr'><strong>et</strong></span> <span class='ocrx_word' id='word_1_218' title='bbox 636 1297 791 1341; x_wconf 87' lang='lat' dir='ltr'><strong>sepultus</strong></span> <span class='ocrx_word' id='word_1_219' title='bbox 813 1303 865 1330; x_wconf 88' lang='lat' dir='ltr'><strong>est</strong></span> <span class='ocrx_word' id='word_1_220' title='bbox 888 1297 923 1330; x_wconf 88' lang='lat' dir='ltr'><strong>in</strong></span> <span class='ocrx_word' id='word_1_221' title='bbox 953 1297 1116 1340; x_wconf 89' lang='lat' dir='ltr'><strong>cappella</strong></span> <span class='ocrx_word' id='word_1_222' title='bbox 1138 1297 1231 1330; x_wconf 85' lang='lat' dir='ltr'><strong>beati</strong></span> <span class='ocrx_word' id='word_1_223' title='bbox 1259 1294 1355 1330; x_wconf 90' lang='lat' dir='ltr'><strong>Petri</strong></span> <span class='ocrx_word' id='word_1_224' title='bbox 1377 1297 1414 1328; x_wconf 88' lang='lat' dir='ltr'><strong>in</strong></span> <span class='ocrx_word' id='word_1_225' title='bbox 1436 1295 1566 1339; x_wconf 88' lang='lat' dir='ltr'><strong>palatio</strong></span> <span class='ocrx_word' id='word_1_226' title='bbox 1596 1305 1668 1328; x_wconf 84' lang='lat' dir='ltr'><strong>suo.</strong></span> <span class='ocrx_word' id='word_1_227' title='bbox 1715 1295 1912 1328; x_wconf 79' lang='lat' dir='ltr'><strong>Defunctus</strong></span> <span class='ocrx_word' id='word_1_228' title='bbox 1936 1300 1990 1327; x_wconf 91' lang='lat' dir='ltr'><strong>est</strong></span> 
     </span>
     <span class='ocr_line' id='line_1_22' title="bbox 137 1348 1987 1394; baseline -0.004 -8"><span class='ocrx_word' id='word_1_229' title='bbox 137 1358 251 1386; x_wconf 83' lang='lat' dir='ltr'><strong>autem</strong></span> <span class='ocrx_word' id='word_1_230' title='bbox 274 1362 336 1386; x_wconf 87' lang='lat' dir='ltr'><strong>rex</strong></span> <span class='ocrx_word' id='word_1_231' title='bbox 358 1351 590 1394; x_wconf 71' lang='lat' dir='ltr'><strong>WIilhelmus]</strong></span> <span class='ocrx_word' id='word_1_232' title='bbox 621 1362 712 1384; x_wconf 88' lang='lat' dir='ltr'><strong>anno</strong></span> <span class='ocrx_word' id='word_1_233' title='bbox 734 1351 807 1384; x_wconf 91' lang='lat' dir='ltr'><strong>uite</strong></span> <span class='ocrx_word' id='word_1_234' title='bbox 829 1361 890 1383; x_wconf 87' lang='lat' dir='ltr'><strong>sue</strong></span> <span class='ocrx_word' id='word_1_235' title='bbox 921 1350 1186 1394; x_wconf 85' lang='lat' dir='ltr'><strong>quadragesimo</strong></span> <span class='ocrx_word' id='word_1_236' title='bbox 1209 1354 1319 1389; x_wconf 89' lang='lat' dir='ltr'><strong>sexto,</strong></span> <span class='ocrx_word' id='word_1_237' title='bbox 1343 1359 1434 1382; x_wconf 88' lang='lat' dir='ltr'><strong>anno</strong></span> <span class='ocrx_word' id='word_1_238' title='bbox 1457 1355 1572 1382; x_wconf 90' lang='lat' dir='ltr'><strong>autem</strong></span> <span class='ocrx_word' id='word_1_239' title='bbox 1595 1348 1694 1392; x_wconf 84' lang='lat' dir='ltr'><strong>regni</strong></span> <span class='ocrx_word' id='word_1_240' title='bbox 1718 1348 1781 1387; x_wconf 90' lang='lat' dir='ltr'><strong>sui,</strong></span> <span class='ocrx_word' id='word_1_241' title='bbox 1814 1358 1884 1392; x_wconf 92' lang='lat' dir='ltr'><strong>quo</strong></span> <span class='ocrx_word' id='word_1_242' title='bbox 1909 1357 1987 1380; x_wconf 89' lang='lat' dir='ltr'><strong>cum</strong></span> 
     </span>
     <span class='ocr_line' id='line_1_23' title="bbox 71 1401 1988 1455; baseline -0.002 -17"><span class='ocrx_word' id='word_1_243' title='bbox 71 1407 114 1439; x_wconf 86' lang='lat'><strong>20</strong></span> <span class='ocrx_word' id='word_1_244' title='bbox 136 1411 236 1455; x_wconf 63' lang='lat' dir='ltr'><strong>patre</strong></span> <span class='ocrx_word' id='word_1_245' title='bbox 259 1417 321 1440; x_wconf 89' lang='lat' dir='ltr'><strong>suo</strong></span> <span class='ocrx_word' id='word_1_246' title='bbox 345 1412 380 1439; x_wconf 91' lang='lat' dir='ltr'><strong>et</strong></span> <span class='ocrx_word' id='word_1_247' title='bbox 401 1416 465 1448; x_wconf 89' lang='lat' dir='ltr'><strong>per</strong></span> <span class='ocrx_word' id='word_1_248' title='bbox 486 1416 523 1438; x_wconf 88' lang='lat' dir='ltr'><strong>se</strong></span> <span class='ocrx_word' id='word_1_249' title='bbox 547 1411 764 1449; x_wconf 87' lang='lat' dir='ltr'><strong>regnauerat,</strong></span> <span class='ocrx_word' id='word_1_250' title='bbox 787 1404 858 1437; x_wconf 92' lang='lat' dir='ltr'><strong>XV</strong></span> <span class='ocrx_word' id='word_1_251' title='bbox 881 1414 998 1437; x_wconf 87' lang='lat' dir='ltr'><strong>mense</strong></span> <span class='ocrx_word' id='word_1_252' title='bbox 1015 1403 1051 1436; x_wconf 92' lang='lat' dir='ltr'><strong>X</strong></span> <span class='ocrx_word' id='word_1_253' title='bbox 1066 1414 1157 1437; x_wconf 86' lang='lat' dir='ltr'><strong>anno</strong></span> <span class='ocrx_word' id='word_1_254' title='bbox 1173 1410 1288 1437; x_wconf 90' lang='lat' dir='ltr'><strong>autem</strong></span> <span class='ocrx_word' id='word_1_255' title='bbox 1303 1403 1348 1436; x_wconf 90' lang='lat' dir='ltr'><strong>ab</strong></span> <span class='ocrx_word' id='word_1_256' title='bbox 1364 1402 1604 1436; x_wconf 85' lang='lat' dir='ltr'><strong>incarnatione</strong></span> <span class='ocrx_word' id='word_1_257' title='bbox 1621 1402 1764 1435; x_wconf 89' lang='lat' dir='ltr'><strong>Domini</strong></span> <span class='ocrx_word' id='word_1_258' title='bbox 1787 1401 1988 1439; x_wconf 92' lang='lat' dir='ltr'><strong>MCLXVI,</strong></span> 
     </span>
     <span class='ocr_line' id='line_1_24' title="bbox 138 1454 2179 1501; baseline -0.003 -8"><span class='ocrx_word' id='word_1_259' title='bbox 138 1459 330 1493; x_wconf 89' lang='lat' dir='ltr'><strong>indictione</strong></span> <span class='ocrx_word' id='word_1_260' title='bbox 345 1459 434 1492; x_wconf 91' lang='lat' dir='ltr'><strong>XIV</strong></span> <span class='ocrx_word' id='word_1_261' title='bbox 449 1469 567 1492; x_wconf 88' lang='lat' dir='ltr'><strong>mense</strong></span> <span class='ocrx_word' id='word_1_262' title='bbox 581 1458 704 1498; x_wconf 87' lang='lat' dir='ltr'><strong>Madii,</strong></span> <span class='ocrx_word' id='word_1_263' title='bbox 721 1458 871 1501; x_wconf 85' lang='lat' dir='ltr'><strong>septimo</strong></span> <span class='ocrx_word' id='word_1_264' title='bbox 888 1458 945 1491; x_wconf 89' lang='lat' dir='ltr'><strong>die</strong></span> <span class='ocrx_word' id='word_1_265' title='bbox 961 1457 1122 1490; x_wconf 87' lang='lat' dir='ltr'><strong>intrantis</strong></span> <span class='ocrx_word' id='word_1_266' title='bbox 1137 1457 1290 1490; x_wconf 89' lang='lat' dir='ltr'><strong>eiusdem</strong></span> <span class='ocrx_word' id='word_1_267' title='bbox 1306 1457 1433 1489; x_wconf 88' lang='lat' dir='ltr'><strong>mensis</strong></span> <span class='ocrx_word' id='word_1_268' title='bbox 1449 1457 1544 1489; x_wconf 87' lang='lat' dir='ltr'><strong>circa</strong></span> <span class='ocrx_word' id='word_1_269' title='bbox 1559 1456 1678 1489; x_wconf 86' lang='lat' dir='ltr'><strong>horam</strong></span> <span class='ocrx_word' id='word_1_270' title='bbox 1695 1465 1823 1489; x_wconf 86' lang='lat' dir='ltr'><strong>nonam</strong></span> <span class='ocrx_word' id='word_1_271' title='bbox 1835 1454 1858 1487; x_wconf 79' lang='lat'><strong>⁴.</strong></span> <span class='ocrx_word' id='word_1_272' title='bbox 1905 1455 1985 1489; x_wconf 92' lang='lat' dir='ltr'><strong>Fuit</strong></span> <span class='ocrx_word' id='word_1_273' title='bbox 2054 1466 2105 1486; x_wconf 70' lang='lat' dir='ltr'><strong>mai.</strong></span> <span class='ocrx_word' id='word_1_274' title='bbox 2122 1471 2179 1490; x_wconf 70' lang='lat'>7-15,</span> 
     </span>
     <span class='ocr_line' id='line_1_25' title="bbox 137 1508 1987 1555; baseline -0.003 -9"><span class='ocrx_word' id='word_1_275' title='bbox 137 1519 252 1546; x_wconf 88' lang='lat' dir='ltr'><strong>autem</strong></span> <span class='ocrx_word' id='word_1_276' title='bbox 274 1524 338 1546; x_wconf 89' lang='lat' dir='ltr'><strong>rex</strong></span> <span class='ocrx_word' id='word_1_277' title='bbox 360 1512 594 1555; x_wconf 88' lang='lat' dir='ltr'><strong>W[ilhelmus]</strong></span> <span class='ocrx_word' id='word_1_278' title='bbox 618 1512 765 1555; x_wconf 90' lang='lat' dir='ltr'><strong>pulchra</strong></span> <span class='ocrx_word' id='word_1_279' title='bbox 788 1512 880 1545; x_wconf 78' lang='lat' dir='ltr'><strong>facie</strong></span> <span class='ocrx_word' id='word_1_280' title='bbox 904 1517 939 1544; x_wconf 89' lang='lat' dir='ltr'><strong>et</strong></span> <span class='ocrx_word' id='word_1_281' title='bbox 962 1512 1111 1544; x_wconf 89' lang='lat' dir='ltr'><strong>decorus</strong></span> <span class='ocrx_word' id='word_1_282' title='bbox 1133 1517 1289 1554; x_wconf 86' lang='lat' dir='ltr'><strong>aspectu,</strong></span> <span class='ocrx_word' id='word_1_283' title='bbox 1321 1520 1469 1553; x_wconf 87' lang='lat' dir='ltr'><strong>corpore</strong></span> <span class='ocrx_word' id='word_1_284' title='bbox 1493 1509 1642 1553; x_wconf 84' lang='lat' dir='ltr'><strong>pinguis,</strong></span> <span class='ocrx_word' id='word_1_285' title='bbox 1665 1514 1798 1543; x_wconf 88' lang='lat' dir='ltr'><strong>statura</strong></span> <span class='ocrx_word' id='word_1_286' title='bbox 1821 1508 1987 1548; x_wconf 90' lang='lat' dir='ltr'><strong>sublimis,</strong></span> 
     </span>
     <span class='ocr_line' id='line_1_26' title="bbox 140 1562 1990 1609; baseline -0.002 -11"><span class='ocrx_word' id='word_1_287' title='bbox 140 1566 282 1600; x_wconf 88' lang='lat' dir='ltr'><strong>honoris</strong></span> <span class='ocrx_word' id='word_1_288' title='bbox 309 1566 456 1609; x_wconf 89' lang='lat' dir='ltr'><strong>cupidus</strong></span> <span class='ocrx_word' id='word_1_289' title='bbox 478 1571 513 1598; x_wconf 92' lang='lat' dir='ltr'><strong>et</strong></span> <span class='ocrx_word' id='word_1_290' title='bbox 544 1566 666 1604; x_wconf 87' lang='lat' dir='ltr'><strong>elatus,</strong></span> <span class='ocrx_word' id='word_1_291' title='bbox 690 1565 724 1597; x_wconf 89' lang='lat' dir='ltr'><strong>in</strong></span> <span class='ocrx_word' id='word_1_292' title='bbox 747 1565 866 1608; x_wconf 90' lang='lat' dir='ltr'><strong>preliis</strong></span> <span class='ocrx_word' id='word_1_293' title='bbox 896 1575 960 1608; x_wconf 90' lang='lat' dir='ltr'><strong>per</strong></span> <span class='ocrx_word' id='word_1_294' title='bbox 982 1575 1078 1597; x_wconf 90' lang='lat' dir='ltr'><strong>mare</strong></span> <span class='ocrx_word' id='word_1_295' title='bbox 1102 1570 1137 1598; x_wconf 89' lang='lat' dir='ltr'><strong>et</strong></span> <span class='ocrx_word' id='word_1_296' title='bbox 1160 1570 1286 1598; x_wconf 87' lang='lat' dir='ltr'><strong>terram</strong></span> <span class='ocrx_word' id='word_1_297' title='bbox 1317 1563 1538 1602; x_wconf 86' lang='lat' dir='ltr'><strong>uictoriosus,</strong></span> <span class='ocrx_word' id='word_1_298' title='bbox 1560 1572 1672 1606; x_wconf 82' lang='lat' dir='ltr'><strong>regno</strong></span> <span class='ocrx_word' id='word_1_299' title='bbox 1695 1572 1757 1595; x_wconf 92' lang='lat' dir='ltr'><strong>suo</strong></span> <span class='ocrx_word' id='word_1_300' title='bbox 1788 1562 1931 1596; x_wconf 89' lang='lat' dir='ltr'><strong>odibilis</strong></span> <span class='ocrx_word' id='word_1_301' title='bbox 1954 1568 1990 1595; x_wconf 89' lang='lat' dir='ltr'><strong>et</strong></span> 
     </span>
     <span class='ocr_line' id='line_1_27' title="bbox 138 1615 1987 1664; baseline -0.003 -11"><span class='ocrx_word' id='word_1_302' title='bbox 138 1620 216 1664; x_wconf 89' lang='lat' dir='ltr'><strong>plus</strong></span> <span class='ocrx_word' id='word_1_303' title='bbox 238 1620 420 1654; x_wconf 78' lang='lat' dir='ltr'><strong>formidini</strong></span> <span class='ocrx_word' id='word_1_304' title='bbox 443 1630 545 1664; x_wconf 91' lang='lat' dir='ltr'><strong>quam</strong></span> <span class='ocrx_word' id='word_1_305' title='bbox 569 1619 691 1659; x_wconf 81' lang='lat' dir='ltr'><strong>amori,</strong></span> <span class='ocrx_word' id='word_1_306' title='bbox 714 1619 750 1651; x_wconf 90' lang='lat' dir='ltr'><strong>in</strong></span> <span class='ocrx_word' id='word_1_307' title='bbox 775 1619 1023 1663; x_wconf 87' lang='lat' dir='ltr'><strong>congreganda</strong></span> <span class='ocrx_word' id='word_1_308' title='bbox 1046 1618 1195 1661; x_wconf 87' lang='lat' dir='ltr'><strong>pecunia</strong></span> <span class='ocrx_word' id='word_1_309' title='bbox 1221 1617 1365 1650; x_wconf 90' lang='lat' dir='ltr'><strong>multum</strong></span> <span class='ocrx_word' id='word_1_310' title='bbox 1390 1617 1571 1655; x_wconf 84' lang='lat' dir='ltr'><strong>sollicitus,</strong></span> <span class='ocrx_word' id='word_1_311' title='bbox 1602 1617 1637 1648; x_wconf 92' lang='lat' dir='ltr'><strong>in</strong></span> <span class='ocrx_word' id='word_1_312' title='bbox 1661 1615 1893 1659; x_wconf 90' lang='lat' dir='ltr'><strong>expendenda</strong></span> <span class='ocrx_word' id='word_1_313' title='bbox 1915 1626 1987 1649; x_wconf 88' lang='lat' dir='ltr'><strong>non</strong></span> 
     </span>
     <span class='ocr_line' id='line_1_28' title="bbox 73 1669 1991 1718; baseline -0.004 -10"><span class='ocrx_word' id='word_1_314' title='bbox 73 1674 116 1708; x_wconf 88' lang='lat'><strong>25</strong></span> <span class='ocrx_word' id='word_1_315' title='bbox 139 1674 229 1708; x_wconf 85' lang='lat' dir='ltr'><strong>adeo</strong></span> <span class='ocrx_word' id='word_1_316' title='bbox 250 1673 378 1718; x_wconf 86' lang='lat' dir='ltr'><strong>largus,</strong></span> <span class='ocrx_word' id='word_1_317' title='bbox 402 1673 522 1707; x_wconf 89' lang='lat' dir='ltr'><strong>fideles</strong></span> <span class='ocrx_word' id='word_1_318' title='bbox 545 1683 623 1706; x_wconf 87' lang='lat' dir='ltr'><strong>suos</strong></span> <span class='ocrx_word' id='word_1_319' title='bbox 647 1672 781 1706; x_wconf 87' lang='lat' dir='ltr'><strong>diuitiis</strong></span> <span class='ocrx_word' id='word_1_320' title='bbox 805 1678 841 1706; x_wconf 84' lang='lat' dir='ltr'><strong>et</strong></span> <span class='ocrx_word' id='word_1_321' title='bbox 863 1671 1053 1704; x_wconf 89' lang='lat' dir='ltr'><strong>honoribus</strong></span> <span class='ocrx_word' id='word_1_322' title='bbox 1068 1671 1200 1710; x_wconf 85' lang='lat' dir='ltr'><strong>extulit,</strong></span> <span class='ocrx_word' id='word_1_323' title='bbox 1223 1669 1422 1704; x_wconf 86' lang='lat' dir='ltr'><strong>infidelibus</strong></span> <span class='ocrx_word' id='word_1_324' title='bbox 1444 1670 1616 1713; x_wconf 87' lang='lat' dir='ltr'><strong>supplicia</strong></span> <span class='ocrx_word' id='word_1_325' title='bbox 1640 1669 1753 1702; x_wconf 89' lang='lat' dir='ltr'><strong>intulit</strong></span> <span class='ocrx_word' id='word_1_326' title='bbox 1768 1675 1805 1703; x_wconf 87' lang='lat' dir='ltr'><strong>et</strong></span> <span class='ocrx_word' id='word_1_327' title='bbox 1820 1670 1864 1702; x_wconf 92' lang='lat' dir='ltr'><strong>de</strong></span> <span class='ocrx_word' id='word_1_328' title='bbox 1881 1679 1991 1714; x_wconf 91' lang='lat' dir='ltr'><strong>regno</strong></span> 
     </span>
     <span class='ocr_line' id='line_1_29' title="bbox 139 1723 1991 1772; baseline -0.003 -12"><span class='ocrx_word' id='word_1_329' title='bbox 139 1727 280 1760; x_wconf 86' lang='lat' dir='ltr'><strong>exulare</strong></span> <span class='ocrx_word' id='word_1_330' title='bbox 304 1727 431 1772; x_wconf 89' lang='lat' dir='ltr'><strong>coegit.</strong></span> <span class='ocrx_word' id='word_1_331' title='bbox 477 1727 606 1760; x_wconf 90' lang='lat' dir='ltr'><strong>Diuino</strong></span> <span class='ocrx_word' id='word_1_332' title='bbox 637 1726 749 1759; x_wconf 89' lang='lat' dir='ltr'><strong>officio</strong></span> <span class='ocrx_word' id='word_1_333' title='bbox 774 1725 886 1759; x_wconf 86' lang='lat' dir='ltr'><strong>extitit</strong></span> <span class='ocrx_word' id='word_1_334' title='bbox 908 1725 1051 1758; x_wconf 80' lang='lat' dir='ltr'><strong>multum</strong></span> <span class='ocrx_word' id='word_1_335' title='bbox 1081 1725 1252 1758; x_wconf 86' lang='lat' dir='ltr'><strong>intentum</strong></span> <span class='ocrx_word' id='word_1_336' title='bbox 1275 1730 1311 1758; x_wconf 89' lang='lat' dir='ltr'><strong>et</strong></span> <span class='ocrx_word' id='word_1_337' title='bbox 1331 1734 1497 1767; x_wconf 87' lang='lat' dir='ltr'><strong>personas</strong></span> <span class='ocrx_word' id='word_1_338' title='bbox 1527 1729 1580 1756; x_wconf 91' lang='lat' dir='ltr'><strong>est</strong></span> <span class='ocrx_word' id='word_1_339' title='bbox 1602 1723 1861 1756; x_wconf 86' lang='lat' dir='ltr'><strong>ecclesiasticas</strong></span> <span class='ocrx_word' id='word_1_340' title='bbox 1884 1723 1991 1766; x_wconf 89' lang='lat' dir='ltr'><strong>pluri-</strong></span> 
     </span>
    </p>
   </div>
   <div class='ocr_carea' id='block_1_5' title="bbox 2050 502 2196 576">
    <p class='ocr_par' dir='ltr' id='par_1_5' title="bbox 2050 502 2196 576">
     <span class='ocr_line' id='line_1_30' title="bbox 2090 502 2142 522; baseline -0.019 0"><span class='ocrx_word' id='word_1_341' title='bbox 2090 502 2142 522; x_wconf 86' lang='lat'>1166</span> 
     </span>
     <span class='ocr_line' id='line_1_31' title="bbox 2050 555 2196 576; baseline -0.007 -1"><span class='ocrx_word' id='word_1_342' title='bbox 2050 562 2069 575; x_wconf 79' lang='lat' dir='ltr'><strong>c.</strong></span> <span class='ocrx_word' id='word_1_343' title='bbox 2086 555 2142 575; x_wconf 79' lang='lat' dir='ltr'><strong>febr.</strong></span> <span class='ocrx_word' id='word_1_344' title='bbox 2158 561 2196 576; x_wconf 84' lang='lat' dir='ltr'><strong>ex.</strong></span> 
     </span>
    </p>
   </div>
   <div class='ocr_carea' id='block_1_6' title="bbox 2042 608 2182 629">
    <p class='ocr_par' dir='ltr' id='par_1_6' title="bbox 2042 608 2182 629">
     <span class='ocr_line' id='line_1_32' title="bbox 2042 608 2182 629; baseline -0.014 0"><span class='ocrx_word' id='word_1_345' title='bbox 2042 611 2107 629; x_wconf 82' lang='lat' dir='ltr'><strong>mart.</strong></span> <span class='ocrx_word' id='word_1_346' title='bbox 2124 608 2182 628; x_wconf 82' lang='lat' dir='ltr'><strong>med.</strong></span> 
     </span>
    </p>
   </div>
   <div class='ocr_carea' id='block_1_7' title="bbox 2060 1148 2156 1167">
    <p class='ocr_par' dir='ltr' id='par_1_7' title="bbox 2060 1148 2156 1167">
     <span class='ocr_line' id='line_1_33' title="bbox 2060 1148 2156 1167; baseline -0.01 -4"><span class='ocrx_word' id='word_1_347' title='bbox 2060 1149 2079 1163; x_wconf 87' lang='lat' dir='ltr'><strong>c.</strong></span> <span class='ocrx_word' id='word_1_348' title='bbox 2095 1148 2134 1167; x_wconf 73' lang='lat'><strong>¹6¹</strong></span> <span class='ocrx_word' id='word_1_349' title='bbox 2142 1149 2156 1162; x_wconf 85' lang='grc' dir='ltr'><em>α</em></span> 
     </span>
    </p>
   </div>
   <div class='ocr_carea' id='block_1_8' title="bbox 2066 1254 2173 1275">
    <p class='ocr_par' dir='ltr' id='par_1_8' title="bbox 2066 1254 2173 1275">
     <span class='ocr_line' id='line_1_34' title="bbox 2066 1254 2173 1275; baseline 0 -5"><span class='ocrx_word' id='word_1_350' title='bbox 2066 1254 2131 1270; x_wconf 78' lang='lat' dir='ltr'><strong>mart.</strong></span> <span class='ocrx_word' id='word_1_351' title='bbox 2150 1256 2173 1275; x_wconf 89' lang='lat'><strong>27</strong></span> 
     </span>
    </p>
   </div>
   <div class='ocr_carea' id='block_1_9' title="bbox 96 1854 1994 2104">
    <p class='ocr_par' dir='ltr' id='par_1_9' title="bbox 230 1854 1994 1891">
     <span class='ocr_line' id='line_1_35' title="bbox 230 1854 1994 1891; baseline -0.002 -7"><span class='ocrx_word' id='word_1_352' title='bbox 230 1866 256 1891; x_wconf 87' lang='lat'><strong>3.</strong></span> <span class='ocrx_word' id='word_1_353' title='bbox 274 1857 450 1883; x_wconf 84' lang='lat' dir='ltr'><strong>Guilielmns</strong></span> <span class='ocrx_word' id='word_1_354' title='bbox 469 1859 497 1883; x_wconf 88' lang='lat' dir='ltr'><em>B</em></span> <span class='ocrx_word' id='word_1_355' title='bbox 514 1865 529 1882; x_wconf 78' lang='lat' dir='ltr'><strong>e</strong></span> <span class='ocrx_word' id='word_1_356' title='bbox 553 1857 637 1884; x_wconf 81' lang='lat' dir='ltr'><strong>Sam</strong></span> <span class='ocrx_word' id='word_1_357' title='bbox 655 1871 688 1876; x_wconf 91' lang='lat'><strong>—</strong></span> <span class='ocrx_word' id='word_1_358' title='bbox 709 1865 734 1890; x_wconf 85' lang='lat'><strong>4.</strong></span> <span class='ocrx_word' id='word_1_359' title='bbox 754 1857 852 1889; x_wconf 84' lang='lat' dir='ltr'><strong>aliquo</strong></span> <span class='ocrx_word' id='word_1_360' title='bbox 873 1857 897 1882; x_wconf 90' lang='lat' dir='ltr'><strong><em>C</em></strong></span> <span class='ocrx_word' id='word_1_361' title='bbox 914 1865 928 1880; x_wconf 77' lang='lat' dir='ltr'><strong>e</strong></span> <span class='ocrx_word' id='word_1_362' title='bbox 946 1856 1039 1881; x_wconf 81' lang='lat' dir='ltr'><strong>Arndt</strong></span> <span class='ocrx_word' id='word_1_363' title='bbox 1058 1870 1090 1873; x_wconf 98' lang='lat'><strong>—</strong></span> <span class='ocrx_word' id='word_1_364' title='bbox 1112 1863 1135 1889; x_wconf 87' lang='lat'><strong>5.</strong></span> <span class='ocrx_word' id='word_1_365' title='bbox 1155 1856 1279 1886; x_wconf 86' lang='lat' dir='ltr'><strong>credens,</strong></span> <span class='ocrx_word' id='word_1_366' title='bbox 1298 1863 1310 1880; x_wconf 92' lang='lat' dir='ltr'><strong>s</strong></span> <span class='ocrx_word' id='word_1_367' title='bbox 1330 1855 1464 1887; x_wconf 55' lang='lat' dir='ltr'><strong>afflante</strong></span> <span class='ocrx_word' id='word_1_368' title='bbox 1481 1855 1510 1880; x_wconf 80' lang='lat' dir='ltr'><strong>in</strong></span> <span class='ocrx_word' id='word_1_369' title='bbox 1520 1854 1582 1887; x_wconf 81' lang='lat' dir='ltr'><strong>fine</strong></span> <span class='ocrx_word' id='word_1_370' title='bbox 1599 1855 1644 1880; x_wconf 82' lang='lat' dir='ltr'><strong>col</strong></span> <span class='ocrx_word' id='word_1_371' title='bbox 1658 1854 1736 1879; x_wconf 76' lang='lat' dir='ltr'><strong>solito</strong></span> <span class='ocrx_word' id='word_1_372' title='bbox 1755 1854 1899 1880; x_wconf 60' lang='lat' dir='ltr'><strong>{mentastro</strong></span> <span class='ocrx_word' id='word_1_373' title='bbox 1923 1854 1994 1880; x_wconf 70' lang='lat' dir='ltr'><strong>:bia-</strong></span> 
     </span>
    </p>

    <p class='ocr_par' dir='ltr' id='par_1_10' title="bbox 141 1897 1992 1935">
     <span class='ocr_line' id='line_1_36' title="bbox 141 1897 1992 1935; baseline -0.002 -9"><span class='ocrx_word' id='word_1_374' title='bbox 141 1901 198 1927; x_wconf 76' lang='lat' dir='ltr'><strong>ds‘to</strong></span> <span class='ocrx_word' id='word_1_375' title='bbox 218 1903 243 1928; x_wconf 87' lang='lat' dir='ltr'><em>C</em></span> <span class='ocrx_word' id='word_1_376' title='bbox 269 1914 293 1919; x_wconf 88' lang='lat'>-</span> <span class='ocrx_word' id='word_1_377' title='bbox 313 1908 338 1935; x_wconf 87' lang='lat'><strong>7.</strong></span> <span class='ocrx_word' id='word_1_378' title='bbox 357 1900 544 1926; x_wconf 86' lang='lat' dir='ltr'><strong>Guilielmum</strong></span> <span class='ocrx_word' id='word_1_379' title='bbox 565 1901 590 1924; x_wconf 90' lang='lat' dir='ltr'><em>B</em></span> <span class='ocrx_word' id='word_1_380' title='bbox 608 1908 622 1924; x_wconf 75' lang='grc' dir='ltr'><strong><em>ε</em></strong></span> <span class='ocrx_word' id='word_1_381' title='bbox 641 1901 722 1926; x_wconf 75' lang='lat' dir='ltr'><strong>Sasso</strong></span> <span class='ocrx_word' id='word_1_382' title='bbox 740 1913 752 1918; x_wconf 98' lang='lat'>-</span> <span class='ocrx_word' id='word_1_383' title='bbox 771 1900 864 1924; x_wconf 82' lang='lat' dir='ltr'><strong>tocius</strong></span> <span class='ocrx_word' id='word_1_384' title='bbox 885 1900 908 1924; x_wconf 89' lang='lat' dir='ltr'><em>C</em></span> <span class='ocrx_word' id='word_1_385' title='bbox 925 1907 939 1922; x_wconf 76' lang='lat' dir='ltr'><strong>e</strong></span> <span class='ocrx_word' id='word_1_386' title='bbox 958 1899 1050 1924; x_wconf 79' lang='lat' dir='ltr'><strong>Arndt</strong></span> <span class='ocrx_word' id='word_1_387' title='bbox 1069 1911 1100 1916; x_wconf 90' lang='lat'>—</span> <span class='ocrx_word' id='word_1_388' title='bbox 1120 1906 1146 1931; x_wconf 92' lang='lat'><strong>9.</strong></span> <span class='ocrx_word' id='word_1_389' title='bbox 1165 1898 1323 1931; x_wconf 85' lang='lat' dir='ltr'><strong>dereliquid</strong></span> <span class='ocrx_word' id='word_1_390' title='bbox 1346 1898 1371 1924; x_wconf 89' lang='lat' dir='ltr'><strong><em>C</em></strong></span> <span class='ocrx_word' id='word_1_391' title='bbox 1385 1906 1399 1922; x_wconf 83' lang='lat' dir='ltr'><strong>e</strong></span> <span class='ocrx_word' id='word_1_392' title='bbox 1417 1897 1510 1922; x_wconf 72' lang='lat' dir='ltr'><strong>Arndt</strong></span> <span class='ocrx_word' id='word_1_393' title='bbox 1527 1910 1560 1914; x_wconf 98' lang='lat'><strong>—</strong></span> <span class='ocrx_word' id='word_1_394' title='bbox 1583 1904 1623 1922; x_wconf 88' lang='lat'><strong>10.</strong></span> <span class='ocrx_word' id='word_1_395' title='bbox 1642 1897 1812 1921; x_wconf 73' lang='lat' dir='ltr'><strong>RIccardum</strong></span> <span class='ocrx_word' id='word_1_396' title='bbox 1827 1904 1895 1922; x_wconf 85' lang='lat' dir='ltr'><strong>vero</strong></span> <span class='ocrx_word' id='word_1_397' title='bbox 1902 1897 1963 1929; x_wconf 76' lang='lat' dir='ltr'><strong>fino</strong></span> <span class='ocrx_word' id='word_1_398' title='bbox 1975 1906 1992 1922; x_wconf 83' lang='lat' dir='ltr'><strong>a</strong></span> 
     </span>
    </p>

    <p class='ocr_par' dir='ltr' id='par_1_11' title="bbox 143 1939 1993 1978">
     <span class='ocr_line' id='line_1_37' title="bbox 143 1939 1993 1978; baseline -0.003 -9"><span class='ocrx_word' id='word_1_399' title='bbox 143 1943 286 1978; x_wconf 79' lang='lat' dir='ltr'><strong>disposuit</strong></span> <span class='ocrx_word' id='word_1_400' title='bbox 305 1951 398 1969; x_wconf 79' lang='lat' dir='ltr'><strong>manca</strong></span> <span class='ocrx_word' id='word_1_401' title='bbox 417 1944 460 1972; x_wconf 71' lang='lat'><strong>83</strong></span> <span class='ocrx_word' id='word_1_402' title='bbox 479 1942 654 1968; x_wconf 84' lang='lat' dir='ltr'><strong>Richardum</strong></span> <span class='ocrx_word' id='word_1_403' title='bbox 673 1942 756 1967; x_wconf 73' lang='lat' dir='ltr'><strong>Sasso</strong></span> <span class='ocrx_word' id='word_1_404' title='bbox 774 1956 807 1960; x_wconf 98' lang='lat'><strong>—</strong></span> <span class='ocrx_word' id='word_1_405' title='bbox 830 1948 870 1966; x_wconf 82' lang='lat'><strong>11.</strong></span> <span class='ocrx_word' id='word_1_406' title='bbox 889 1941 993 1974; x_wconf 83' lang='lat' dir='ltr'><strong>legales</strong></span> <span class='ocrx_word' id='word_1_407' title='bbox 1011 1943 1040 1966; x_wconf 84' lang='lat' dir='ltr'><strong>et</strong></span> <span class='ocrx_word' id='word_1_408' title='bbox 1060 1942 1085 1968; x_wconf 85' lang='lat' dir='ltr'>C</span> <span class='ocrx_word' id='word_1_409' title='bbox 1101 1949 1114 1965; x_wconf 78' lang='lat' dir='ltr'><strong>e</strong></span> <span class='ocrx_word' id='word_1_410' title='bbox 1134 1941 1225 1966; x_wconf 77' lang='lat' dir='ltr'><strong>Arndt</strong></span> <span class='ocrx_word' id='word_1_411' title='bbox 1242 1954 1275 1959; x_wconf 91' lang='lat'>—</span> <span class='ocrx_word' id='word_1_412' title='bbox 1298 1947 1337 1972; x_wconf 84' lang='lat'><strong>13.</strong></span> <span class='ocrx_word' id='word_1_413' title='bbox 1358 1939 1511 1965; x_wconf 89' lang='lat' dir='ltr'><strong>secundum</strong></span> <span class='ocrx_word' id='word_1_414' title='bbox 1530 1948 1622 1964; x_wconf 77' lang='lat' dir='ltr'><strong>manca</strong></span> <span class='ocrx_word' id='word_1_415' title='bbox 1635 1939 1669 1969; x_wconf 77' lang='lat' dir='ltr'><strong>A,</strong></span> <span class='ocrx_word' id='word_1_416' title='bbox 1683 1939 1735 1963; x_wconf 80' lang='lat' dir='ltr'><strong>Be</strong></span> <span class='ocrx_word' id='word_1_417' title='bbox 1748 1939 1829 1964; x_wconf 69' lang='lat' dir='ltr'><strong>Sauo</strong></span> <span class='ocrx_word' id='word_1_418' title='bbox 1842 1952 1874 1956; x_wconf 96' lang='lat'>—</span> <span class='ocrx_word' id='word_1_419' title='bbox 1891 1945 1931 1971; x_wconf 85' lang='grc'><strong>15.</strong></span> <span class='ocrx_word' id='word_1_420' title='bbox 1945 1939 1993 1964; x_wconf 88' lang='lat' dir='ltr'><strong>Set</strong></span> 
     </span>
    </p>

    <p class='ocr_par' dir='ltr' id='par_1_12' title="bbox 144 1980 1994 2018">
     <span class='ocr_line' id='line_1_38' title="bbox 144 1980 1994 2018; baseline -0.003 -6"><span class='ocrx_word' id='word_1_421' title='bbox 144 1987 168 2012; x_wconf 85' lang='lat' dir='ltr'>C</span> <span class='ocrx_word' id='word_1_422' title='bbox 185 1995 198 2011; x_wconf 76' lang='lat' dir='ltr'><strong>e</strong></span> <span class='ocrx_word' id='word_1_423' title='bbox 215 1986 307 2012; x_wconf 73' lang='lat' dir='ltr'><strong>Arndt</strong></span> <span class='ocrx_word' id='word_1_424' title='bbox 325 2000 358 2004; x_wconf 94' lang='lat'>—</span> <span class='ocrx_word' id='word_1_425' title='bbox 380 1985 421 2011; x_wconf 90' lang='lat'><strong>16.</strong></span> <span class='ocrx_word' id='word_1_426' title='bbox 441 1985 568 2011; x_wconf 86' lang='lat' dir='ltr'><strong>confixus</strong></span> <span class='ocrx_word' id='word_1_427' title='bbox 588 1985 612 2009; x_wconf 85' lang='grc' dir='ltr'><em>Α</em></span> <span class='ocrx_word' id='word_1_428' title='bbox 635 1999 666 2003; x_wconf 75' lang='lat'><strong>--</strong></span> <span class='ocrx_word' id='word_1_429' title='bbox 689 1991 728 2018; x_wconf 88' lang='lat'><strong>17.</strong></span> <span class='ocrx_word' id='word_1_430' title='bbox 747 1985 893 2009; x_wconf 85' lang='lat' dir='ltr'><strong>emitricea</strong></span> <span class='ocrx_word' id='word_1_431' title='bbox 912 1985 940 2008; x_wconf 86' lang='lat' dir='ltr'><em>B</em></span> <span class='ocrx_word' id='word_1_432' title='bbox 965 1997 997 2002; x_wconf 80' lang='lat'>—</span> <span class='ocrx_word' id='word_1_433' title='bbox 1026 1982 1066 2008; x_wconf 88' lang='lat'><strong>18.</strong></span> <span class='ocrx_word' id='word_1_434' title='bbox 1085 1982 1194 2017; x_wconf 84' lang='lat' dir='ltr'><strong>capella</strong></span> <span class='ocrx_word' id='word_1_435' title='bbox 1217 1984 1240 2009; x_wconf 86' lang='lat' dir='ltr'>C</span> <span class='ocrx_word' id='word_1_436' title='bbox 1256 1991 1270 2008; x_wconf 79' lang='grc' dir='ltr'><strong><em>ε</em></strong></span> <span class='ocrx_word' id='word_1_437' title='bbox 1288 1982 1380 2008; x_wconf 78' lang='lat' dir='ltr'><strong>Arndt</strong></span> <span class='ocrx_word' id='word_1_438' title='bbox 1399 1995 1407 2000; x_wconf 96' lang='lat'>-</span> <span class='ocrx_word' id='word_1_439' title='bbox 1427 1981 1580 2007; x_wconf 79' lang='lat' dir='ltr'><strong>defunctus</strong></span> <span class='ocrx_word' id='word_1_440' title='bbox 1605 1983 1719 2008; x_wconf 82' lang='lat' dir='ltr'><strong>est....</strong></span> <span class='ocrx_word' id='word_1_441' title='bbox 1744 1989 1837 2006; x_wconf 79' lang='lat' dir='ltr'><strong>manca</strong></span> <span class='ocrx_word' id='word_1_442' title='bbox 1855 1982 1903 2013; x_wconf 70' lang='lat' dir='ltr'><strong>qul</strong></span> <span class='ocrx_word' id='word_1_443' title='bbox 1924 1983 1958 2006; x_wconf 80' lang='lat' dir='ltr'><strong>ed</strong></span> <span class='ocrx_word' id='word_1_444' title='bbox 1980 1980 1994 2006; x_wconf 70' lang='grc' dir='ltr'><strong>ὃ</strong></span> 
     </span>
    </p>

    <p class='ocr_par' dir='ltr' id='par_1_13' title="bbox 96 2024 1879 2104">
     <span class='ocr_line' id='line_1_39' title="bbox 96 2024 1879 2061; baseline -0.003 -8"><span class='ocrx_word' id='word_1_445' title='bbox 96 2033 110 2060; x_wconf 82' lang='grc'><strong>5</strong></span> <span class='ocrx_word' id='word_1_446' title='bbox 143 2028 278 2061; x_wconf 63' lang='lat' dir='ltr'><strong>agginnto</strong></span> <span class='ocrx_word' id='word_1_447' title='bbox 295 2028 364 2061; x_wconf 61' lang='lat' dir='ltr'><strong>dopo</strong></span> <span class='ocrx_word' id='word_1_448' title='bbox 382 2027 527 2061; x_wconf 80' lang='lat' dir='ltr'><strong>disposuit</strong></span> <span class='ocrx_word' id='word_1_449' title='bbox 546 2028 574 2052; x_wconf 77' lang='lat' dir='ltr'><strong>in</strong></span> <span class='ocrx_word' id='word_1_450' title='bbox 592 2027 617 2051; x_wconf 86' lang='lat' dir='ltr'><em>B</em></span> <span class='ocrx_word' id='word_1_451' title='bbox 637 2041 669 2044; x_wconf 97' lang='lat'><strong>—</strong></span> <span class='ocrx_word' id='word_1_452' title='bbox 689 2033 732 2051; x_wconf 89' lang='lat'><strong>20.</strong></span> <span class='ocrx_word' id='word_1_453' title='bbox 751 2027 895 2051; x_wconf 87' lang='lat' dir='ltr'><strong>mensibus</strong></span> <span class='ocrx_word' id='word_1_454' title='bbox 916 2027 938 2051; x_wconf 90' lang='lat' dir='ltr'>C</span> <span class='ocrx_word' id='word_1_455' title='bbox 956 2039 965 2044; x_wconf 92' lang='lat'><em>-</em></span> <span class='ocrx_word' id='word_1_456' title='bbox 984 2033 1060 2050; x_wconf 84' lang='lat' dir='ltr'><strong>anno</strong></span> <span class='ocrx_word' id='word_1_457' title='bbox 1079 2027 1173 2051; x_wconf 81' lang='lat' dir='ltr'><strong>autem</strong></span> <span class='ocrx_word' id='word_1_458' title='bbox 1193 2032 1321 2051; x_wconf 65' lang='lat' dir='ltr'><strong>»tancane</strong></span> <span class='ocrx_word' id='word_1_459' title='bbox 1339 2025 1386 2056; x_wconf 66' lang='lat' dir='ltr'><strong>qut</strong></span> <span class='ocrx_word' id='word_1_460' title='bbox 1403 2025 1427 2050; x_wconf 85' lang='lat' dir='ltr'><strong><em>C</em></strong></span> <span class='ocrx_word' id='word_1_461' title='bbox 1445 2037 1477 2042; x_wconf 94' lang='lat'><strong>—</strong></span> <span class='ocrx_word' id='word_1_462' title='bbox 1498 2031 1541 2049; x_wconf 91' lang='lat'><strong>20.</strong></span> <span class='ocrx_word' id='word_1_463' title='bbox 1562 2031 1638 2049; x_wconf 85' lang='lat' dir='ltr'><strong>anno</strong></span> <span class='ocrx_word' id='word_1_464' title='bbox 1658 2025 1751 2049; x_wconf 77' lang='lat' dir='ltr'><strong>autem</strong></span> <span class='ocrx_word' id='word_1_465' title='bbox 1772 2024 1879 2049; x_wconf 86' lang='lat' dir='ltr'><strong>ab....</strong></span> 
     </span>
     <span class='ocr_line' id='line_1_40' title="bbox 144 2068 1065 2104; baseline -0.004 -8"><span class='ocrx_word' id='word_1_466' title='bbox 144 2071 169 2096; x_wconf 85' lang='lat' dir='ltr'><em>C</em></span> <span class='ocrx_word' id='word_1_467' title='bbox 185 2084 218 2089; x_wconf 90' lang='lat'>—</span> <span class='ocrx_word' id='word_1_468' title='bbox 238 2077 281 2104; x_wconf 85' lang='grc'><strong>23.</strong></span> <span class='ocrx_word' id='word_1_469' title='bbox 298 2070 441 2095; x_wconf 69' lang='lat' dir='ltr'><strong>laudibilis</strong></span> <span class='ocrx_word' id='word_1_470' title='bbox 462 2070 485 2095; x_wconf 87' lang='lat' dir='ltr'><strong><em>C</em></strong></span> <span class='ocrx_word' id='word_1_471' title='bbox 502 2077 516 2093; x_wconf 76' lang='lat' dir='ltr'><strong>e</strong></span> <span class='ocrx_word' id='word_1_472' title='bbox 536 2069 629 2094; x_wconf 81' lang='lat' dir='ltr'><strong>Arndt</strong></span> <span class='ocrx_word' id='word_1_473' title='bbox 647 2083 679 2087; x_wconf 88' lang='lat'>—</span> <span class='ocrx_word' id='word_1_474' title='bbox 700 2075 742 2102; x_wconf 85' lang='lat'><strong>25.</strong></span> <span class='ocrx_word' id='word_1_475' title='bbox 762 2069 880 2093; x_wconf 86' lang='lat' dir='ltr'><strong>diviciis</strong></span> <span class='ocrx_word' id='word_1_476' title='bbox 901 2069 926 2094; x_wconf 86' lang='lat' dir='ltr'><em>C</em></span> <span class='ocrx_word' id='word_1_477' title='bbox 942 2077 954 2092; x_wconf 81' lang='lat' dir='ltr'><strong>e</strong></span> <span class='ocrx_word' id='word_1_478' title='bbox 974 2068 1065 2093; x_wconf 77' lang='lat' dir='ltr'><strong>Arndt</strong></span> 
     </span>
    </p>
   </div>
   <div class='ocr_carea' id='block_1_10' title="bbox 1899 2032 1994 2050">
    <p class='ocr_par' dir='ltr' id='par_1_14' title="bbox 1899 2032 1994 2050">
     <span class='ocr_line' id='line_1_41' title="bbox 1899 2032 1994 2050; baseline 0.011 -2"><span class='ocrx_word' id='word_1_479' title='bbox 1899 2032 1994 2050; x_wconf 70' lang='lat' dir='ltr'><em>manca</em></span> 
     </span>
    </p>
   </div>
   <div class='ocr_carea' id='block_1_11' title="bbox 231 2165 1038 2201">
    <p class='ocr_par' dir='ltr' id='par_1_15' title="bbox 231 2165 1038 2201">
     <span class='ocr_line' id='line_1_42' title="bbox 231 2165 1038 2201; baseline -0.004 -8"><span class='ocrx_word' id='word_1_480' title='bbox 231 2167 245 2180; x_wconf 79' lang='lat'><em>“</em></span> <span class='ocrx_word' id='word_1_481' title='bbox 257 2166 384 2200; x_wconf 50' lang='lat' dir='ltr'><strong>(Vestini</strong></span> <span class='ocrx_word' id='word_1_482' title='bbox 406 2168 427 2192; x_wconf 87' lang='lat' dir='ltr'><strong>il</strong></span> <span class='ocrx_word' id='word_1_483' title='bbox 440 2166 537 2201; x_wconf 74' lang='lat' dir='ltr'><strong>(gran)</strong></span> <span class='ocrx_word' id='word_1_484' title='bbox 550 2175 580 2192; x_wconf 87' lang='lat' dir='ltr'><strong>re</strong></span> <span class='ocrx_word' id='word_1_485' title='bbox 594 2167 638 2192; x_wconf 86' lang='lat' dir='ltr'><strong>del</strong></span> <span class='ocrx_word' id='word_1_486' title='bbox 659 2166 760 2192; x_wconf 88' lang='lat' dir='ltr'><strong>Secolo</strong></span> <span class='ocrx_word' id='word_1_487' title='bbox 775 2167 805 2190; x_wconf 87' lang='lat' dir='ltr'><strong>in</strong></span> <span class='ocrx_word' id='word_1_488' title='bbox 819 2165 865 2190; x_wconf 91' lang='lat' dir='ltr'><strong>bel</strong></span> <span class='ocrx_word' id='word_1_489' title='bbox 880 2166 1038 2199; x_wconf 82' lang='lat' dir='ltr'><strong>soggiorno</strong></span> 
     </span>
    </p>
   </div>
   <div class='ocr_carea' id='block_1_12' title="bbox 1092 2168 1254 2197">
    <p class='ocr_par' dir='ltr' id='par_1_16' title="bbox 1092 2168 1254 2197">
     <span class='ocr_line' id='line_1_43' title="bbox 1092 2168 1254 2197; baseline 0 0"><span class='ocrx_word' id='word_1_490' title='bbox 1092 2168 1142 2197; x_wconf 78' lang='lat'><strong>355</strong></span> <span class='ocrx_word' id='word_1_491' title='bbox 1164 2173 1178 2190; x_wconf 89' lang='lat' dir='ltr'><strong>e</strong></span> <span class='ocrx_word' id='word_1_492' title='bbox 1197 2172 1254 2197; x_wconf 64' lang='grc' dir='ltr'><strong>κε·</strong></span> 
     </span>
    </p>
   </div>
   <div class='ocr_carea' id='block_1_13' title="bbox 0 2205 2057 3090">
    <p class='ocr_par' dir='ltr' id='par_1_17' title="bbox 81 2205 2055 2414">
     <span class='ocr_line' id='line_1_44' title="bbox 229 2205 2055 2243; baseline -0.003 -8"><span class='ocrx_word' id='word_1_493' title='bbox 229 2211 243 2224; x_wconf 82' lang='lat'><em>“</em></span> <span class='ocrx_word' id='word_1_494' title='bbox 253 2210 331 2242; x_wconf 57' lang='lat' dir='ltr'><strong>(Cib)</strong></span> <span class='ocrx_word' id='word_1_495' title='bbox 349 2218 366 2235; x_wconf 84' lang='lat' dir='ltr'><strong>a</strong></span> <span class='ocrx_word' id='word_1_496' title='bbox 384 2210 427 2235; x_wconf 84' lang='lat' dir='ltr'><strong>lui</strong></span> <span class='ocrx_word' id='word_1_497' title='bbox 440 2210 581 2235; x_wconf 85' lang='lat' dir='ltr'><strong>conviene</strong></span> <span class='ocrx_word' id='word_1_498' title='bbox 600 2210 629 2234; x_wconf 86' lang='lat' dir='ltr'><strong>la</strong></span> <span class='ocrx_word' id='word_1_499' title='bbox 641 2209 842 2243; x_wconf 82' lang='lat' dir='ltr'><strong>magnificenza</strong></span> <span class='ocrx_word' id='word_1_500' title='bbox 855 2216 869 2233; x_wconf 88' lang='lat' dir='ltr'><strong>e</strong></span> <span class='ocrx_word' id='word_1_501' title='bbox 883 2208 910 2233; x_wconf 84' lang='lat' dir='ltr'><strong>la</strong></span> <span class='ocrx_word' id='word_1_502' title='bbox 930 2208 1036 2233; x_wconf 84' lang='lat' dir='ltr'><strong>letlzia.</strong></span> <span class='ocrx_word' id='word_1_503' title='bbox 1179 2206 1190 2223; x_wconf 80' lang='lat'><strong>³</strong></span> <span class='ocrx_word' id='word_1_504' title='bbox 1207 2205 1391 2241; x_wconf 74' lang='grc' dir='ltr'><strong>ἧμιτριταῖος,</strong></span> <span class='ocrx_word' id='word_1_505' title='bbox 1411 2207 1507 2232; x_wconf 75' lang='lat' dir='ltr'><strong>sebbre</strong></span> <span class='ocrx_word' id='word_1_506' title='bbox 1525 2209 1653 2232; x_wconf 79' lang='lat' dir='ltr'><strong>terzana.</strong></span> <span class='ocrx_word' id='word_1_507' title='bbox 2021 2209 2055 2235; x_wconf 89' lang='lat'><strong>30</strong></span> 
     </span>
     <span class='ocr_line' id='line_1_45' title="bbox 229 2248 1991 2286; baseline -0.003 -7"><span class='ocrx_word' id='word_1_508' title='bbox 229 2252 363 2282; x_wconf 75' lang='lat' dir='ltr'><strong>“Questo</strong></span> <span class='ocrx_word' id='word_1_509' title='bbox 385 2251 400 2278; x_wconf 75' lang='lat' dir='ltr'><strong>e</strong></span> <span class='ocrx_word' id='word_1_510' title='bbox 420 2253 441 2277; x_wconf 89' lang='lat' dir='ltr'><strong>il</strong></span> <span class='ocrx_word' id='word_1_511' title='bbox 461 2253 595 2286; x_wconf 71' lang='lat' dir='ltr'><strong>paradiso</strong></span> <span class='ocrx_word' id='word_1_512' title='bbox 621 2254 753 2277; x_wconf 84' lang='lat' dir='ltr'><strong>terrestre</strong></span> <span class='ocrx_word' id='word_1_513' title='bbox 773 2252 823 2276; x_wconf 90' lang='lat' dir='ltr'><strong>che</strong></span> <span class='ocrx_word' id='word_1_514' title='bbox 848 2253 870 2276; x_wconf 87' lang='lat' dir='ltr'><strong>si</strong></span> <span class='ocrx_word' id='word_1_515' title='bbox 891 2258 959 2285; x_wconf 83' lang='lat' dir='ltr'><strong>apre</strong></span> <span class='ocrx_word' id='word_1_516' title='bbox 978 2251 1037 2284; x_wconf 83' lang='lat' dir='ltr'><strong>agli</strong></span> <span class='ocrx_word' id='word_1_517' title='bbox 1180 2248 1190 2266; x_wconf 77' lang='lat'>⁴</span> <span class='ocrx_word' id='word_1_518' title='bbox 1218 2251 1246 2275; x_wconf 84' lang='lat' dir='ltr'><strong>ll</strong></span> <span class='ocrx_word' id='word_1_519' title='bbox 1270 2251 1381 2275; x_wconf 75' lang='lat' dir='ltr'><strong>Necrol.</strong></span> <span class='ocrx_word' id='word_1_520' title='bbox 1411 2251 1431 2274; x_wconf 90' lang='grc' dir='ltr'><em>Ι</em></span> <span class='ocrx_word' id='word_1_521' title='bbox 1455 2250 1530 2278; x_wconf 82' lang='lat' dir='ltr'><strong>Cass.</strong></span> <span class='ocrx_word' id='word_1_522' title='bbox 1559 2248 1723 2281; x_wconf 69' lang='lat' dir='ltr'><strong>(GATTOLA,</strong></span> <span class='ocrx_word' id='word_1_523' title='bbox 1752 2249 1930 2278; x_wconf 73' lang='lat' dir='ltr'><strong>Accessiones,</strong></span> <span class='ocrx_word' id='word_1_524' title='bbox 1957 2248 1991 2276; x_wconf 89' lang='lat'><strong>11,</strong></span> 
     </span>
     <span class='ocr_line' id='line_1_46' title="bbox 81 2291 1994 2329; baseline -0.002 -10"><span class='ocrx_word' id='word_1_525' title='bbox 81 2301 114 2319; x_wconf 81' lang='lat' dir='ltr'><strong>xo</strong></span> <span class='ocrx_word' id='word_1_526' title='bbox 141 2294 155 2308; x_wconf 67' lang='lat'><strong><em>⁸</em></strong></span> <span class='ocrx_word' id='word_1_527' title='bbox 166 2296 289 2329; x_wconf 77' lang='lat' dir='ltr'><strong>sguardl.</strong></span> <span class='ocrx_word' id='word_1_528' title='bbox 1091 2300 1118 2325; x_wconf 89' lang='lat' dir='ltr'><strong>p.</strong></span> <span class='ocrx_word' id='word_1_529' title='bbox 1138 2291 1215 2326; x_wconf 83' lang='grc'><strong>854);</strong></span> <span class='ocrx_word' id='word_1_530' title='bbox 1235 2293 1276 2326; x_wconf 83' lang='lat' dir='ltr'><strong>gli</strong></span> <span class='ocrx_word' id='word_1_531' title='bbox 1298 2291 1417 2319; x_wconf 79' lang='lat' dir='ltr'><strong>Annales</strong></span> <span class='ocrx_word' id='word_1_532' title='bbox 1437 2293 1542 2321; x_wconf 50' lang='grc' dir='ltr'><strong>(ἰωῆς</strong></span> <span class='ocrx_word' id='word_1_533' title='bbox 1562 2291 1692 2321; x_wconf 58' lang='lat' dir='ltr'><strong>Gutum,</strong></span> <span class='ocrx_word' id='word_1_534' title='bbox 1713 2292 1740 2316; x_wconf 91' lang='lat' dir='ltr'><strong>Il</strong></span> <span class='ocrx_word' id='word_1_535' title='bbox 1758 2292 1923 2324; x_wconf 60' lang='lat' dir='ltr'><strong>Necrologn&#39;o</strong></span> <span class='ocrx_word' id='word_1_536' title='bbox 1948 2292 1994 2316; x_wconf 74' lang='lat' dir='ltr'><strong>del</strong></span> 
     </span>
     <span class='ocr_line' id='line_1_47' title="bbox 230 2333 1993 2370; baseline -0.003 -6"><span class='ocrx_word' id='word_1_537' title='bbox 230 2338 243 2352; x_wconf 80' lang='lat'>“</span> <span class='ocrx_word' id='word_1_538' title='bbox 253 2337 355 2367; x_wconf 76' lang='lat' dir='ltr'><strong>Questi</strong></span> <span class='ocrx_word' id='word_1_539' title='bbox 374 2336 389 2363; x_wconf 75' lang='grc' dir='ltr'>ὲ</span> <span class='ocrx_word' id='word_1_540' title='bbox 409 2338 429 2362; x_wconf 89' lang='lat' dir='ltr'><strong>il</strong></span> <span class='ocrx_word' id='word_1_541' title='bbox 451 2338 595 2363; x_wconf 77' lang='lat' dir='ltr'><strong>Mosta’izz</strong></span> <span class='ocrx_word' id='word_1_542' title='bbox 607 2345 622 2362; x_wconf 92' lang='lat' dir='ltr'><strong>e</strong></span> <span class='ocrx_word' id='word_1_543' title='bbox 635 2339 734 2370; x_wconf 83' lang='lat' dir='ltr'><strong>questo</strong></span> <span class='ocrx_word' id='word_1_544' title='bbox 748 2336 891 2370; x_wconf 76' lang='lat' dir='ltr'><strong>(psiagIo)</strong></span> <span class='ocrx_word' id='word_1_545' title='bbox 912 2335 1004 2360; x_wconf 83' lang='lat' dir='ltr'><strong>l’Aziz</strong></span> <span class='ocrx_word' id='word_1_546' title='bbox 1013 2353 1037 2367; x_wconf 78' lang='lat'><strong>„.</strong></span> <span class='ocrx_word' id='word_1_547' title='bbox 1092 2336 1150 2360; x_wconf 82' lang='lat' dir='ltr'><strong>Lib.</strong></span> <span class='ocrx_word' id='word_1_548' title='bbox 1166 2335 1270 2368; x_wconf 60' lang='lat' dir='ltr'><strong>Consta,</strong></span> <span class='ocrx_word' id='word_1_549' title='bbox 1284 2343 1330 2368; x_wconf 90' lang='lat' dir='ltr'><strong>pp.</strong></span> <span class='ocrx_word' id='word_1_550' title='bbox 1345 2341 1379 2367; x_wconf 91' lang='lat'><strong>70</strong></span> <span class='ocrx_word' id='word_1_551' title='bbox 1391 2334 1481 2368; x_wconf 66' lang='lat' dir='ltr'><strong>e‘361,</strong></span> <span class='ocrx_word' id='word_1_552' title='bbox 1495 2342 1622 2368; x_wconf 79' lang='lat' dir='ltr'><strong>segnano</strong></span> <span class='ocrx_word' id='word_1_553' title='bbox 1636 2334 1665 2358; x_wconf 89' lang='lat' dir='ltr'><strong>la</strong></span> <span class='ocrx_word' id='word_1_554' title='bbox 1678 2336 1769 2359; x_wconf 80' lang='lat' dir='ltr'><strong>morte</strong></span> <span class='ocrx_word' id='word_1_555' title='bbox 1782 2334 1813 2359; x_wconf 82' lang='lat' dir='ltr'><strong>di</strong></span> <span class='ocrx_word' id='word_1_556' title='bbox 1827 2333 1993 2367; x_wconf 84' lang='lat' dir='ltr'><strong>Guglielrno</strong></span> 
     </span>
     <span class='ocr_line' id='line_1_48' title="bbox 229 2375 1992 2414; baseline -0.003 -8"><span class='ocrx_word' id='word_1_557' title='bbox 229 2378 237 2395; x_wconf 77' lang='lat'><em>⁴</em></span> <span class='ocrx_word' id='word_1_558' title='bbox 259 2381 328 2406; x_wconf 83' lang='lat' dir='ltr'><strong>Aila</strong></span> <span class='ocrx_word' id='word_1_559' title='bbox 348 2382 439 2406; x_wconf 84' lang='lat' dir='ltr'><strong>morte</strong></span> <span class='ocrx_word' id='word_1_560' title='bbox 458 2380 502 2405; x_wconf 83' lang='lat' dir='ltr'><strong>dei</strong></span> <span class='ocrx_word' id='word_1_561' title='bbox 523 2380 610 2414; x_wconf 86' lang='lat' dir='ltr'><strong>padre</strong></span> <span class='ocrx_word' id='word_1_562' title='bbox 629 2379 794 2413; x_wconf 77' lang='lat' dir='ltr'><strong>Gugllelmo</strong></span> <span class='ocrx_word' id='word_1_563' title='bbox 807 2379 833 2403; x_wconf 87' lang='lat'><strong>11</strong></span> <span class='ocrx_word' id='word_1_564' title='bbox 851 2386 899 2404; x_wconf 82' lang='lat' dir='ltr'><strong>era</strong></span> <span class='ocrx_word' id='word_1_565' title='bbox 917 2375 968 2411; x_wconf 74' lang='lat' dir='ltr'><strong>piu</strong></span> <span class='ocrx_word' id='word_1_566' title='bbox 988 2378 1038 2403; x_wconf 85' lang='lat' dir='ltr'><strong>che</strong></span> <span class='ocrx_word' id='word_1_567' title='bbox 1091 2378 1118 2403; x_wconf 84' lang='lat' dir='ltr'><strong>al</strong></span> <span class='ocrx_word' id='word_1_568' title='bbox 1141 2383 1170 2410; x_wconf 83' lang='grc'><strong>15</strong></span> <span class='ocrx_word' id='word_1_569' title='bbox 1194 2379 1316 2411; x_wconf 86' lang='lat' dir='ltr'><strong>magglo.</strong></span> <span class='ocrx_word' id='word_1_570' title='bbox 1354 2377 1400 2403; x_wconf 86' lang='lat' dir='ltr'><strong>Cf.</strong></span> <span class='ocrx_word' id='word_1_571' title='bbox 1420 2378 1460 2403; x_wconf 82' lang='lat' dir='ltr'><strong>Dr</strong></span> <span class='ocrx_word' id='word_1_572' title='bbox 1478 2378 1557 2407; x_wconf 75' lang='lat' dir='ltr'><strong>Mao,</strong></span> <span class='ocrx_word' id='word_1_573' title='bbox 1576 2378 1682 2402; x_wconf 74' lang='lat' dir='ltr'><strong>Annali</strong></span> <span class='ocrx_word' id='word_1_574' title='bbox 1699 2378 1724 2402; x_wconf 90' lang='lat' dir='ltr'>X</span> <span class='ocrx_word' id='word_1_575' title='bbox 1745 2383 1813 2410; x_wconf 82' lang='lat'>²9¹³</span> <span class='ocrx_word' id='word_1_576' title='bbox 1833 2377 1992 2405; x_wconf 56' lang='lat' dir='ltr'><strong>Simeon,</strong></span> 
     </span>
    </p>

    <p class='ocr_par' dir='ltr' id='par_1_18' title="bbox 0 2417 2053 2630">
     <span class='ocr_line' id='line_1_49' title="bbox 0 2417 2053 2461; baseline -0.003 -11"><span class='ocrx_word' id='word_1_577' title='bbox 0 2457 3 2461; x_wconf 19' lang='lat' dir='ltr'><em>J</em></span> <span class='ocrx_word' id='word_1_578' title='bbox 140 2424 309 2454; x_wconf 77' lang='lat' dir='ltr'><strong>dedicenne,</strong></span> <span class='ocrx_word' id='word_1_579' title='bbox 329 2424 405 2448; x_wconf 77' lang='lat' dir='ltr'><strong>forse</strong></span> <span class='ocrx_word' id='word_1_580' title='bbox 427 2423 472 2448; x_wconf 82' lang='lat' dir='ltr'><strong>sui</strong></span> <span class='ocrx_word' id='word_1_581' title='bbox 491 2423 666 2456; x_wconf 83' lang='lat' dir='ltr'><strong>quattordici</strong></span> <span class='ocrx_word' id='word_1_582' title='bbox 687 2422 758 2447; x_wconf 87' lang='lat' dir='ltr'><strong>anni</strong></span> <span class='ocrx_word' id='word_1_583' title='bbox 777 2429 855 2446; x_wconf 89' lang='lat' dir='ltr'><strong>come</strong></span> <span class='ocrx_word' id='word_1_584' title='bbox 881 2421 995 2446; x_wconf 83' lang='lat' dir='ltr'><strong>direbbe</strong></span> <span class='ocrx_word' id='word_1_585' title='bbox 1016 2421 1037 2446; x_wconf 87' lang='lat' dir='ltr'><strong>ll</strong></span> <span class='ocrx_word' id='word_1_586' title='bbox 1093 2421 1122 2445; x_wconf 87' lang='lat' dir='ltr'><strong>ll</strong></span> <span class='ocrx_word' id='word_1_587' title='bbox 1137 2429 1222 2453; x_wconf 77' lang='lat' dir='ltr'><strong>regno</strong></span> <span class='ocrx_word' id='word_1_588' title='bbox 1241 2421 1272 2445; x_wconf 83' lang='lat' dir='ltr'><strong>di</strong></span> <span class='ocrx_word' id='word_1_589' title='bbox 1293 2420 1448 2453; x_wconf 75' lang='lat' dir='ltr'><strong>Guglielmo</strong></span> <span class='ocrx_word' id='word_1_590' title='bbox 1476 2421 1494 2444; x_wconf 95' lang='lat' dir='ltr'><em>I</em></span> <span class='ocrx_word' id='word_1_591' title='bbox 1515 2421 1542 2444; x_wconf 80' lang='lat' dir='ltr'><strong>in</strong></span> <span class='ocrx_word' id='word_1_592' title='bbox 1569 2420 1674 2448; x_wconf 74' lang='lat' dir='ltr'><strong>Sicilia,</strong></span> <span class='ocrx_word' id='word_1_593' title='bbox 1700 2420 1758 2448; x_wconf 82' lang='lat' dir='ltr'><strong>cit..</strong></span> <span class='ocrx_word' id='word_1_594' title='bbox 1783 2419 1804 2448; x_wconf 87' lang='grc' dir='ltr'><strong>Ι,</strong></span> <span class='ocrx_word' id='word_1_595' title='bbox 1833 2425 1895 2452; x_wconf 82' lang='grc'><strong>155;</strong></span> <span class='ocrx_word' id='word_1_596' title='bbox 1921 2417 1992 2443; x_wconf 67' lang='lat' dir='ltr'><strong>FAL-</strong></span> <span class='ocrx_word' id='word_1_597' title='bbox 2020 2429 2053 2454; x_wconf 85' lang='lat'><strong>35</strong></span> 
     </span>
     <span class='ocr_line' id='line_1_50' title="bbox 141 2461 1992 2496; baseline -0.003 -6.354"><span class='ocrx_word' id='word_1_598' title='bbox 141 2464 296 2491; x_wconf 77' lang='lat' dir='ltr'><strong>Falcando.</strong></span> <span class='ocrx_word' id='word_1_599' title='bbox 1090 2469 1198 2491; x_wconf 63' lang='lat' dir='ltr'><strong>cauno,</strong></span> <span class='ocrx_word' id='word_1_600' title='bbox 1212 2470 1238 2496; x_wconf 87' lang='lat' dir='ltr'><strong>p.</strong></span> <span class='ocrx_word' id='word_1_601' title='bbox 1252 2461 1286 2488; x_wconf 88' lang='lat'><strong>88</strong></span> <span class='ocrx_word' id='word_1_602' title='bbox 1301 2470 1327 2486; x_wconf 94' lang='lat' dir='ltr'><strong>n.</strong></span> <span class='ocrx_word' id='word_1_603' title='bbox 1344 2469 1372 2491; x_wconf 71' lang='grc' dir='ltr'><strong>ις</strong></span> <span class='ocrx_word' id='word_1_604' title='bbox 1386 2461 1583 2491; x_wconf 50' lang='lat' dir='ltr'><strong>cinnamon,</strong></span> <span class='ocrx_word' id='word_1_605' title='bbox 1605 2461 1679 2486; x_wconf 73' lang='lat' dir='ltr'><strong>Hn&#39;st.</strong></span> <span class='ocrx_word' id='word_1_606' title='bbox 1694 2462 1727 2486; x_wconf 79' lang='lat' dir='ltr'><strong>de</strong></span> <span class='ocrx_word' id='word_1_607' title='bbox 1740 2462 1768 2486; x_wconf 87' lang='lat' dir='ltr'><strong>la</strong></span> <span class='ocrx_word' id='word_1_608' title='bbox 1782 2461 1877 2486; x_wconf 79' lang='lat' dir='ltr'><strong>domin.</strong></span> <span class='ocrx_word' id='word_1_609' title='bbox 1897 2462 1992 2485; x_wconf 85' lang='lat' dir='ltr'><strong>Norm.</strong></span> 
     </span>
     <span class='ocr_line' id='line_1_51' title="bbox 0 2502 1991 2540; baseline -0.004 -6"><span class='ocrx_word' id='word_1_610' title='bbox 0 2505 6 2540; x_wconf 62' lang='grc' dir='ltr'>ξ</span> <span class='ocrx_word' id='word_1_611' title='bbox 82 2511 113 2537; x_wconf 80' lang='lat'><strong>¹5</strong></span> <span class='ocrx_word' id='word_1_612' title='bbox 228 2506 240 2524; x_wconf 72' lang='lat'>²</span> <span class='ocrx_word' id='word_1_613' title='bbox 259 2508 385 2533; x_wconf 77' lang='lat' dir='ltr'><strong>Mathaeus</strong></span> <span class='ocrx_word' id='word_1_614' title='bbox 404 2508 437 2532; x_wconf 83' lang='lat' dir='ltr'><strong>de</strong></span> <span class='ocrx_word' id='word_1_615' title='bbox 453 2507 559 2540; x_wconf 67' lang='lat' dir='ltr'><strong>Agalla,</strong></span> <span class='ocrx_word' id='word_1_616' title='bbox 574 2506 653 2539; x_wconf 84' lang='lat' dir='ltr'><strong>figlio</strong></span> <span class='ocrx_word' id='word_1_617' title='bbox 668 2506 694 2530; x_wconf 86' lang='lat' dir='ltr'><strong>di</strong></span> <span class='ocrx_word' id='word_1_618' title='bbox 716 2505 822 2530; x_wconf 78' lang='lat' dir='ltr'><strong>Nicola</strong></span> <span class='ocrx_word' id='word_1_619' title='bbox 834 2513 848 2530; x_wconf 90' lang='lat' dir='ltr'><strong>e</strong></span> <span class='ocrx_word' id='word_1_620' title='bbox 863 2505 893 2530; x_wconf 86' lang='lat' dir='ltr'><strong>dl</strong></span> <span class='ocrx_word' id='word_1_621' title='bbox 907 2505 1036 2530; x_wconf 78' lang='lat' dir='ltr'><strong>Marotta</strong></span> <span class='ocrx_word' id='word_1_622' title='bbox 1090 2504 1125 2534; x_wconf 90' lang='lat'><strong>11,</strong></span> <span class='ocrx_word' id='word_1_623' title='bbox 1143 2511 1204 2537; x_wconf 85' lang='lat'><strong>303,</strong></span> <span class='ocrx_word' id='word_1_624' title='bbox 1219 2512 1246 2529; x_wconf 89' lang='lat' dir='ltr'><strong>n.</strong></span> <span class='ocrx_word' id='word_1_625' title='bbox 1270 2512 1290 2529; x_wconf 89' lang='lat'><strong>1.</strong></span> <span class='ocrx_word' id='word_1_626' title='bbox 1325 2503 1360 2529; x_wconf 88' lang='lat' dir='ltr'><strong>Se</strong></span> <span class='ocrx_word' id='word_1_627' title='bbox 1373 2503 1432 2538; x_wconf 70' lang='lat' dir='ltr'><strong>pub</strong></span> <span class='ocrx_word' id='word_1_628' title='bbox 1445 2504 1590 2534; x_wconf 79' lang='lat' dir='ltr'><strong>ritenersi,</strong></span> <span class='ocrx_word' id='word_1_629' title='bbox 1610 2511 1689 2528; x_wconf 88' lang='lat' dir='ltr'><strong>come</strong></span> <span class='ocrx_word' id='word_1_630' title='bbox 1703 2504 1793 2536; x_wconf 83' lang='lat' dir='ltr'><strong>opina</strong></span> <span class='ocrx_word' id='word_1_631' title='bbox 1811 2503 1834 2528; x_wconf 88' lang='lat' dir='ltr'><strong>il</strong></span> <span class='ocrx_word' id='word_1_632' title='bbox 1848 2502 1991 2535; x_wconf 75' lang='lat' dir='ltr'><strong>Slragusa,</strong></span> 
     </span>
     <span class='ocr_line' id='line_1_52' title="bbox 0 2545 1992 2583; baseline -0.003 -8"><span class='ocrx_word' id='word_1_633' title='bbox 0 2550 5 2572; x_wconf 72' lang='lat' dir='ltr'>s</span> <span class='ocrx_word' id='word_1_634' title='bbox 141 2551 233 2575; x_wconf 78' lang='lat' dir='ltr'><strong>morta</strong></span> <span class='ocrx_word' id='word_1_635' title='bbox 253 2550 299 2575; x_wconf 92' lang='lat' dir='ltr'><strong>nel</strong></span> <span class='ocrx_word' id='word_1_636' title='bbox 317 2556 392 2583; x_wconf 84' lang='lat'><strong>1173,</strong></span> <span class='ocrx_word' id='word_1_637' title='bbox 408 2550 437 2574; x_wconf 84' lang='lat' dir='ltr'><strong>fu</strong></span> <span class='ocrx_word' id='word_1_638' title='bbox 451 2551 554 2574; x_wconf 80' lang='lat' dir='ltr'><strong>notaro</strong></span> <span class='ocrx_word' id='word_1_639' title='bbox 574 2549 649 2574; x_wconf 80' lang='lat' dir='ltr'><strong>della</strong></span> <span class='ocrx_word' id='word_1_640' title='bbox 660 2548 694 2573; x_wconf 91' lang='lat' dir='ltr'><strong>R.</strong></span> <span class='ocrx_word' id='word_1_641' title='bbox 707 2547 887 2573; x_wconf 84' lang='lat' dir='ltr'><strong>Cancellerla</strong></span> <span class='ocrx_word' id='word_1_642' title='bbox 905 2547 953 2573; x_wconf 79' lang='lat' dir='ltr'><strong>dsl</strong></span> <span class='ocrx_word' id='word_1_643' title='bbox 970 2546 1038 2580; x_wconf 83' lang='lat'>1156</span> <span class='ocrx_word' id='word_1_644' title='bbox 1091 2548 1142 2573; x_wconf 86' lang='lat' dir='ltr'><strong>che</strong></span> <span class='ocrx_word' id='word_1_645' title='bbox 1159 2548 1202 2577; x_wconf 65' lang='lat' dir='ltr'><strong>R„</strong></span> <span class='ocrx_word' id='word_1_646' title='bbox 1222 2548 1376 2573; x_wconf 87' lang='lat' dir='ltr'><strong>testlmone</strong></span> <span class='ocrx_word' id='word_1_647' title='bbox 1400 2547 1431 2572; x_wconf 92' lang='lat' dir='ltr'><strong>di</strong></span> <span class='ocrx_word' id='word_1_648' title='bbox 1452 2547 1555 2572; x_wconf 83' lang='lat' dir='ltr'><strong>veduta</strong></span> <span class='ocrx_word' id='word_1_649' title='bbox 1575 2554 1590 2571; x_wconf 87' lang='lat' dir='ltr'><strong>e</strong></span> <span class='ocrx_word' id='word_1_650' title='bbox 1614 2547 1724 2571; x_wconf 83' lang='lat' dir='ltr'><strong>medico</strong></span> <span class='ocrx_word' id='word_1_651' title='bbox 1749 2547 1874 2577; x_wconf 79' lang='lat' dir='ltr'><strong>curante,</strong></span> <span class='ocrx_word' id='word_1_652' title='bbox 1897 2545 1945 2570; x_wconf 78' lang='lat' dir='ltr'><strong>dia</strong></span> <span class='ocrx_word' id='word_1_653' title='bbox 1964 2546 1992 2570; x_wconf 77' lang='lat' dir='ltr'><strong>la</strong></span> 
     </span>
     <span class='ocr_line' id='line_1_53' title="bbox 0 2579 1992 2630; baseline -0.003 -12"><span class='ocrx_word' id='word_1_654' title='bbox 0 2579 9 2630; x_wconf 9' lang='lat' dir='ltr'><strong>f*</strong></span> <span class='ocrx_word' id='word_1_655' title='bbox 142 2592 286 2626; x_wconf 73' lang='lat' dir='ltr'><strong>all&#39;aprile</strong></span> <span class='ocrx_word' id='word_1_656' title='bbox 308 2591 389 2621; x_wconf 81' lang='grc'><strong>1162;</strong></span> <span class='ocrx_word' id='word_1_657' title='bbox 410 2591 454 2616; x_wconf 88' lang='lat' dir='ltr'><strong>nel</strong></span> <span class='ocrx_word' id='word_1_658' title='bbox 477 2598 573 2616; x_wconf 85' lang='lat' dir='ltr'><strong>marzo</strong></span> <span class='ocrx_word' id='word_1_659' title='bbox 590 2590 656 2623; x_wconf 76' lang='lat'>1163</span> <span class='ocrx_word' id='word_1_660' title='bbox 670 2590 700 2615; x_wconf 83' lang='lat' dir='ltr'><strong>fu</strong></span> <span class='ocrx_word' id='word_1_661' title='bbox 719 2590 831 2615; x_wconf 81' lang='lat' dir='ltr'><strong>elevato</strong></span> <span class='ocrx_word' id='word_1_662' title='bbox 851 2589 968 2623; x_wconf 80' lang='lat' dir='ltr'><strong>“regius</strong></span> <span class='ocrx_word' id='word_1_663' title='bbox 981 2596 1037 2614; x_wconf 83' lang='lat' dir='ltr'><strong>ma·</strong></span> <span class='ocrx_word' id='word_1_664' title='bbox 1090 2590 1186 2623; x_wconf 73' lang='lat' dir='ltr'><strong>giusta</strong></span> <span class='ocrx_word' id='word_1_665' title='bbox 1205 2589 1272 2615; x_wconf 73' lang='lat' dir='ltr'><strong>data</strong></span> <span class='ocrx_word' id='word_1_666' title='bbox 1291 2589 1366 2614; x_wconf 81' lang='lat' dir='ltr'><strong>della</strong></span> <span class='ocrx_word' id='word_1_667' title='bbox 1387 2591 1478 2614; x_wconf 86' lang='lat' dir='ltr'><strong>morte</strong></span> <span class='ocrx_word' id='word_1_668' title='bbox 1497 2589 1527 2614; x_wconf 90' lang='lat' dir='ltr'><strong>di</strong></span> <span class='ocrx_word' id='word_1_669' title='bbox 1546 2588 1714 2622; x_wconf 85' lang='lat' dir='ltr'><strong>Guglielmo</strong></span> <span class='ocrx_word' id='word_1_670' title='bbox 1734 2588 1755 2619; x_wconf 92' lang='lat'><strong>1,</strong></span> <span class='ocrx_word' id='word_1_671' title='bbox 1775 2588 1925 2621; x_wconf 73' lang='lat' dir='ltr'><strong>divulgata</strong></span> <span class='ocrx_word' id='word_1_672' title='bbox 1943 2594 1992 2620; x_wconf 75' lang='lat' dir='ltr'><strong>ps.-</strong></span> 
     </span>
    </p>

    <p class='ocr_par' dir='ltr' id='par_1_19' title="bbox 0 2630 2055 2841">
     <span class='ocr_line' id='line_1_54' title="bbox 0 2630 2055 2668; baseline -0.003 -8"><span class='ocrx_word' id='word_1_673' title='bbox 0 2650 3 2654; x_wconf 93' lang='lat'><em>-</em></span> <span class='ocrx_word' id='word_1_674' title='bbox 143 2634 256 2668; x_wconf 72' lang='lat' dir='ltr'><strong>“guter</strong></span> <span class='ocrx_word' id='word_1_675' title='bbox 275 2635 453 2659; x_wconf 81' lang='lat' dir='ltr'><strong>notariorum</strong></span> <span class='ocrx_word' id='word_1_676' title='bbox 471 2635 499 2658; x_wconf 84' lang='lat' dir='ltr'><strong>et</strong></span> <span class='ocrx_word' id='word_1_677' title='bbox 518 2633 672 2658; x_wconf 77' lang='lat' dir='ltr'><strong>familiaris</strong></span> <span class='ocrx_word' id='word_1_678' title='bbox 686 2642 715 2665; x_wconf 71' lang='grc' dir='ltr'><strong>,ς</strong></span> <span class='ocrx_word' id='word_1_679' title='bbox 736 2632 782 2657; x_wconf 76' lang='lat' dir='ltr'><strong>dal</strong></span> <span class='ocrx_word' id='word_1_680' title='bbox 802 2632 946 2657; x_wconf 85' lang='lat' dir='ltr'><strong>decembre</strong></span> <span class='ocrx_word' id='word_1_681' title='bbox 971 2631 1038 2664; x_wconf 81' lang='lat'>1169</span> <span class='ocrx_word' id='word_1_682' title='bbox 1090 2633 1185 2658; x_wconf 85' lang='lat' dir='ltr'><strong>reechi</strong></span> <span class='ocrx_word' id='word_1_683' title='bbox 1203 2633 1299 2665; x_wconf 79' lang='lat' dir='ltr'><strong>giorni</strong></span> <span class='ocrx_word' id='word_1_684' title='bbox 1320 2632 1397 2665; x_wconf 88' lang='lat' dir='ltr'><strong>dopo</strong></span> <span class='ocrx_word' id='word_1_685' title='bbox 1418 2640 1466 2666; x_wconf 88' lang='lat' dir='ltr'><strong>per</strong></span> <span class='ocrx_word' id='word_1_686' title='bbox 1485 2632 1594 2656; x_wconf 79' lang='lat' dir='ltr'><strong>evitare</strong></span> <span class='ocrx_word' id='word_1_687' title='bbox 1612 2630 1721 2656; x_wconf 85' lang='lat' dir='ltr'><strong>torbldi</strong></span> <span class='ocrx_word' id='word_1_688' title='bbox 1737 2638 1751 2655; x_wconf 94' lang='lat' dir='ltr'><strong>e</strong></span> <span class='ocrx_word' id='word_1_689' title='bbox 1765 2630 1964 2662; x_wconf 85' lang='lat' dir='ltr'><strong>rivolgimenti</strong></span> <span class='ocrx_word' id='word_1_690' title='bbox 1978 2638 1992 2654; x_wconf 87' lang='lat' dir='ltr'><strong>e</strong></span> <span class='ocrx_word' id='word_1_691' title='bbox 2021 2637 2055 2662; x_wconf 81' lang='lat'><strong>40</strong></span> 
     </span>
     <span class='ocr_line' id='line_1_55' title="bbox 0 2673 1993 2709; baseline -0.003 -7"><span class='ocrx_word' id='word_1_692' title='bbox 0 2673 3 2695; x_wconf 61' lang='lat'>²</span> <span class='ocrx_word' id='word_1_693' title='bbox 143 2676 305 2702; x_wconf 77' lang='lat' dir='ltr'><strong>nu’ottobre</strong></span> <span class='ocrx_word' id='word_1_694' title='bbox 334 2675 400 2709; x_wconf 82' lang='lat'>1189</span> <span class='ocrx_word' id='word_1_695' title='bbox 427 2676 456 2700; x_wconf 81' lang='lat' dir='ltr'><strong>su</strong></span> <span class='ocrx_word' id='word_1_696' title='bbox 476 2675 490 2689; x_wconf 75' lang='lat'><strong>‘⁴</strong></span> <span class='ocrx_word' id='word_1_697' title='bbox 505 2675 756 2700; x_wconf 80' lang='lat' dir='ltr'><strong>vicecancellarius</strong></span> <span class='ocrx_word' id='word_1_698' title='bbox 767 2693 792 2706; x_wconf 59' lang='grc' dir='ltr'><strong>η,</strong></span> <span class='ocrx_word' id='word_1_699' title='bbox 811 2682 826 2699; x_wconf 90' lang='lat' dir='ltr'><strong>e</strong></span> <span class='ocrx_word' id='word_1_700' title='bbox 850 2674 952 2706; x_wconf 83' lang='lat' dir='ltr'><strong>quindi</strong></span> <span class='ocrx_word' id='word_1_701' title='bbox 973 2681 1040 2699; x_wconf 70' lang='lat' dir='ltr'><strong>can·</strong></span> <span class='ocrx_word' id='word_1_702' title='bbox 1091 2682 1140 2707; x_wconf 89' lang='lat' dir='ltr'><strong>per</strong></span> <span class='ocrx_word' id='word_1_703' title='bbox 1154 2674 1328 2707; x_wconf 74' lang='lat' dir='ltr'><strong>provveder-e</strong></span> <span class='ocrx_word' id='word_1_704' title='bbox 1347 2674 1382 2699; x_wconf 88' lang='lat' dir='ltr'><strong>ad</strong></span> <span class='ocrx_word' id='word_1_705' title='bbox 1395 2681 1452 2699; x_wconf 80' lang='lat' dir='ltr'><strong>una</strong></span> <span class='ocrx_word' id='word_1_706' title='bbox 1465 2674 1558 2699; x_wconf 80' lang='lat' dir='ltr'><strong>sicura</strong></span> <span class='ocrx_word' id='word_1_707' title='bbox 1573 2681 1710 2707; x_wconf 75' lang='lat' dir='ltr'><strong>reggenza</strong></span> <span class='ocrx_word' id='word_1_708' title='bbox 1725 2679 1740 2697; x_wconf 93' lang='lat' dir='ltr'><strong>e</strong></span> <span class='ocrx_word' id='word_1_709' title='bbox 1759 2673 1816 2697; x_wconf 83' lang='lat' dir='ltr'><strong>alla</strong></span> <span class='ocrx_word' id='word_1_710' title='bbox 1836 2673 1993 2705; x_wconf 81' lang='lat' dir='ltr'><strong>proclama-</strong></span> 
     </span>
     <span class='ocr_line' id='line_1_56' title="bbox 0 2713 1994 2751; baseline -0.002 -8"><span class='ocrx_word' id='word_1_711' title='bbox 0 2730 3 2737; x_wconf 74' lang='lat'><em>›</em></span> <span class='ocrx_word' id='word_1_712' title='bbox 82 2724 116 2743; x_wconf 89' lang='grc' dir='ltr'><strong>2ο</strong></span> <span class='ocrx_word' id='word_1_713' title='bbox 142 2719 256 2746; x_wconf 86' lang='lat' dir='ltr'><strong>celliere</strong></span> <span class='ocrx_word' id='word_1_714' title='bbox 269 2725 324 2744; x_wconf 88' lang='lat' dir='ltr'><strong>con</strong></span> <span class='ocrx_word' id='word_1_715' title='bbox 338 2719 479 2744; x_wconf 84' lang='lat' dir='ltr'><strong>Tancredi</strong></span> <span class='ocrx_word' id='word_1_716' title='bbox 494 2718 657 2751; x_wconf 77' lang='lat' dir='ltr'><strong>dail&#39;sprile</strong></span> <span class='ocrx_word' id='word_1_717' title='bbox 678 2724 761 2749; x_wconf 70' lang='lat'>1190:</span> <span class='ocrx_word' id='word_1_718' title='bbox 782 2718 828 2742; x_wconf 90' lang='lat' dir='ltr'><strong>nel</strong></span> <span class='ocrx_word' id='word_1_719' title='bbox 847 2718 971 2750; x_wconf 72' lang='lat' dir='ltr'><strong>genunio</strong></span> <span class='ocrx_word' id='word_1_720' title='bbox 984 2716 1039 2742; x_wconf 87' lang='lat' dir='ltr'><strong>del·</strong></span> <span class='ocrx_word' id='word_1_721' title='bbox 1092 2718 1174 2742; x_wconf 86' lang='lat' dir='ltr'><strong>zione</strong></span> <span class='ocrx_word' id='word_1_722' title='bbox 1194 2717 1312 2742; x_wconf 87' lang='lat' dir='ltr'><strong>solenne</strong></span> <span class='ocrx_word' id='word_1_723' title='bbox 1334 2716 1379 2741; x_wconf 86' lang='lat' dir='ltr'><strong>del</strong></span> <span class='ocrx_word' id='word_1_724' title='bbox 1402 2723 1501 2741; x_wconf 88' lang='lat' dir='ltr'><strong>nuovo</strong></span> <span class='ocrx_word' id='word_1_725' title='bbox 1515 2723 1646 2747; x_wconf 82' lang='lat' dir='ltr'><strong>sovrano,</strong></span> <span class='ocrx_word' id='word_1_726' title='bbox 1662 2716 1686 2740; x_wconf 82' lang='lat' dir='ltr'><strong>si</strong></span> <span class='ocrx_word' id='word_1_727' title='bbox 1702 2713 1759 2747; x_wconf 70' lang='lat' dir='ltr'><strong>puo</strong></span> <span class='ocrx_word' id='word_1_728' title='bbox 1773 2715 1863 2740; x_wconf 87' lang='lat' dir='ltr'><strong>anche</strong></span> <span class='ocrx_word' id='word_1_729' title='bbox 1875 2722 1994 2748; x_wconf 86' lang='lat' dir='ltr'><strong>pensare</strong></span> 
     </span>
     <span class='ocr_line' id='line_1_57' title="bbox 0 2757 1993 2795; baseline -0.004 -7"><span class='ocrx_word' id='word_1_730' title='bbox 0 2776 4 2793; x_wconf 39' lang='grc' dir='ltr'><strong>-ς</strong></span> <span class='ocrx_word' id='word_1_731' title='bbox 142 2763 240 2788; x_wconf 75' lang='lat' dir='ltr'><strong>l’snno</strong></span> <span class='ocrx_word' id='word_1_732' title='bbox 266 2763 399 2795; x_wconf 81' lang='lat' dir='ltr'><strong>seguente</strong></span> <span class='ocrx_word' id='word_1_733' title='bbox 424 2760 537 2786; x_wconf 76' lang='lat' dir='ltr'><strong>chlamo</strong></span> <span class='ocrx_word' id='word_1_734' title='bbox 564 2760 639 2786; x_wconf 79' lang='lat' dir='ltr'><strong>nella</strong></span> <span class='ocrx_word' id='word_1_735' title='bbox 664 2758 843 2785; x_wconf 79' lang='lat' dir='ltr'><strong>Cancellerla</strong></span> <span class='ocrx_word' id='word_1_736' title='bbox 863 2760 885 2785; x_wconf 86' lang='lat' dir='ltr'><strong>il</strong></span> <span class='ocrx_word' id='word_1_737' title='bbox 905 2760 1037 2794; x_wconf 75' lang='lat' dir='ltr'><strong>figHuolo</strong></span> <span class='ocrx_word' id='word_1_738' title='bbox 1092 2759 1142 2784; x_wconf 90' lang='lat' dir='ltr'><strong>che</strong></span> <span class='ocrx_word' id='word_1_739' title='bbox 1159 2760 1201 2791; x_wconf 67' lang='lat' dir='ltr'><strong>R„</strong></span> <span class='ocrx_word' id='word_1_740' title='bbox 1222 2757 1272 2792; x_wconf 75' lang='lat' dir='ltr'><strong>piii</strong></span> <span class='ocrx_word' id='word_1_741' title='bbox 1292 2759 1342 2783; x_wconf 89' lang='lat' dir='ltr'><strong>che</strong></span> <span class='ocrx_word' id='word_1_742' title='bbox 1361 2758 1401 2792; x_wconf 84' lang='lat' dir='ltr'><strong>gli</strong></span> <span class='ocrx_word' id='word_1_743' title='bbox 1423 2759 1491 2783; x_wconf 86' lang='lat' dir='ltr'><strong>anni</strong></span> <span class='ocrx_word' id='word_1_744' title='bbox 1507 2758 1535 2782; x_wconf 83' lang='lat' dir='ltr'><strong>di</strong></span> <span class='ocrx_word' id='word_1_745' title='bbox 1551 2765 1639 2790; x_wconf 84' lang='lat' dir='ltr'><strong>regno</strong></span> <span class='ocrx_word' id='word_1_746' title='bbox 1652 2757 1681 2782; x_wconf 84' lang='lat' dir='ltr'><strong>di</strong></span> <span class='ocrx_word' id='word_1_747' title='bbox 1697 2757 1862 2789; x_wconf 88' lang='lat' dir='ltr'><strong>Guglielmo</strong></span> <span class='ocrx_word' id='word_1_748' title='bbox 1875 2757 1896 2786; x_wconf 90' lang='grc' dir='ltr'><strong>Ι,</strong></span> <span class='ocrx_word' id='word_1_749' title='bbox 1910 2758 1993 2789; x_wconf 91' lang='lat' dir='ltr'><strong>quin-</strong></span> 
     </span>
     <span class='ocr_line' id='line_1_58' title="bbox 143 2798 1994 2836; baseline -0.005 -5.645"><span class='ocrx_word' id='word_1_750' title='bbox 143 2804 293 2834; x_wconf 69' lang='lat' dir='ltr'><strong>RIccardo,</strong></span> <span class='ocrx_word' id='word_1_751' title='bbox 312 2806 401 2829; x_wconf 79' lang='lat' dir='ltr'><strong>avuto</strong></span> <span class='ocrx_word' id='word_1_752' title='bbox 420 2803 497 2829; x_wconf 83' lang='lat' dir='ltr'><strong>dalla</strong></span> <span class='ocrx_word' id='word_1_753' title='bbox 511 2804 603 2836; x_wconf 78' lang='lat' dir='ltr'><strong>prima</strong></span> <span class='ocrx_word' id='word_1_754' title='bbox 621 2803 727 2836; x_wconf 80' lang='lat' dir='ltr'><strong>moglie</strong></span> <span class='ocrx_word' id='word_1_755' title='bbox 739 2802 813 2832; x_wconf 86' lang='lat' dir='ltr'><strong>Slca,</strong></span> <span class='ocrx_word' id='word_1_756' title='bbox 834 2802 883 2827; x_wconf 82' lang='lat' dir='ltr'><strong>che</strong></span> <span class='ocrx_word' id='word_1_757' title='bbox 904 2803 933 2827; x_wconf 77' lang='lat' dir='ltr'><strong>fu</strong></span> <span class='ocrx_word' id='word_1_758' title='bbox 947 2803 1038 2828; x_wconf 78' lang='lat' dir='ltr'><strong>nomi·</strong></span> <span class='ocrx_word' id='word_1_759' title='bbox 1091 2799 1146 2825; x_wconf 89' lang='lat' dir='ltr'><strong>dici</strong></span> <span class='ocrx_word' id='word_1_760' title='bbox 1167 2801 1236 2825; x_wconf 85' lang='lat' dir='ltr'><strong>anni</strong></span> <span class='ocrx_word' id='word_1_761' title='bbox 1257 2808 1271 2825; x_wconf 87' lang='lat' dir='ltr'><strong>e</strong></span> <span class='ocrx_word' id='word_1_762' title='bbox 1293 2799 1365 2825; x_wconf 86' lang='lat' dir='ltr'><strong>dieci</strong></span> <span class='ocrx_word' id='word_1_763' title='bbox 1381 2800 1458 2829; x_wconf 85' lang='lat' dir='ltr'><strong>mesi,</strong></span> <span class='ocrx_word' id='word_1_764' title='bbox 1474 2799 1556 2824; x_wconf 69' lang='lat' dir='ltr'><strong>abbi·</strong></span> <span class='ocrx_word' id='word_1_765' title='bbox 1568 2799 1683 2824; x_wconf 82' lang='lat' dir='ltr'><strong>riferito</strong></span> <span class='ocrx_word' id='word_1_766' title='bbox 1696 2798 1738 2831; x_wconf 87' lang='lat' dir='ltr'><strong>gli</strong></span> <span class='ocrx_word' id='word_1_767' title='bbox 1752 2800 1819 2823; x_wconf 81' lang='lat' dir='ltr'><strong>anni</strong></span> <span class='ocrx_word' id='word_1_768' title='bbox 1835 2798 1880 2824; x_wconf 87' lang='lat' dir='ltr'><strong>del</strong></span> <span class='ocrx_word' id='word_1_769' title='bbox 1894 2800 1994 2823; x_wconf 84' lang='lat' dir='ltr'><strong>matri-</strong></span> 
     </span>
    </p>

    <p class='ocr_par' dir='ltr' id='par_1_20' title="bbox 0 2839 2054 3046">
     <span class='ocr_line' id='line_1_59' title="bbox 0 2839 2054 2878; baseline -0.004 -6"><span class='ocrx_word' id='word_1_770' title='bbox 0 2850 5 2871; x_wconf 80' lang='lat'>!</span> <span class='ocrx_word' id='word_1_771' title='bbox 144 2849 212 2872; x_wconf 80' lang='lat' dir='ltr'><strong>nato</strong></span> <span class='ocrx_word' id='word_1_772' title='bbox 224 2849 310 2872; x_wconf 85' lang='lat' dir='ltr'><strong>conte</strong></span> <span class='ocrx_word' id='word_1_773' title='bbox 323 2846 458 2871; x_wconf 84' lang='lat' dir='ltr'><strong>d&#39;Alello.</strong></span> <span class='ocrx_word' id='word_1_774' title='bbox 478 2845 524 2871; x_wconf 76' lang='lat' dir='ltr'><strong>Cf.</strong></span> <span class='ocrx_word' id='word_1_775' title='bbox 538 2845 684 2874; x_wconf 61' lang='lat' dir='ltr'><strong>Bramme,</strong></span> <span class='ocrx_word' id='word_1_776' title='bbox 696 2845 770 2870; x_wconf 80' lang='lat' dir='ltr'><strong>Sieil.</strong></span> <span class='ocrx_word' id='word_1_777' title='bbox 783 2845 861 2870; x_wconf 79' lang='lat' dir='ltr'><strong>Stud.</strong></span> <span class='ocrx_word' id='word_1_778' title='bbox 874 2845 907 2875; x_wconf 84' lang='lat'><strong>11,</strong></span> <span class='ocrx_word' id='word_1_779' title='bbox 919 2852 966 2870; x_wconf 90' lang='lat' dir='ltr'><strong>nn.</strong></span> <span class='ocrx_word' id='word_1_780' title='bbox 979 2850 1038 2878; x_wconf 81' lang='lat'><strong>135,</strong></span> <span class='ocrx_word' id='word_1_781' title='bbox 1092 2843 1200 2872; x_wconf 80' lang='lat' dir='ltr'><strong>monio,</strong></span> <span class='ocrx_word' id='word_1_782' title='bbox 1219 2843 1270 2867; x_wconf 87' lang='lat' dir='ltr'><strong>che</strong></span> <span class='ocrx_word' id='word_1_783' title='bbox 1290 2844 1312 2867; x_wconf 85' lang='lat' dir='ltr'><strong>sl</strong></span> <span class='ocrx_word' id='word_1_784' title='bbox 1338 2842 1451 2867; x_wconf 71' lang='lat' dir='ltr'><strong>san-ebbe</strong></span> <span class='ocrx_word' id='word_1_785' title='bbox 1471 2839 1530 2866; x_wconf 88' lang='lat' dir='ltr'><strong>eosl</strong></span> <span class='ocrx_word' id='word_1_786' title='bbox 1552 2841 1663 2866; x_wconf 86' lang='lat' dir='ltr'><strong>risallre</strong></span> <span class='ocrx_word' id='word_1_787' title='bbox 1683 2841 1712 2866; x_wconf 87' lang='lat' dir='ltr'><strong>al</strong></span> <span class='ocrx_word' id='word_1_788' title='bbox 1727 2841 1820 2873; x_wconf 81' lang='lat' dir='ltr'><strong>lugHo</strong></span> <span class='ocrx_word' id='word_1_789' title='bbox 1837 2847 1905 2872; x_wconf 87' lang='lat'>1150</span> <span class='ocrx_word' id='word_1_790' title='bbox 1918 2848 1994 2865; x_wconf 85' lang='lat' dir='ltr'><strong>men·</strong></span> <span class='ocrx_word' id='word_1_791' title='bbox 2021 2850 2054 2876; x_wconf 82' lang='lat'><strong>45</strong></span> 
     </span>
     <span class='ocr_line' id='line_1_60' title="bbox 0 2879 1992 2927; baseline -0.004 -13"><span class='ocrx_word' id='word_1_792' title='bbox 0 2879 6 2927; x_wconf 64' lang='grc' dir='ltr'>ἰ</span> <span class='ocrx_word' id='word_1_793' title='bbox 147 2889 204 2922; x_wconf 85' lang='grc'><strong>136.</strong></span> <span class='ocrx_word' id='word_1_794' title='bbox 227 2895 283 2922; x_wconf 82' lang='lat'><strong>140,</strong></span> <span class='ocrx_word' id='word_1_795' title='bbox 307 2896 353 2921; x_wconf 73' lang='grc'><strong>141</strong></span> <span class='ocrx_word' id='word_1_796' title='bbox 375 2895 392 2914; x_wconf 75' lang='lat' dir='ltr'><strong>a</strong></span> <span class='ocrx_word' id='word_1_797' title='bbox 413 2893 472 2921; x_wconf 81' lang='lat'><strong>147,</strong></span> <span class='ocrx_word' id='word_1_798' title='bbox 492 2893 552 2921; x_wconf 82' lang='grc'><strong>252,</strong></span> <span class='ocrx_word' id='word_1_799' title='bbox 573 2894 634 2920; x_wconf 84' lang='grc'><strong>253.</strong></span> <span class='ocrx_word' id='word_1_800' title='bbox 654 2886 703 2920; x_wconf 83' lang='grc'><strong>265</strong></span> <span class='ocrx_word' id='word_1_801' title='bbox 724 2895 738 2912; x_wconf 92' lang='lat' dir='ltr'><strong>e</strong></span> <span class='ocrx_word' id='word_1_802' title='bbox 757 2886 827 2918; x_wconf 70' lang='lat'><strong>2663</strong></span> <span class='ocrx_word' id='word_1_803' title='bbox 847 2886 973 2916; x_wconf 69' lang='lat' dir='ltr'><strong>Gutum,</strong></span> <span class='ocrx_word' id='word_1_804' title='bbox 989 2888 1039 2912; x_wconf 82' lang='lat' dir='ltr'><strong>Ca·</strong></span> <span class='ocrx_word' id='word_1_805' title='bbox 1091 2886 1176 2910; x_wconf 83' lang='lat' dir='ltr'><strong>tr&#39;era</strong></span> <span class='ocrx_word' id='word_1_806' title='bbox 1195 2892 1300 2910; x_wconf 82' lang='lat' dir='ltr'><strong>ancora</strong></span> <span class='ocrx_word' id='word_1_807' title='bbox 1320 2885 1449 2918; x_wconf 85' lang='lat' dir='ltr'><strong>principe</strong></span> <span class='ocrx_word' id='word_1_808' title='bbox 1468 2884 1497 2908; x_wconf 82' lang='lat' dir='ltr'><strong>dl</strong></span> <span class='ocrx_word' id='word_1_809' title='bbox 1518 2882 1630 2916; x_wconf 54' lang='lat' dir='ltr'><strong>Capuan</strong></span> <span class='ocrx_word' id='word_1_810' title='bbox 1650 2885 1733 2908; x_wconf 80' lang='lat' dir='ltr'><strong>tanto</strong></span> <span class='ocrx_word' id='word_1_811' title='bbox 1754 2883 1803 2916; x_wconf 73' lang='lat' dir='ltr'><strong>piis</strong></span> <span class='ocrx_word' id='word_1_812' title='bbox 1823 2883 1927 2915; x_wconf 81' lang='lat' dir='ltr'><strong>ch&#39;egli</strong></span> <span class='ocrx_word' id='word_1_813' title='bbox 1943 2883 1992 2915; x_wconf 81' lang='lat' dir='ltr'><strong>(cf.</strong></span> 
     </span>
     <span class='ocr_line' id='line_1_61' title="bbox 0 2925 1994 2965; baseline -0.004 -9"><span class='ocrx_word' id='word_1_814' title='bbox 0 2929 4 2963; x_wconf 64' lang='grc' dir='ltr'><em>ζ</em></span> <span class='ocrx_word' id='word_1_815' title='bbox 83 2937 115 2963; x_wconf 86' lang='grc'><strong>25</strong></span> <span class='ocrx_word' id='word_1_816' title='bbox 143 2933 237 2965; x_wconf 74' lang='lat' dir='ltr'><strong>talogo</strong></span> <span class='ocrx_word' id='word_1_817' title='bbox 256 2932 339 2956; x_wconf 79' lang='lat' dir='ltr'><strong>illust.</strong></span> <span class='ocrx_word' id='word_1_818' title='bbox 358 2932 404 2956; x_wconf 77' lang='lat' dir='ltr'><strong>del</strong></span> <span class='ocrx_word' id='word_1_819' title='bbox 427 2931 492 2955; x_wconf 73' lang='grc' dir='ltr'><strong>Ταῦ.</strong></span> <span class='ocrx_word' id='word_1_820' title='bbox 511 2930 541 2955; x_wconf 76' lang='lat' dir='ltr'><strong>di</strong></span> <span class='ocrx_word' id='word_1_821' title='bbox 560 2930 587 2955; x_wconf 88' lang='lat' dir='ltr'><strong>S.</strong></span> <span class='ocrx_word' id='word_1_822' title='bbox 609 2929 703 2955; x_wconf 79' lang='lat' dir='ltr'><strong>Maria</strong></span> <span class='ocrx_word' id='word_1_823' title='bbox 723 2930 823 2954; x_wconf 82' lang='lat' dir='ltr'><strong>Nuova</strong></span> <span class='ocrx_word' id='word_1_824' title='bbox 842 2930 872 2954; x_wconf 80' lang='lat' dir='ltr'><strong>di</strong></span> <span class='ocrx_word' id='word_1_825' title='bbox 889 2930 1038 2959; x_wconf 71' lang='lat' dir='ltr'><strong>Monrealc,</strong></span> <span class='ocrx_word' id='word_1_826' title='bbox 1092 2934 1177 2961; x_wconf 79' lang='lat' dir='ltr'><strong>sopra</strong></span> <span class='ocrx_word' id='word_1_827' title='bbox 1196 2935 1223 2960; x_wconf 88' lang='lat' dir='ltr'><strong>p.</strong></span> <span class='ocrx_word' id='word_1_828' title='bbox 1243 2934 1292 2959; x_wconf 82' lang='lat'><strong>²3¹</strong></span> <span class='ocrx_word' id='word_1_829' title='bbox 1316 2935 1342 2951; x_wconf 92' lang='lat' dir='ltr'><strong>n.</strong></span> <span class='ocrx_word' id='word_1_830' title='bbox 1370 2925 1396 2959; x_wconf 89' lang='lat'><strong>7)</strong></span> <span class='ocrx_word' id='word_1_831' title='bbox 1424 2933 1482 2950; x_wconf 87' lang='lat' dir='ltr'><strong>non</strong></span> <span class='ocrx_word' id='word_1_832' title='bbox 1503 2926 1650 2959; x_wconf 78' lang='lat' dir='ltr'><strong>apparisce</strong></span> <span class='ocrx_word' id='word_1_833' title='bbox 1670 2926 1739 2951; x_wconf 89' lang='lat' dir='ltr'><strong>bene</strong></span> <span class='ocrx_word' id='word_1_834' title='bbox 1760 2927 1917 2951; x_wconf 75' lang='lat' dir='ltr'><strong>informato</strong></span> <span class='ocrx_word' id='word_1_835' title='bbox 1937 2926 1994 2950; x_wconf 88' lang='lat' dir='ltr'><strong>del-</strong></span> 
     </span>
     <span class='ocr_line' id='line_1_62' title="bbox 0 2966 1994 3007; baseline -0.004 -9"><span class='ocrx_word' id='word_1_836' title='bbox 0 2977 2 2989; x_wconf 55' lang='lat' dir='ltr'><strong>l</strong></span> <span class='ocrx_word' id='word_1_837' title='bbox 143 2981 169 3007; x_wconf 88' lang='lat' dir='ltr'><strong>p.</strong></span> <span class='ocrx_word' id='word_1_838' title='bbox 192 2972 238 2999; x_wconf 89' lang='grc'><strong>161</strong></span> <span class='ocrx_word' id='word_1_839' title='bbox 255 2981 269 2998; x_wconf 92' lang='lat' dir='ltr'><strong>e</strong></span> <span class='ocrx_word' id='word_1_840' title='bbox 283 2980 348 3006; x_wconf 63' lang='lat' dir='ltr'><strong>seg„</strong></span> <span class='ocrx_word' id='word_1_841' title='bbox 361 2974 420 2997; x_wconf 77' lang='lat' dir='ltr'><strong>tav.</strong></span> <span class='ocrx_word' id='word_1_842' title='bbox 435 2971 467 3001; x_wconf 85' lang='lat' dir='ltr'><strong>V,</strong></span> <span class='ocrx_word' id='word_1_843' title='bbox 482 2977 506 3003; x_wconf 80' lang='grc' dir='ltr'><strong>ς,</strong></span> <span class='ocrx_word' id='word_1_844' title='bbox 519 2971 566 2999; x_wconf 90' lang='lat' dir='ltr'><strong>VI.</strong></span> <span class='ocrx_word' id='word_1_845' title='bbox 580 2977 610 3003; x_wconf 79' lang='lat'><strong>5:</strong></span> <span class='ocrx_word' id='word_1_846' title='bbox 633 2972 759 2996; x_wconf 78' lang='lat' dir='ltr'><strong>[docum.</strong></span> <span class='ocrx_word' id='word_1_847' title='bbox 779 2971 879 2996; x_wconf 75' lang='lat' dir='ltr'><strong>inediti</strong></span> <span class='ocrx_word' id='word_1_848' title='bbox 890 2972 1037 3002; x_wconf 76' lang='lat' dir='ltr'><strong>dell’epoca</strong></span> <span class='ocrx_word' id='word_1_849' title='bbox 1092 2969 1189 2994; x_wconf 79' lang='lat' dir='ltr'><strong>i’anno</strong></span> <span class='ocrx_word' id='word_1_850' title='bbox 1210 2970 1239 2994; x_wconf 88' lang='lat' dir='ltr'><strong>ln</strong></span> <span class='ocrx_word' id='word_1_851' title='bbox 1260 2969 1306 2993; x_wconf 86' lang='lat' dir='ltr'><strong>cui</strong></span> <span class='ocrx_word' id='word_1_852' title='bbox 1331 2969 1477 3001; x_wconf 82' lang='lat' dir='ltr'><strong>Rugglero</strong></span> <span class='ocrx_word' id='word_1_853' title='bbox 1502 2968 1528 2992; x_wconf 84' lang='lat'><strong>11</strong></span> <span class='ocrx_word' id='word_1_854' title='bbox 1548 2968 1587 3000; x_wconf 84' lang='lat' dir='ltr'><strong>gii</strong></span> <span class='ocrx_word' id='word_1_855' title='bbox 1609 2966 1720 2993; x_wconf 80' lang='lat' dir='ltr'><strong>conseri</strong></span> <span class='ocrx_word' id='word_1_856' title='bbox 1748 2968 1767 2992; x_wconf 86' lang='lat' dir='ltr'><strong>il</strong></span> <span class='ocrx_word' id='word_1_857' title='bbox 1788 2968 1876 2993; x_wconf 82' lang='lat' dir='ltr'><strong>titolo</strong></span> <span class='ocrx_word' id='word_1_858' title='bbox 1902 2968 1931 2992; x_wconf 89' lang='lat' dir='ltr'><strong>dl</strong></span> <span class='ocrx_word' id='word_1_859' title='bbox 1956 2975 1994 2997; x_wconf 75' lang='lat' dir='ltr'><strong>re,</strong></span> 
     </span>
     <span class='ocr_line' id='line_1_63' title="bbox 143 3010 1993 3046; baseline -0.003 -6"><span class='ocrx_word' id='word_1_860' title='bbox 143 3016 301 3040; x_wconf 72' lang='lat' dir='ltr'><strong>Nor-manna</strong></span> <span class='ocrx_word' id='word_1_861' title='bbox 320 3015 347 3039; x_wconf 80' lang='lat' dir='ltr'><strong>in</strong></span> <span class='ocrx_word' id='word_1_862' title='bbox 373 3014 478 3044; x_wconf 78' lang='lat' dir='ltr'><strong>Sicilia,</strong></span> <span class='ocrx_word' id='word_1_863' title='bbox 499 3021 524 3046; x_wconf 87' lang='lat' dir='ltr'><strong>p.</strong></span> <span class='ocrx_word' id='word_1_864' title='bbox 552 3013 590 3038; x_wconf 81' lang='lat' dir='ltr'><strong>XI</strong></span> <span class='ocrx_word' id='word_1_865' title='bbox 609 3020 624 3037; x_wconf 94' lang='lat' dir='ltr'><strong>e</strong></span> <span class='ocrx_word' id='word_1_866' title='bbox 642 3020 694 3046; x_wconf 55' lang='lat' dir='ltr'><strong>ug„</strong></span> <span class='ocrx_word' id='word_1_867' title='bbox 714 3020 760 3046; x_wconf 90' lang='lat' dir='ltr'><strong>pp.</strong></span> <span class='ocrx_word' id='word_1_868' title='bbox 788 3018 847 3045; x_wconf 85' lang='grc'><strong>115,</strong></span> <span class='ocrx_word' id='word_1_869' title='bbox 869 3019 917 3045; x_wconf 77' lang='grc'><strong>124</strong></span> <span class='ocrx_word' id='word_1_870' title='bbox 939 3019 954 3037; x_wconf 85' lang='lat' dir='ltr'><strong>e</strong></span> <span class='ocrx_word' id='word_1_871' title='bbox 985 3020 1036 3046; x_wconf 72' lang='lat' dir='ltr'><strong>sg..</strong></span> <span class='ocrx_word' id='word_1_872' title='bbox 1091 3020 1106 3037; x_wconf 93' lang='lat' dir='ltr'><strong>e</strong></span> <span class='ocrx_word' id='word_1_873' title='bbox 1125 3011 1191 3046; x_wconf 71' lang='lat' dir='ltr'><strong>pote</strong></span> <span class='ocrx_word' id='word_1_874' title='bbox 1212 3014 1333 3037; x_wconf 86' lang='lat' dir='ltr'><strong>ritenere</strong></span> <span class='ocrx_word' id='word_1_875' title='bbox 1358 3012 1472 3044; x_wconf 75' lang='lat' dir='ltr'><strong>quando</strong></span> <span class='ocrx_word' id='word_1_876' title='bbox 1498 3012 1599 3036; x_wconf 85' lang='lat' dir='ltr'><strong>scrlsse</strong></span> <span class='ocrx_word' id='word_1_877' title='bbox 1619 3011 1669 3035; x_wconf 83' lang='lat' dir='ltr'><strong>che</strong></span> <span class='ocrx_word' id='word_1_878' title='bbox 1690 3013 1697 3035; x_wconf 83' lang='lat' dir='ltr'><strong>i</strong></span> <span class='ocrx_word' id='word_1_879' title='bbox 1718 3011 1771 3036; x_wconf 89' lang='lat' dir='ltr'><strong>due</strong></span> <span class='ocrx_word' id='word_1_880' title='bbox 1796 3010 1993 3036; x_wconf 83' lang='lat' dir='ltr'><strong>avvenimenti</strong></span> 
     </span>
    </p>

    <p class='ocr_par' dir='ltr' id='par_1_21' title="bbox 145 3055 2057 3090">
     <span class='ocr_line' id='line_1_64' title="bbox 145 3055 2057 3090; baseline -0.003 -8"><span class='ocrx_word' id='word_1_881' title='bbox 145 3056 197 3090; x_wconf 74' lang='lat'><strong>²⁴⁶</strong></span> <span class='ocrx_word' id='word_1_882' title='bbox 213 3064 229 3082; x_wconf 84' lang='lat' dir='ltr'><strong>e</strong></span> <span class='ocrx_word' id='word_1_883' title='bbox 248 3064 302 3089; x_wconf 59' lang='grc' dir='ltr'><strong>,μ</strong></span> <span class='ocrx_word' id='word_1_884' title='bbox 330 3056 493 3088; x_wconf 70' lang='lat' dir='ltr'><strong>Necrologn&#39;o</strong></span> <span class='ocrx_word' id='word_1_885' title='bbox 517 3057 562 3080; x_wconf 79' lang='lat' dir='ltr'><strong>del</strong></span> <span class='ocrx_word' id='word_1_886' title='bbox 587 3056 669 3080; x_wconf 78' lang='lat' dir='ltr'><strong>Lr&#39;baer</strong></span> <span class='ocrx_word' id='word_1_887' title='bbox 697 3055 797 3087; x_wconf 57' lang='lat' dir='ltr'><strong>Consu,</strong></span> <span class='ocrx_word' id='word_1_888' title='bbox 824 3062 870 3088; x_wconf 88' lang='lat' dir='ltr'><strong>pp.</strong></span> <span class='ocrx_word' id='word_1_889' title='bbox 900 3061 957 3085; x_wconf 83' lang='lat'><strong>¹00,</strong></span> <span class='ocrx_word' id='word_1_890' title='bbox 978 3061 1037 3087; x_wconf 82' lang='lat'>²¹4·</span> <span class='ocrx_word' id='word_1_891' title='bbox 1093 3056 1174 3080; x_wconf 68' lang='lat' dir='ltr'><strong>siano</strong></span> <span class='ocrx_word' id='word_1_892' title='bbox 1195 3056 1261 3080; x_wconf 78' lang='lat' dir='ltr'><strong>stati</strong></span> <span class='ocrx_word' id='word_1_893' title='bbox 1283 3055 1364 3087; x_wconf 81' lang='lat' dir='ltr'><strong>quasi</strong></span> <span class='ocrx_word' id='word_1_894' title='bbox 1385 3055 1629 3086; x_wconf 74' lang='lat' dir='ltr'><strong>contemporanei.</strong></span> <span class='ocrx_word' id='word_1_895' title='bbox 2023 3059 2057 3085; x_wconf 89' lang='grc' dir='ltr'><strong>5ο</strong></span> 
     </span>
    </p>
   </div>
  </div>
 </body>
</html>
