2398 3470
192 219 266 244 Mn„
282 225 314 240 κ.
330 220 418 240 „sm
430 210 504 246 280
1190 207 1504 250 CHRONICON
2049 216 2100 253 [Α.
2120 217 2153 245 c.
2175 217 2267 254 ιιτη

246 560 266 574 c.
282 555 343 579 πόᾳ-ἰ

245 1359 266 1375 c.
280 1354 319 1376 264
327 1352 339 1372 b

248 2159 269 2175 c.
284 2155 342 2178 265a

431 332 632 375 “perantias
654 337 689 363 et
711 341 906 363 muscarum
931 336 965 363 et
988 329 1139 362 culicum
1163 329 1281 371 plures
1304 329 1479 362 molestias
1501 330 1660 370 sustinet,
1685 341 1751 364 nec
1775 332 1809 364 ei
1832 332 1914 366 licet
1943 333 2109 367 Uenetiss
2123 335 2264 367 intrare.

432 387 446 402 ⁴⁴
461 384 568 422 Quod
589 384 664 426 ipse
687 378 829 415 mult'um
854 382 1008 427 graviter
1030 382 1156 425 recipit
1180 387 1215 414 et
1237 382 1488 415 uindicandum
1511 384 1548 416 in
1576 390 1751 427 posterum
1782 385 1853 418 alta
1883 392 1997 419 mente
2028 388 2176 430 reponit.
2221 387 2266 420 Et

430 438 537 470 “ideo
560 447 730 474 ueremur,
753 447 797 469 ne
820 441 891 468 tam
914 436 1029 479 grauis
1052 436 1187 468 offensa
1210 436 1418 479 quandoque
1441 436 1601 470 uniuerso
1623 437 1754 479 populo
1777 438 1971 480 periculosa
1993 440 2102 482 possit
2116 450 2191 473 esse
2207 451 2265 483 pa-

428 491 442 506 “
456 490 542 523 riter
564 496 598 522 et
621 491 820 532 dampnosa.
868 487 988 526 Quare
1011 489 1055 522 de
1079 494 1196 521 nostra
1218 489 1397 522 uoluntate
1422 495 1482 528 est,
1506 496 1544 522 ut
1567 490 1596 521 si
1621 495 1734 523 uestre
1757 491 1887 524 residet
1915 492 2124 535 celsitudini,
2155 493 2266 536 impe-

432 542 560 575 “rator'
584 543 750 576 Uenetias
773 553 794 575 a
816 542 915 575 uobis
938 549 973 575 et
996 554 1016 575 a
1039 542 1168 585 populo
1190 542 1357 575 inuitatus
1387 543 1578 583 accedat„.
1627 542 1763 581 Quibus
1793 545 1864 577 dux
1892 544 2042 589 benigne
2072 546 2264 589 respondit:
2312 546 2330 579 5

429 597 549 629 “Bene
571 596 718 638 potestis
740 595 884 628 firmiter
907 596 1075 634 recolere,
1099 594 1242 635 domini,
1266 596 1360 639 quod
1384 597 1429 628 ad
1452 596 1656 639 petitionem
1679 607 1770 640 pape
1794 607 1858 639 per
1881 598 2063 631 duodecim
2078 600 2267 642 prudentes

429 650 549 682 “uiros
571 649 606 681 in
629 650 744 682 anima
767 649 917 682 omnium
942 655 1137 682 nostrorum
1159 649 1274 681 iurare
1297 650 1457 687 fecimus,
1481 651 1575 693 quod
1600 650 1729 693 absque
1760 651 1924 684 mandato
1955 652 2028 685 eius
2058 657 2093 685 et
2122 653 2267 686 licentia

428 702 696 745 “imperatorem
718 703 811 735 intra
831 703 917 734 fines
940 702 1090 735 Uenetie
1112 702 1308 735 nullatenus
1330 702 1488 745 recipere
1510 703 1725 736 deberemus.
1770 703 1959 737 Prouideat
1980 714 2064 749 ergo
2086 712 2200 739 uestra
2214 705 2268 739 di-

427 757 441 773 “
454 755 591 794 scretio,
614 755 642 788 si
667 761 789 788 contra
810 761 967 789 tenorem
990 756 1172 789 iuramenti
1196 755 1314 795 nostri,
1345 767 1437 798 papa
1465 756 1675 795 inconsulto,
1706 756 1953 799 imperatorem
1985 757 2172 792 debeamus
2196 759 2266 793 huc

423 809 437 825 “
453 809 624 842 advocare
639 833 668 849 „.
716 809 783 842 Cui
805 809 856 842 illi
878 809 1036 852 protinus
1058 809 1328 852 responderunt:
1358 810 1373 826 “
1385 809 1572 852 Postquam
1589 821 1633 842 ex
1647 810 1811 843 mandato
1827 821 1918 854 pape
1933 810 2080 854 Clojam,
2095 821 2163 855 que
2177 812 2267 846 intra
2295 814 2332 845 10

428 865 442 880 ‘⁴
456 863 540 895 fines
563 869 615 895 est
640 862 798 902 Uenetie,
821 863 1012 905 imperator
1033 862 1187 902 intrauit,
1210 862 1314 905 plane
1345 874 1366 894 a
1396 863 1506 896 nostri
1537 864 1721 896 iuramenti
1753 874 1868 897 sumus
1897 864 2046 897 uinculis
2075 864 2222 899 absoluti
2237 889 2265 907 ,-

423 916 580 960 Cumque
603 926 706 958 super
729 916 798 948 hoc
821 927 841 948 a
865 917 955 949 duce
979 921 1014 948 et
1037 916 1167 958 populo
1191 922 1281 948 esset
1304 915 1431 948 diutius
1463 916 1705 959 disceptatum,
1735 916 1888 950 tamdem
1920 918 1965 950 de
1990 919 2162 951 communi
2183 929 2266 952 con—

424 979 526 1002 sensu
549 969 689 1012 quidam
712 969 841 1002 Ueneti
864 975 942 1002 sunt
965 969 1011 1002 ad
1033 979 1159 1011 papam
1184 968 1320 1001 directi.
1369 967 1440 1007 Qui
1462 969 1653 1009 uenientes,
1674 970 1764 1003 sicut
1785 970 1852 1002 uiri
1875 971 2024 1013 improbi
2051 976 2087 1003 et
2117 971 2266 1014 superbi,

423 1022 652 1055 dormientem
676 1032 800 1065 papam
824 1022 980 1055 excitare
1004 1032 1073 1054 non
1097 1023 1295 1060 timuerunt,
1319 1028 1553 1064 proponentes
1577 1023 1610 1055 ei
1633 1034 1676 1055 ex
1700 1029 1800 1066 parte
1825 1024 1923 1056 ducis
1946 1029 1979 1056 et
2009 1024 2140 1067 populi,
2170 1025 2266 1068 quod

424 1074 469 1107 de
493 1085 611 1108 eorum
635 1082 709 1108 erat
731 1075 910 1108 uoluntate
935 1081 970 1108 et
992 1075 1227 1118 beneplacito,
1250 1075 1345 1118 quod
1369 1076 1538 1108 Uenetias
1561 1076 1752 1119 imperator
1781 1078 1935 1110 intraret.
1983 1075 2091 1115 Quod
2121 1077 2265 1111 uerbum
2293 1079 2331 1111 15

422 1129 607 1161 admodum
629 1139 721 1172 pape
746 1129 923 1171 displicuit
945 1135 980 1160 et
1002 1128 1146 1160 multum
1168 1139 1276 1172 graue
1300 1129 1433 1161 resedit
1456 1129 1580 1162 dicens
1602 1130 1666 1162 eis:
1697 1129 1798 1163 “Uos
1820 1130 1919 1163 nobis
1942 1140 1986 1163 ex
2007 1131 2202 1164 iuramento
2215 1137 2268 1165 te-

427 1182 441 1198 “
457 1182 600 1221 nemini,
623 1176 660 1214 ut
683 1182 871 1224 imperator
893 1181 1061 1214 Uenetias
1084 1191 1155 1214 non
1179 1181 1305 1214 debeat
1329 1182 1401 1214 sine
1425 1188 1542 1215 nostra
1565 1182 1710 1215 licentia
1733 1189 1768 1216 et
1790 1184 1956 1216 mandato
1981 1183 2112 1216 uenire.
2157 1183 2270 1217 Uolu-

427 1235 441 1251 “
456 1246 532 1267 mus
554 1244 651 1279 ergo,
675 1241 712 1267 ut
734 1235 930 1268 cardinales
952 1241 1098 1274 nostros,
1122 1235 1180 1277 qui
1204 1235 1251 1267 ad
1274 1235 1519 1277 imperatorem
1540 1236 1687 1276 iuerunt,
1719 1247 1798 1268 cum
1830 1237 1902 1270 eius
1932 1237 2062 1269 nuntiis
2091 1248 2202 1281 usque
2231 1237 2268 1270 in

425 1292 439 1306 “
453 1289 546 1321 diem
570 1285 757 1321 crastinum
782 1289 982 1331 expectetis.
1029 1288 1074 1321 Et
1097 1288 1148 1321 eis
1170 1288 1400 1328 uenientibus,
1425 1289 1509 1332 quid
1533 1289 1632 1322 nobis
1648 1290 1850 1323 faciendum
1866 1291 1921 1329 sit,
1938 1290 2040 1324 uobis
2055 1290 2266 1334 respondere

428 1344 442 1359 ‘⁴
457 1342 653 1375 curabimus
666 1365 696 1382 „.
744 1341 850 1380 Quod
873 1341 1019 1374 uerbum
1042 1341 1127 1374 licet
1150 1341 1297 1374 Uenetis
1329 1342 1573 1384 displicuisset,
1603 1343 1802 1385 plurimum'
1834 1349 1949 1376 tamen
1980 1344 2144 1387 precibus
2173 1355 2266 1387 pape
2289 1347 2332 1378 20

423 1395 565 1434 deuicti,
588 1395 749 1438 petitioni
773 1395 858 1434 eius,
881 1395 1039 1438 quamuis
1061 1395 1171 1434 inuiti,
1195 1395 1383 1437 prebentes
1405 1405 1593 1435 assensum,
1617 1396 1662 1428 ad
1684 1397 1829 1439 propria
1851 1398 2039 1430 redierunt.

510 1450 650 1482 Interea
671 1459 735 1491 per
757 1454 864 1481 totam
887 1448 1065 1491 regionem
1089 1458 1207 1480 rumor
1229 1448 1391 1489 insonuit,
1415 1449 1510 1491 quod
1533 1449 1663 1482 Ueneti
1687 1455 1809 1482 contra
1829 1451 2043 1484 uoluntatem
2074 1462 2164 1494 pape
2194 1452 2268 1484 uel-

420 1503 492 1535 lent
514 1503 760 1545 imperatorem
782 1501 951 1534 Uenetias
973 1502 1212 1535 intromittere.
1260 1500 1340 1540 Quo
1364 1502 1484 1534 audito
1507 1502 1708 1542 Lombardi,
1732 1504 1790 1546 qui
1814 1514 1892 1536 cum
1916 1514 2007 1546 papa
2023 1515 2087 1547 pro
2103 1504 2269 1538 facienda

421 1565 508 1598 pace
532 1555 700 1588 Uenetias
722 1561 900 1593 uenerant,
923 1561 1117 1588 metuentes
1140 1555 1290 1588 subitum
1314 1555 1532 1598 imperatoris
1556 1556 1754 1596 aduentum,
1778 1563 1813 1589 et
1835 1558 1938 1589 fidem
1960 1557 2135 1591 Uenetum
2158 1564 2194 1591 et
2214 1558 2270 1591 in-

421 1609 653 1642 constantiam
676 1614 868 1651 suspectam
891 1608 1071 1647 habentes,
1094 1609 1264 1641 intrantes
1286 1619 1404 1646 naues,
1427 1609 1473 1641 ad
1495 1615 1614 1651 partes
1635 1610 1795 1643 Treuisie
1817 1620 1853 1643 se
1867 1611 2127 1644 transtulerunt.
2172 1610 2270 1655 Papa
2291 1613 2332 1644 25

420 1669 534 1696 autem
558 1673 636 1695 cum
660 1662 780 1705 paucis
804 1661 1049 1701 cardinalibus,
1073 1662 1133 1705 qui
1157 1672 1272 1694 secum
1296 1668 1544 1701 remanserant,
1568 1663 1665 1705 cepit
1680 1664 1875 1696 contristari
1890 1669 1925 1696 et
1940 1670 2067 1697 mestus
2082 1674 2168 1698 esse.
2191 1664 2269 1698 Me-

420 1716 540 1750 tuebat
561 1715 666 1756 enim,
687 1726 732 1748 ne
755 1716 783 1748 si
805 1716 998 1757 imperator
1020 1720 1143 1748 contra
1165 1716 1381 1748 uoluntatem
1405 1726 1513 1755 suam,
1537 1716 1730 1749 iuramento
1754 1727 1823 1749 non
1846 1717 2004 1759 prestito,
2027 1717 2194 1752 Uenetiae
2216 1719 2268 1752 in-

421 1770 552 1809 troiret,
575 1780 737 1814 magnum
760 1778 803 1802 ex
824 1770 893 1801 hoc
918 1769 1104 1811 dampnum
1129 1774 1164 1801 et
1185 1769 1379 1811 periculum
1401 1775 1521 1812 posset
1550 1770 1618 1802 Dei
1648 1771 1798 1803 ecclesie
1829 1771 2025 1813 prouenire.
2071 1770 2266 1805 Audientes

423 1828 537 1856 autem
560 1823 627 1855 hoc
651 1822 761 1855 nuntii
784 1822 876 1866 regis
899 1821 1031 1862 Sicilie,
1053 1822 1234 1855 uenientes
1257 1823 1303 1854 ad
1325 1833 1451 1865 papam
1469 1829 1638 1866 ceperunt
1654 1834 1733 1856 eum
1747 1824 1896 1856 uiriliter
1910 1823 2075 1864 animare,
2091 1824 2266 1858 dicentes:

428 1876 615 1915 “Domine,
638 1886 710 1908 non
733 1881 875 1918 oportet
897 1885 960 1908 uos
983 1875 1140 1908 dubitare
1163 1876 1200 1908 in
1224 1876 1340 1919 aliquo
1363 1877 1420 1908 uel
1444 1882 1610 1914 metuere,
1634 1887 1720 1910 eece
1737 1877 1827 1910 enim
1841 1883 1989 1920 quatuor
2003 1878 2122 1922 galeas
2136 1878 2266 1911 domini
2291 1880 2334 1915 3ss

429 1932 443 1947 ‘⁴
456 1930 550 1974 regis
573 1929 692 1963 Sicilie
715 1930 762 1962 ad
784 1934 935 1961 uestrum
959 1929 1161 1972 obsequium
1183 1936 1387 1972 preparatas
1409 1930 1585 1969 habemus,
1609 1941 1695 1973 quas
1718 1941 1795 1964 cum
1821 1931 1919 1964 uobis
1942 1931 2069 1964 intrare
2085 1931 2268 1974 placuerit,

427 1986 579 2016 “secure
602 1993 665 2016 uos
688 1983 732 2016 de
755 1983 824 2015 hoc
849 1982 927 2015 loco
951 1988 987 2015 et
1009 1982 1140 2026 absque
1163 1983 1332 2025 periculo,
1356 1983 1474 2017 inuitis
1497 1984 1602 2016 etiam
1625 1984 1771 2017 Uenetis
1787 1990 1822 2017 et
1838 1984 2169 2026 contradicentibus,
2183 1985 2269 2019 edu-

427 2037 441 2054 “
456 2047 574 2070 cemus
588 2060 617 2076 „.
665 2034 802 2074 Quibus
823 2035 942 2068 uerbis
964 2046 1056 2078 papa
1078 2036 1262 2078 plurimum
1285 2037 1455 2069 animatus
1477 2037 1670 2080 respondit,
1693 2038 1786 2080 quod
1810 2036 1855 2070 de
1877 2048 1940 2070 suo
1972 2043 2047 2071 erat
2076 2039 2267 2082 proposito,

423 2096 461 2123 ut
484 2088 692 2129 cardinales,
715 2090 775 2132 qui
798 2089 844 2122 ad
865 2089 1109 2130 imperatorem
1134 2089 1278 2127 iuerant,
1301 2100 1410 2133 usque
1431 2091 1469 2122 in
1500 2091 1593 2123 diem
1624 2090 1812 2123 crastinum
1843 2097 2055 2134 expectaret,
2086 2101 2131 2124 ne
2160 2092 2189 2124 si
2216 2092 2269 2126 eis

423 2142 631 2175 inconsultis
653 2142 848 2181 recederet,
871 2147 990 2184 posset
1013 2142 1137 2174 merito
1162 2143 1313 2176 leuitatis
1337 2143 1449 2187 'argui
1471 2149 1506 2176 et
1529 2144 1574 2176 de
1598 2144 1725 2176 uiolata
1748 2144 1969 2177 fraternitate
1994 2144 2139 2187 culpari.
2187 2143 2269 2183 Quo
2291 2146 2332 2177 35

425 2195 556 2235 audito,
586 2195 678 2238 regis
708 2195 821 2227 nuntii
844 2196 891 2228 ad
913 2195 1078 2237 palatium
1110 2195 1219 2235 ducis,
1241 2195 1301 2228 ubi
1325 2207 1403 2229 cum
1427 2196 1544 2230 multis
1566 2196 1712 2230 Uenetis
1743 2198 1812 2230 dux
1843 2197 1887 2229 de
1917 2207 2012 2230 more
2045 2207 2266 2236 conuenerat,

423 2249 644 2286 accedentes,
668 2257 728 2280 eos
749 2247 867 2280 taliter
889 2253 967 2280 sunt
991 2247 1150 2281 allocuti:
1182 2248 1242 2281 “A
1272 2255 1387 2282 uestra
1418 2250 1583 2282 memoria
1613 2250 1789 2283 excidisse
1820 2261 1890 2283 non
1922 2249 2108 2288 credimus,
2137 2256 2266 2294 quanta

429 2301 621 2334 “beneficia
644 2301 803 2334 dominus
824 2311 886 2333 rex
910 2301 990 2333 huic
1015 2301 1148 2334 ciuitati
1172 2302 1367 2340 contulerit,
1391 2308 1426 2336 et
1449 2302 1544 2346 quod
1566 2303 1670 2336 hodie
1694 2304 1861 2346 princeps
1883 2303 2009 2346 aliquis
2024 2303 2087 2336 sub
2104 2303 2181 2336 celo
2196 2313 2267 2337 non

429 2358 443 2374 “
456 2355 554 2395 uiuit,
577 2355 674 2388 cuius
698 2354 850 2387 amicitia
873 2359 1005 2387 tantum
1029 2354 1071 2387 sit
1094 2355 1194 2388 uobis
1215 2355 1355 2394 idonea,
1379 2356 1477 2389 cuius
1500 2357 1611 2400 gratia
1634 2357 1722 2389 adeo
1746 2357 1789 2389 sit
1818 2357 1941 2389 uestris
1970 2356 2175 2390 utilitatibus
2204 2367 2267 2401 op-

428 2409 615 2451 “portuna.
663 2409 708 2440 Et
730 2418 791 2441 vos
814 2408 845 2440 ei
867 2404 911 2440 ex
934 2408 1128 2441 iuramento
1152 2409 1330 2449 tenemini,
1354 2411 1405 2442 sui
1429 2410 1528 2454 regni
1552 2409 1698 2454 gloriam
1723 2416 1757 2442 et
1779 2411 1945 2443 honorem
1969 2410 2114 2453 diligere
2138 2415 2173 2443 et
2202 2421 2266 2453 pro
2290 2413 2332 2444 40

430 2463 530 2496 “eius
552 2462 736 2495 commodo
761 2461 946 2504 plurimum
967 2461 1138 2495 laborare.
1184 2462 1270 2495 Inde
1295 2469 1356 2502 est,
1381 2464 1475 2506 quod
1498 2474 1562 2496 nos
1586 2464 1652 2496 hac
1677 2463 1956 2496 consideratione
1984 2464 2126 2502 inducti,
2155 2470 2191 2497 et
2221 2465 2266 2497 de

429 2515 555 2549 “uobis
579 2521 754 2559 tamquam
778 2515 823 2548 de
847 2515 968 2548 amicis
992 2515 1123 2548 domini
1145 2516 1235 2559 regis
1259 2522 1293 2548 et
1316 2516 1477 2550 fidelibus
1500 2518 1642 2550 multam
1673 2528 1769 2560 spem
1801 2523 1836 2550 et
1866 2517 2028 2550 fiduciam
2058 2517 2266 2556 obtinentes,

429 2572 443 2587 ‘⁴
456 2580 581 2612 papam
604 2574 640 2601 et
661 2568 878 2601 Lombardos
901 2568 1028 2601 inuitos
1050 2569 1179 2611 pariter
1201 2575 1236 2601 et
1258 2569 1445 2602 renitentes
1469 2570 1652 2603 Uenetiam
1676 2570 1798 2603 uenire
1823 2571 2050 2614 coegerimus,
2074 2571 2267 2604 iuramento

430 2623 573 2656 “tamen
595 2622 690 2664 prius
714 2633 734 2653 a
757 2621 856 2654 uobis
878 2621 1034 2664 prestito,
1059 2622 1154 2664 quod
1177 2622 1250 2655 sine
1276 2632 1365 2665 pape
1390 2623 1528 2656 licentia
1554 2634 1623 2655 non
1640 2623 1815 2656 deberetis
1830 2624 2072 2666 imperatorem
2087 2624 2179 2656 intra
2194 2623 2266 2657 Ue-

517 2786 537 2803 1.
558 2779 695 2804 Venecias
714 2779 738 2803 A
757 2792 789 2797 -
808 2783 832 2810 5.
853 2779 989 2803 Venecias
1008 2777 1032 2802 A
1051 2792 1082 2796 —
1103 2777 1126 2802 8.
1149 2778 1268 2803 Venecie
1287 2779 1311 2803 A
1332 2793 1363 2797 —
1386 2786 1424 2804 ιο.
1445 2778 1557 2805 Cloiam
1578 2780 1616 2809 Α;
1633 2779 1750 2805 Clozam
1772 2781 1797 2804 B
1814 2788 1828 2803 e
1846 2780 1922 2804 Sasso
1941 2793 1974 2798 --
1997 2787 2036 2803 11.
2051 2779 2170 2804 Venecie
2189 2778 2213 2803 A
2230 2792 2263 2797 —

426 2829 464 2846 η.
485 2822 600 2846 comuni
618 2821 642 2844 A
663 2835 695 2839 —
718 2828 755 2852 14.
778 2821 965 2846 Car-cellutam
979 2823 1030 2852 per
1047 2821 1183 2844 abrastone
1201 2821 1231 2844 di
1247 2821 1318 2845 εἰη-α
1336 2822 1388 2845 due
1405 2823 1509 2847 centim.
1529 2824 1553 2848 Α
1573 2836 1605 2841 -
1628 2828 1667 2854 ις.
1693 2823 1830 2848 Venecias
1848 2823 1873 2847 A
1900 2835 1933 2840 —
1961 2828 2001 2853 17.
2026 2822 2164 2846 venecias
2182 2822 2207 2846 A
2233 2835 2264 2839 -

425 2864 465 2888 18.
482 2865 596 2888 nunciis
611 2864 643 2894 B,
662 2863 690 2892 C,
712 2864 788 2888 Sasso
806 2871 819 2887 e
837 2863 927 2888 Arndt
944 2877 976 2882 -
997 2869 1038 2895 23.
1059 2863 1195 2887 Venecias
1213 2862 1238 2887 A
1257 2877 1288 2881 --
1310 2870 1352 2895 ²4·
1371 2863 1510 2890 Venecias
1529 2865 1552 2889 Α
1573 2879 1605 2883 -
1626 2870 1667 2896 25.
1688 2864 1820 2890 Tarvisie
1839 2866 1872 2894 Β,
1892 2864 1968 2889 Sasso
1982 2877 2013 2882 ——
2029 2870 2070 2896 27.
2089 2863 2228 2888 Veneciss
2240 2863 2264 2888 Α

425 2919 458 2924 -
471 2913 513 2938 29.
528 2906 626 2930 nuncii
640 2905 674 2936 B,
691 2905 719 2935 C,
739 2905 815 2930 Sasso
833 2913 847 2929 e
865 2906 955 2930 Arndt
974 2918 1006 2923 —
1026 2912 1068 2937 30·
1087 2905 1197 2929 Domne
1220 2905 1247 2936 C,
1268 2905 1359 2929 Arndt
1377 2919 1387 2924 -
1406 2907 1503 2931 domni
1527 2906 1555 2938 C,
1574 2907 1665 2932 Arndt
1683 2921 1715 2926 —
1736 2906 1778 2939 36.
1797 2908 1894 2932 nuncii
1915 2907 1948 2938 B,
1966 2906 1994 2936 C,
2007 2906 2085 2931 Saeso
2101 2905 2217 2930 eArnde
2230 2919 2262 2923 —-

382 2953 395 2978 5
424 2947 467 2979 38.
481 2948 579 2972 domni
596 2947 641 2972 ce
660 2948 752 2972 Arndt
770 2961 802 2965 —
823 2955 913 2980 39-40.
934 2949 1076 2980 oportuna
1093 2947 1117 2971 Α
1140 2961 1171 2965 --
1192 2953 1234 2978 4²·
1254 2947 1350 2971 domni
1375 2948 1398 2971 C
1413 2957 1426 2972 e
1444 2948 1535 2973 Arndt
1554 2963 1562 2967 -
1583 2950 1744 2981 optlnentes
1763 2949 1787 2973 A
1807 2963 1835 2966 —-
1858 2956 1899 2981 43.
1919 2949 2042 2973 venecia
2054 2947 2094 2977 A;
2113 2947 2263 2972 Venecism

429 2989 451 3013 C
466 2998 479 3012 e
491 2990 578 3014 Arndt
596 3003 608 3008 -
627 2991 769 3022 coegimus
788 2990 811 3013 Α
830 3004 861 3007 --
882 2991 948 3023 44-1.
972 2997 980 3013 1
1004 2997 1030 3021 p.
1049 2997 1104 3021 seg.
1125 2989 1245 3013 Venecle
1263 2990 1287 3013 A

2387 3341 2398 3422 1.m„
2387 3207 2398 3337 :saza-252*
2387 3138 2398 3202 Qu».
2385 2904 2398 3134 ,ωωᾳιμᾈᾳᾈέᾷᾲίμ
2387 2890 2398 2899 ,ς
2387 2821 2398 2885 43-
2394 2507 2398 2813 -m-ffl—-tss
2395 2464 2398 2502 -.-
2385 2418 2398 2455 ζμ,

2389 3424 2398 3470 κὰκ.
