2398 3470
140 283 245 307 Mum.
265 287 350 307 13⁰·131
385 270 455 307 132
1150 262 1467 299 CHRONICON
2037 266 2089 301 [Α.
2108 266 2142 294 c.
2162 267 2237 301 ⁶⁵⁸]

204 420 223 433 c.
240 413 300 434 loob

203 1269 223 1284 c.
240 1263 299 1283 1602·

209 2070 229 2084 C.
245 2067 306 2084 16111

328 2673 362 2691 10

333 2877 361 2904 15

382 336 2235 352 ..........................................................................................................................................................................................................

380 408 457 444 post
480 406 623 432 mortem
646 399 757 441 patris
780 398 934 430 habenas
957 396 1097 439 imperii
1121 394 1262 437 accepit
1276 396 1297 426 ¹.
1345 394 1455 426 Huius
1479 392 1630 436 quidem'
1661 395 1675 411 ‘⁴
1689 403 1780 426 anno
1805 393 1911 427 XVII
1939 393 2125 427 Sarraceni
2149 392 2237 426 Sici-

380 455 487 486 “liam
511 453 680 486 inuadunt
705 457 740 484 et
764 451 875 493 preda
898 450 1006 482 nimia
1028 459 1145 482 secum
1182 448 1298 480 ablata
1332 457 1413 479 mox
1436 446 1686 479 Alexandriam
1714 447 1891 486 redeunt„
1908 445 1931 480 ¹.
1979 447 2115 479 Eodem
2147 456 2238 479 anno

384 510 398 526 ‘⁴
412 507 550 550 Agatho
574 516 666 548 papa
688 515 732 536 ex
755 510 880 547 rogatu
903 502 1124 545 imperatoris
1147 501 1253 543 ipsius
1288 499 1379 532 misit
1409 500 1547 543 legatos
1578 510 1657 532 suos
1680 500 2028 543 Constantinopolim,
2055 501 2092 532 in
2115 499 2240 543 quibus

379 564 393 578 ‘⁴
407 566 480 592 erat
502 560 672 591 Iohannes
695 568 838 589 romane
861 556 1010 589 ecclesie
1034 562 1117 587 tunc
1141 554 1311 586 diaconus
1322 552 1345 591 ⁸,
1370 563 1441 585 non
1467 553 1570 596 longe
1598 559 1678 595 post
1702 554 1898 596 episcopus,
1929 563 1995 596 pro
2027 553 2239 586 adunatione

380 616 393 631 ⁴*
408 613 572 645 facienda
594 617 791 643 sanctarum
815 610 881 642 Dei
907 609 1143 641 ecclesiarum.
1192 606 1263 644 Qui
1287 606 1535 650 benignissime
1559 607 1713 649 suscepti
1745 617 1765 638 a
1789 606 2018 640 Constantino
2050 606 2237 645 catholico,
2283 606 2301 638 5

381 669 395 684 ⁴⁴
409 666 489 698 iusti
513 671 591 698 sunt
615 664 764 697 remissis
789 662 1080 706 disputationibus
1103 660 1367 703 philosophicis,
1383 659 1534 702 pacifico
1558 661 1735 704 colloquio
1759 660 1803 693 de
1828 660 1897 693 fide
1919 670 2005 693 uera
2026 661 2242 703 perquirere,

380 722 393 737 “
412 720 502 753 datis
526 719 575 751 eis
598 719 642 752 de
666 717 882 751 bibliotheca
905 714 1290 756 Constantinopolitana
1314 713 1450 746 cunctis
1474 714 1694 757 antiquorum
1718 714 1860 746 Patrum
1889 725 1976 758 quos
2002 713 2168 757 petebant
2200 713 2262 754 lif

383 773 522 805 “bellis
570 770 728 803 Adfuere
753 776 868 802 autem
892 769 1049 812 episcopi
1075 767 1146 805 CL,
1170 773 1332 809 presente
1357 767 1512 810 Georgio
1542 767 1744 809 patriarcha
1774 767 1870 812 regie
1892 767 1998 806 urbis,
2029 777 2095 800 nec
2111 777 2182 799 non
2205 773 2241 799 et

382 825 598 858 “Antiochie
622 824 815 856 Machario.
863 823 909 854 Hi
933 828 1047 853 autem
1083 831 1187 852 unam
1220 820 1435 852 uoluntatem
1468 826 1502 852 et
1533 821 1772 862 operationem
1805 820 2008 853 astruebant
2031 820 2065 852 in
2091 819 2241 859 Christo,

383 879 576 911 “falsantes
599 878 738 910 Patrum
764 876 1018 909 catholicorum
1043 874 1136 906 dicta
1160 873 1384 916 perplurima.
1430 873 1546 906 Finito
1569 879 1686 906 autem
1716 874 1884 907 conflictu
1915 874 2088 918 Georgius
2119 874 2239 907 conui-
2270 875 2307 906 10

383 936 397 951 ‘⁴
412 939 488 965 ctus
519 938 581 964 est.
627 930 827 963 Macharius
861 939 946 961 uero
978 939 1056 960 cum
1086 927 1156 959 suis
1184 926 1392 970 sequacibus
1423 927 1524 959 simul
1555 933 1590 960 et
1623 927 1935 970 predecessoribus
1965 928 2071 971 Cyro,
2105 927 2242 972 Sergio,

386 990 400 1004 ⁴⁶
414 986 580 1023 Honorio,
605 984 723 1023 Petro,
747 983 855 1015 Paulo
878 988 912 1014 et
935 981 1072 1025 Pyrrho
1097 979 1408 1020 anathematizatis,
1434 986 1468 1013 et
1491 981 1527 1013 in
1551 981 1666 1013 locum
1691 981 1764 1014 eius
1791 981 2045 1023 Theophanius
2067 980 2177 1014 abbas
2198 981 2243 1014 de

384 1040 398 1056 “
412 1037 532 1070 Sicilia
555 1035 744 1068 Antiochie
769 1035 954 1076 episcopus
978 1033 1106 1070 factus3
1131 1037 1297 1075 tantaque
1320 1031 1432 1076 gloria
1456 1031 1589 1075 legatos
1617 1032 1791 1064 catholice
1815 1032 1913 1075 pacis
1945 1033 2110 1065 comitata
2133 1038 2186 1065 est
2206 1038 2246 1065 ut

379 1091 578 1123 “Iohannes
602 1088 800 1121 Portuensis
825 1087 1024 1130 episcopus,
1047 1085 1107 1128 qui
1131 1091 1206 1117 erat
1227 1094 1317 1118 unus
1341 1096 1385 1118 ex
1401 1085 1494 1127 ipsis,
1515 1085 1691 1118 dominica
1715 1093 1841 1119 octaua
1864 1085 1996 1129 pasche
2019 1086 2158 1118 missam
2180 1095 2245 1129 pu-

381 1144 534 1177 “blicam
558 1143 591 1174 in
620 1141 773 1175 ecclesia
795 1146 915 1173 sancte
947 1140 1078 1182 Sophie
1116 1149 1234 1172 coram
1257 1138 1417 1181 principe
1449 1144 1483 1171 et
1513 1137 1721 1172 Patriarcha
1752 1139 1883 1181 [latine]
1914 1139 2120 1172 celebraret.
2166 1139 2244 1172 Hec
2271 1138 2309 1171 15

379 1200 393 1215 ‘⁴
407 1203 459 1230 est
481 1202 579 1229 sexta
603 1195 766 1239 Synodus
788 1194 992 1226 uniuersalis
1016 1192 1319 1234 Constantinopoli
1344 1192 1521 1225 celebrata
1543 1198 1579 1225 et
1605 1202 1713 1237 greco
1738 1203 1898 1225 sermone
1922 1193 2136 1236 conscripta,
2157 1199 2245 1226 tem-

380 1251 394 1268 “
408 1251 550 1293 poribus
572 1259 662 1292 pape
686 1247 899 1292 Aga'thonis‚
925 1251 1122 1289 exequente
1146 1255 1188 1277 ac
1212 1245 1388 1278 residente
1405 1245 1564 1288 principe
1581 1245 1811 1278 Constantino
1835 1246 1925 1278 intra
1945 1246 2111 1289 palatium
2134 1257 2245 1287 suum,

383 1304 578 1347 “simulque
602 1303 726 1346 legatis
750 1301 942 1344 apostolice
966 1300 1058 1332 sedis
1082 1305 1116 1331 et
1140 1299 1314 1342 episcopis
1337 1299 1398 1332 CL
1421 1298 1661 1332 residentibus.
1708 1299 1826 1332 Prima
1851 1300 1942 1332 enim
1957 1299 2164 1332 uniuersalis
2179 1299 2247 1344 Sy-

385 1359 523 1391 “nodus
546 1357 581 1389 in
607 1357 722 1389 Nicea
746 1360 959 1399 congregata
982 1359 1033 1386 est
1056 1358 1180 1385 contra
1208 1351 1352 1385 Arrium
1387 1352 1602 1386 CCCXVIII
1624 1359 1775 1396 patrum,
1806 1353 2020 1396 temporibus
2043 1353 2123 1386 Iulii
2153 1363 2245 1397 pape

381 1411 473 1444 “sub
497 1410 725 1444 Constantino
749 1408 918 1452 principe.
966 1406 1131 1439 Secunda
1164 1407 1200 1439 in
1233 1406 1540 1449 Constantinopoli
1572 1406 1633 1439 CL
1656 1412 1794 1450 patrum
1820 1412 1944 1439 contra
1975 1406 2239 1445 Macedonium,
2264 1407 2307 1440 20
2362 1439 2363 1442 ,
2396 1399 2398 1408 ²

381 1467 395 1483 “
408 1471 443 1497 et
466 1464 672 1502 Eudoxium,
696 1461 911 1504 temporibus
932 1460 1074 1493 Damasi
1092 1469 1183 1502 pape
1201 1465 1235 1492 et
1253 1460 1410 1503 Gratiani
1427 1460 1599 1503 principis
1619 1460 1758 1503 quando
1775 1460 1962 1493 Nectarius
1981 1460 2137 1493 eiusdem
2152 1459 2248 1493 urbis

383 1518 462 1549 “est
497 1516 675 1548 ordinatus
702 1514 898 1556 episcopus.
945 1512 1069 1544 Tertia
1098 1512 1135 1543 in
1165 1511 1307 1553 Epheso
1337 1510 1398 1544 CC
1427 1517 1565 1553 patrum
1595 1517 1718 1544 contra
1741 1512 1941 1544 Nestorium
1966 1510 2124 1555 Auguste
2150 1510 2247 1544 urbis

383 1571 398 1587 ‘⁴
410 1569 611 1612 episcopum
627 1567 690 1600 sub
711 1569 726 1585 ‘⁴
739 1566 940 1599 Theodosio
953 1575 1082 1608 magno
1094 1565 1253 1607 principe
1265 1570 1300 1596 et
1311 1575 1405 1607 papa
1420 1565 1608 1598 Celestino.
1636 1564 1772 1603 Quarta
1783 1565 1819 1597 in
1836 1565 2064 1598 Chalcedone
2076 1564 2247 1598 DCXXX

386 1626 551 1666 “patrum
574 1621 637 1654 sub
660 1621 780 1653 Leone
803 1630 906 1662 papa,
920 1618 1135 1661 temporibus
1157 1617 1333 1650 Marciani
1357 1618 1537 1661 principis,
1561 1619 1696 1661 [contra
1711 1618 1896 1663 Eutychen
1921 1617 2246 1651 nefandissimorum

388 1676 589 1719 “presulem
612 1675 871 1707 monachorum.
918 1673 1051 1709 Quinta
1074 1672 1168 1713 item]
1194 1677 1317 1704 contra
1340 1672 1569 1704 Theodorum
1594 1678 1628 1705 et
1653 1682 1772 1705 omnes
1794 1672 2015 1713 hereticos„
2039 1671 2098 1715 qui
2121 1672 2246 1705 beatis-
2271 1671 2314 1704 25
2368 1668 2369 1673 ’

381 1732 501 1763 simam
523 1729 672 1762 Mariam
696 1728 806 1761 solum
827 1726 1004 1759 hominem
1022 1736 1092 1758 non
1107 1725 1219 1757 Deum
1237 1731 1271 1757 et
1290 1725 1467 1758 hominem
1491 1726 1653 1769 genuisse
1677 1726 1902 1759 affirmabant.
1948 1725 1989 1759 In
2013 1736 2083 1769 qua
2102 1725 2247 1770 Synodo

383 1783 557 1816 catholice
588 1788 640 1814 est
677 1781 899 1814 constitutum
936 1786 975 1812 ut
1006 1779 1112 1811 beata
1141 1779 1254 1811 Maria
1289 1789 1426 1821 semper
1456 1779 1555 1823 virgo
1590 1780 1793 1813 Theotocos
1824 1780 2014 1818 diceretur,
2049 1779 2131 1823 quia
2163 1790 2247 1812 uere

380 1838 491 1869 Deum
515 1841 550 1868 et
574 1835 746 1867 hominem
770 1834 899 1878 genuit.
947 1833 1056 1866 Sexta
1078 1833 1145 1864 hec
1171 1833 1214 1865 de
1239 1843 1309 1875 qua
1332 1832 1367 1864 in
1390 1833 1545 1875 presenti
1568 1833 1727 1866 diximus.
1776 1832 1857 1871 Quo
1880 1838 2038 1876 tempore
2062 1839 2183 1866 sancta
2212 1838 2248 1866 et

380 1896 550 1934 perpetua
571 1889 670 1933 uirgo
695 1888 825 1922 Christi
850 1886 1006 1925 Ethrida‚
1029 1888 1043 1904 “
1058 1886 1128 1918 filia
1143 1885 1247 1918 Anne
1271 1886 1364 1930 regis
1379 1885 1574 1930 Anglorum
1591 1887 1703 1929 primo
1726 1886 1896 1920 chrido⁴¹
1911 1887 1986 1930 regi
2004 1886 2132 1920 coniux
2155 1885 2248 1927 data,

387 1945 401 1961 “
417 1950 596 1987 postquam
621 1952 674 1974 ΧΠ
699 1951 806 1974 annos
829 1941 967 1974 thorum
990 1941 1196 1982 incorrupta
1218 1940 1372 1972 seruauit
1394 1941 1602 1979 maritalem,
1625 1947 1706 1983 post
1728 1941 1896 1985 reginam,
1918 1946 2055 1983 sumpto
2073 1939 2249 1973 uelamine
2271 1940 2316 1972 30

387 1999 401 2015 “
414 2007 524 2033 sacro,
549 1997 649 2040 uirgo
665 1994 941 2028 sanctimonialis
956 1994 1118 2027 efficitur:
1136 2003 1203 2026 nec
1219 2004 1318 2026 mora
1333 1994 1438 2026 etiam
1453 1994 1628 2038 uirginum
1645 2001 1757 2028 mater
1772 2001 1806 2028 et
1822 1995 1940 2028 nutrix
1957 1994 2017 2037 pia
2036 1999 2249 2034 sanctorum,

387 2053 401 2069 ‘⁴
415 2056 563 2093 accepto
588 2051 633 2082 ad
655 2049 895 2082 instruendum
912 2047 1157 2080 monasterium
1181 2048 1259 2080 loco
1284 2057 1387 2090 quem
1411 2048 1523 2092 Elege
1550 2047 1697 2081 uo'cant.
1744 2049 1854 2082 Cuius
1877 2048 2002 2081 merita
2029 2048 2168 2081 uiuacia
2197 2052 2248 2080 te-

388 2106 403 2122 “
416 2110 526 2137 statur
548 2103 650 2136 etiam
672 2108 808 2135 mortua
832 2112 925 2141 caro,
951 2111 1019 2144 que
1047 2106 1126 2144 post
1157 2111 1237 2133 xvn
1268 2112 1379 2134 annos
1409 2102 1447 2134 in
1477 2102 1654 2144 sepultura
1684 2112 1763 2134 cum
1792 2107 1890 2134 ueste
1915 2112 1984 2145 qua
2007 2100 2163 2134 inuoluta
2185 2105 2249 2141 est,

388 2156 402 2172 ¹⁴
418 2156 619 2198 incorrupta
641 2154 814 2196 reperitur
826 2176 857 2193 „-

477 2267 497 2284 r.
517 2260 641 2284 habenas
661 2260 769 2291 accepit
790 2259 904 2290 imperii
926 2257 950 2282 C
964 2271 974 2276 -
993 2257 1103 2282 decimo
1123 2258 1246 2290 septimo
1259 2257 1286 2281 B
1303 2265 1317 2281 e
1336 2257 1415 2283 Sasso
1429 2271 1462 2276 —
1482 2265 1506 2282 2.
1521 2259 1672 2284 reddeiunt
1684 2259 1748 2285 0-
1762 2266 1788 2292 3.
1802 2260 1857 2291 ipsi
1875 2258 1942 2283 6¹—
1962 2257 1986 2283 6.
2001 2258 2251 2291 disputacionlbus

386 2302 564 2335 philosoflcis
587 2302 610 2325 C
627 2316 658 2319 —
679 2301 703 2326 8.
724 2301 861 2326 affuerunt
885 2300 908 2324 C
925 2313 933 2318 -
954 2302 1067 2324 centum
1088 2300 1297 2332 quinquaginta
1321 2299 1344 2323 C
1362 2314 1394 2319 —
1417 2307 1457 2325 12.
1477 2301 1561 2326 Petro
1580 2302 1670 2326 Paulo
1689 2303 1717 2326 et
1737 2302 1821 2326 Petro
1839 2301 1862 2326 C
1879 2316 1912 2320 —
1934 2308 1974 2335 13.
1994 2301 2089 2326 Partis
2106 2300 2251 2328 comitato

387 2347 430 2370 est
449 2346 474 2369 B
492 2353 505 2368 e
524 2345 617 2375 Sassw,
635 2344 659 2368 A
672 2343 696 2368 C
711 2343 843 2374 conformi
859 2343 949 2371 Bam,
968 2345 1007 2374 op.
1021 2344 1067 2368 cit.
1081 2356 1114 2360 -
1137 2349 1177 2375 19.
1190 2344 1292 2367 contra
1311 2342 1429 2367 Arrium
1448 2351 1542 2368 manca
1560 2345 1591 2368 in
1605 2345 1632 2369 B
1650 2358 1682 2363 ·—
1697 2351 1740 2369 20.
1755 2346 1877 2377 augusto
1891 2352 1944 2369 non
1963 2345 2095 2377 principe
2108 2344 2136 2368 B
2146 2351 2160 2368 e
2171 2342 2250 2368 Sam

391 2401 422 2405 —
444 2394 484 2411 21.
508 2387 652 2411 Dammasi
675 2387 698 2411 C
716 2399 748 2403 —
769 2392 811 2410 22.
831 2386 981 2409 Nestorius
1002 2386 1025 2410 C
1043 2398 1076 2403 —
1096 2391 1138 2417 23.
1159 2384 1321 2409 Calcedone
1342 2386 1366 2410 C
1383 2399 1416 2402 —
1437 2392 1478 2418 24.
1501 2385 1614 2418 [contra
1633 2386 1780 2420 Eutychen
1807 2388 1859 2412 etc.
1881 2387 1978 2412 ΑΒΕ
1994 2393 2101 2415 manca,
2121 2384 2254 2418 :musco

382 2438 429 2454 con
448 2431 539 2460 Bana,
551 2432 590 2461 op.
611 2430 655 2453 cte.
679 2443 706 2446 —-
730 2435 772 2460 29.
793 2427 910 2452 Zefrido
926 2429 952 2452 B
968 2435 982 2451 e
1001 2427 1080 2452 Sasso
1099 2429 1178 2460 regio
1198 2428 1307 2452 coniux
1322 2428 1345 2453 C
1364 2441 1396 2446 —-
1416 2435 1458 2460 30.
1475 2430 1571 2454 torum
1587 2430 1655 2454 c—
1675 2436 1766 2462 32-33.
1781 2430 1861 2455 vivia
1880 2430 2023 2455 testantur
2038 2429 2061 2454 C
2073 2441 2106 2447 -
2120 2435 2162 2461 33.
2181 2428 2249 2461 post

387 2479 478 2496 annos
498 2471 578 2496 XVII
599 2472 624 2496 B
642 2479 655 2495 e
674 2471 759 2501 Sasso,
778 2470 869 2499 Bam,
889 2473 928 2502 op.
947 2471 1008 2494 cita
1030 2469 1120 2503 “post
1138 2470 1205 2495 XVI
1225 2477 1315 2495 annos
1326 2488 1340 2502 n
1362 2478 1453 2503 annos
1474 2472 1497 2496 C
1513 2473 1644 2504 aggravato
1658 2473 1715 2504 poi.

479 2540 486 2553 ¹
505 2540 628 2569 PAous,
648 2539 683 2571 V,
701 2546 769 2564 xxx·
1436 2538 1447 2556 ³
1467 2539 1618 2566 Giovanni
1643 2541 1669 2566 V
1688 2549 1762 2576 papa
1786 2540 1887 2567 difatti
1905 2541 1935 2566 su
1959 2548 2018 2566 uno
2037 2540 2084 2565 del
2108 2539 2198 2573 legati
2222 2538 2254 2564 di
2281 2543 2316 2562 20
2371 2533 2379 2543 ’

475 2581 487 2598 ²
506 2583 595 2611 Biton,
614 2583 655 2606 De
673 2589 718 2606 sex
736 2582 864 2606 aetatibus
889 2581 997 2609 mundi,
1016 2581 1064 2606 cit.
1102 2580 1210 2610 Questa
1229 2589 1289 2615 spe·
1346 2590 1420 2616 papa
1438 2583 1573 2616 Agatone
1591 2584 1620 2609 al
1640 2582 1670 2608 6⁰
1695 2584 1831 2615 concilio,
1857 2583 2029 2609 ritornando
2055 2591 2070 2608 a
2089 2582 2181 2608 Roma
2206 2582 2252 2606 nel

389 2625 501 2650 dizione
521 2625 550 2649 di
569 2624 704 2650 Saraceni
730 2625 760 2648 in
785 2623 889 2648 Sicilia
914 2622 928 2647 *e
948 2624 1092 2648 ricordata
1111 2624 1142 2648 in
1161 2623 1192 2648 L.
1212 2624 1250 2653 R,
1269 2624 1290 2654 Ι,
1346 2626 1440 2659 lugllo
1469 2626 1530 2651 682.
1577 2625 1646 2652 Cos}
1676 2628 1701 2652 si
1727 2627 1818 2652 rivela
1847 2626 1935 2652 anche
1962 2626 2010 2651 dal
2036 2633 2087 2650 suo
2113 2624 2253 2658 epitaffiog

390 2665 442 2698 346
459 2667 486 2690 ai
506 2667 594 2698 tempi
609 2666 639 2690 di
659 2673 731 2697 papa
742 2664 893 2689 Adeodato
913 2663 1053 2698 (672-676)
1072 2672 1087 2689 e
1107 2665 1230 2695 sarebbe‚
1250 2673 1291 2689 se·
1347 2667 1410 2695 elz:
1429 2670 1476 2694 DE
1494 2667 1592 2699 R0351‚
1611 2672 1651 2702 op,
1670 2671 1723 2699 cu„
1742 2677 1791 2702 pp,
1812 2676 1862 2702 129
1880 2677 1895 2693 e
1915 2674 1982 2701 207:

390 2708 482 2733 condo
502 2708 576 2732 Beda
596 2709 707 2740 seguito
727 2708 762 2732 da
780 2714 808 2736 R,
828 2707 970 2731 avvenuta
990 2706 1037 2731 nel
1060 2705 1120 2738 675.
1158 2707 1170 2731 Ι
1190 2715 1290 2732 crono-
2053 2731 2060 2737 ,

389 2750 458 2782 grafi
476 2751 618 2774 bizantini
641 2757 698 2773 non
720 2758 754 2774 ne
770 2750 818 2773 fan
838 2755 946 2775 cennoz
962 2756 1006 2773 ma
1026 2755 1055 2773 se
1074 2756 1108 2773 ne
1128 2749 1164 2773 ha
1184 2750 1291 2774 traccia
1426 2734 1522 2758 mism
1539 2733 1577 2756 “d
1593 2733 1738 2765 ‘mp‘rium
1757 2733 1812 2757 '’i“
1826 2731 1962 2764 pm‘mus
1980 2732 2069 2755 ‘'cm“
2086 2732 2173 2761 aum'

389 2793 420 2816 in
439 2799 495 2816 una
515 2799 636 2816 cronaca
651 2792 735 2816 araba
749 2791 794 2815 del
808 2790 848 2815 IX
860 2790 956 2814 secolo
970 2791 1059 2815 citata
1073 2790 1109 2814 da
1123 2791 1160 2815 M.
1175 2791 1290 2820 ΑΜΑκι,
1453 2776 1524 2800 '¹²⁰⁸‘
1541 2779 1689 2801 mmmmm
1710 2775 1827 2807 ‘y'wdm
1840 2774 2028 2806 mnfici'qus
2054 2776 2146 2798 “mm‘'
2282 2778 2315 2806 ²5

390 2834 480 2860 Storia
499 2835 543 2857 dei
561 2833 733 2858 Musulmani
749 2834 780 2857 {n
799 2833 905 2863 Sicilia,
924 2832 945 2861 1,
959 2840 986 2864 p.
1001 2831 1043 2865 84,
1058 2834 1126 2858 nota
1139 2841 1156 2865 4
1169 2840 1184 2857 e
1197 2841 1243 2866 pp.
1257 2832 1292 2866 98
1436 2830 1448 2848 ⁴
1467 2832 1559 2863 BEDA,
1578 2834 1617 2863 op.
1637 2832 1680 2856 cit.
1718 2830 1940 2856 Letteralmente
1962 2830 2079 2862 copiato
2105 2829 2150 2853 nei
2168 2828 2253 2853 bruni
2297 2831 2300 2834 ⁴

389 2883 404 2900 e
422 2884 464 2909 99.
502 2876 618 2900 Wakidi
639 2877 773 2901 racconta
792 2875 842 2900 che
856 2874 1140 2900 Abdallah-ibn-kais
1161 2875 1219 2899 fece
1233 2877 1292 2908 pri·
1349 2874 1496 2907 virgolati.
1534 2872 1662 2902 Qualche
1679 2874 1771 2898 brano
1791 2873 1819 2897 di
1843 2874 1941 2904 questa
1960 2873 2040 2905 parte
2060 2871 2090 2896 fu
2108 2870 2253 2896 usuri-nito

390 2918 512 2951 gionieri
535 2920 564 2943 in
584 2918 687 2943 Sicilia
706 2926 721 2942 e
740 2916 826 2951 porto
847 2917 895 2941 via
913 2918 1007 2941 statue
1020 2916 1100 2942 d‘oro
1115 2924 1130 2941 e
1143 2917 1292 2950 d’argento
1348 2925 1417 2950 pure
1442 2917 1477 2942 da
1502 2916 1628 2945 nunus,
1654 2915 1701 2948 VI,
1727 2921 1753 2940 ι.
1789 2914 1828 2940 Su
1853 2915 1973 2948 Tegsrid
2002 2921 2017 2939 e
2035 2912 2188 2939 Ediltrida.
2215 2912 2253 2938 cf.

392 2968 445 2985 con
472 2962 562 2992 pietre
587 2961 724 2994 preziose.
762 2960 797 2984 Li
827 2957 906 2992 spedi
934 2967 949 2984 a
978 2959 1111 2991 Moawta,
1134 2959 1232 2984 Caiifo
1261 2960 1290 2984 di
1347 2960 1437 2989 Bam,
1464 2959 1587 2984 Historia
1608 2958 1790 2988 ecclesiastica,
1815 2957 1863 2987 1v‚
1892 2964 1923 2990 19
1949 2959 1979 2981 in
2004 2957 2079 2982 Patr.
2106 2955 2164 2981 Lae.
2192 2957 2252 2985 cit„
2362 2973 2368 2979 w

391 3003 525 3030 Damaso.
545 3002 595 3026 che
615 3010 629 3027 a
650 3010 698 3027 sua
725 3002 803 3027 volta
829 2999 940 3026 l’invio
967 3009 982 3025 a
1002 3002 1122 3026 Bassora
1148 2999 1250 3034 perche
1269 3001 1292 3026 li
1348 2999 1435 3031 XCV,
1454 3000 1508 3025 col.
1528 3006 1578 3025 201
1603 3007 1643 3031 sg.
2281 3002 2317 3028 30
2358 2997 2371 3025 «Ῐε

394 3046 539 3070 mandasse
559 3052 574 3069 a
595 3045 715 3070 vendere
735 3045 1021 3077 vantaggiosamente
1041 3044 1071 3068 in
1091 3044 1184 3068 India.
