2398 3470
123 286 208 323 [ΑΛ.
226 287 262 317 c.
280 287 432 323 aes-aes]
893 279 1208 317 CHRONICON
1929 281 1975 318 85
2005 293 2083 319 um„
2098 300 2132 316 cc.
2147 293 2210 321 ss-zs

124 422 290 458 egressus,
313 411 482 456 plurimos
507 422 624 444 eorum
641 422 703 444 suo
717 412 905 454 prostrauit
927 410 1101 444 incendio.
1148 411 1231 450 Quo
1253 415 1410 453 tempore
1425 409 1551 453 reliqui
1568 412 1758 453 pauefacti.
1803 413 1979 447 Christum

125 465 380 500 confitebantur
403 465 520 504 inuiti3
545 470 580 498 et
603 475 647 498 ne
668 465 739 497 hoc
762 474 844 497 casu
869 464 1055 497 crederent
1078 465 1223 503 factum,
1246 463 1283 495 in
1307 464 1464 506 sequenti
1487 469 1590 497 nocte
1606 465 1640 496 in
1657 466 1871 499 uestimentis
1895 477 1979 501 cun-

125 525 260 553 ctorum
275 519 410 562 signum
427 518 587 561 apparuit
602 517 734 552 Crucis.
780 517 915 561 Pagani
938 518 1032 560 apud
1048 517 1218 551 Sebasten
1233 516 1408 549 Palestine
1431 516 1553 549 urbem
1577 519 1798 560 sepulchrum
1813 521 1982 564 Johannis

124 571 279 615 Baptiste
302 571 482 610 inuadunt,
506 581 583 603 ossa
599 571 819 614 dispergunt;
844 570 965 602 eadem
980 580 1097 602 rursus
1112 569 1272 608 collecta,
1289 575 1324 602 et
1341 569 1511 609 cremata,'
1528 570 1632 603 latius
1648 571 1862 616 dispergunt.
1909 574 1982 607 Sed

82 625 102 659 5
123 624 192 658 Dei
214 624 444 667 prouidentia,
470 624 603 657 affuere
627 623 767 667 quidam
790 633 834 655 ex
858 623 1071 666 Jerosolimis
1086 623 1257 662 monachi,
1274 623 1334 665 qui
1350 622 1483 655 mixtim
1501 623 1745 666 colligentibus
1761 636 1898 669 queque
1914 626 1980 669 ipsi

122 683 295 722 poterant,
326 677 442 710 ablata
471 677 516 710 ad
547 683 679 720 patrem
709 686 806 709 suum
837 676 1024 718 Philppum
1055 676 1241 719 pertulere.
1287 676 1351 708 Ille
1375 686 1460 708 uero
1486 676 1684 717 confestim,
1708 678 1753 710 ad
1776 678 1981 712 Pontificem

122 731 306 764 maximum
328 736 410 763 tunc
436 728 664 763 Athanasium
687 739 752 772 per
774 729 948 772 Julianum
971 729 1153 763 diaconem
1184 728 1308 771 [suum]
1339 729 1454 768 mittit,
1485 741 1552 773 que
1584 730 1642 763 ille
1665 737 1837 774 suscepta,
1860 733 1981 775 paucis

122 784 267 823 arbitris,
290 783 354 817 sub
377 789 500 817 cauato
523 783 668 816 sacrarii
691 782 823 825 pariete
846 782 980 815 inclusa
1002 782 1212 825 prophetico
1235 782 1359 825 spiritu
1380 783 1564 825 profutura
1594 785 1810 827 generationi
1842 791 1982 828 postere

123 837 354 871 conseruauit.
400 836 506 880 Cujus
528 836 728 879 presagium
751 835 815 868 sub
837 835 1040 868 Theodosio
1062 835 1235 878 principe,
1260 846 1325 878 per
1347 835 1581 878 Theophilum
1610 836 1765 880 ejusdem
1788 838 1884 871 urbis
1908 839 1981 882 epi-

59 890 100 924 10
122 901 267 934 scopum
291 890 495 933 completur,
519 889 579 933 qui
603 889 780 922 destructo
804 888 943 931 Serapis
974 888 1169 931 sepulchro,
1195 889 1315 922 Sancti
1336 888 1481 933 Joannis
1510 889 1643 923 ibidem
1674 892 1892 925 consecrauit
1923 903 1981 926 ec-

123 943 277 976 clesiam.
324 943 400 976 Hec
423 943 539 987 itaque
562 942 663 975 Beda
675 941 697 975 ¹.

1013 1065 1156 1099 Orosius
1176 1070 1289 1100 autem
1296 1078 1307 1100 .-

217 1154 231 1170 “
244 1151 347 1185 Anno
370 1151 414 1184 ab
436 1150 522 1184 urbe
545 1150 691 1184 condita
713 1150 873 1184 MCXVI
896 1150 1053 1194 Julianus
1077 1149 1207 1183 dudum
1231 1151 1339 1184 Cesar
1361 1157 1440 1194 post
1463 1150 1604 1194 [autem]
1627 1161 1744 1185 xxxv1
1761 1153 1804 1186 ab
1820 1152 1979 1198 Aug-usto

130 1205 286 1249 “potitus
307 1211 362 1238 est
383 1214 504 1249 regno,
528 1214 619 1237 anno
641 1214 711 1237 uno
735 1210 770 1237 et
792 1203 967 1237 mensibus
989 1215 1067 1242 sex;
1091 1204 1230 1247 imperii
1253 1215 1421 1237 summam
1444 1204 1553 1238 solum
1585 1205 1734 1239 obtinuit
1758 1207 1981 1241 christianam

63 1257 99 1292 15
130 1258 362 1303 “religionem
385 1263 457 1290 arte
480 1258 606 1300 potius,
631 1267 733 1300 quam
755 1263 928 1300 potestate
951 1257 1157 1290 infectatus:
1182 1263 1220 1290 ut
1242 1257 1474 1301 abnegaretur
1489 1259 1576 1291 fides
1595 1259 1736 1300 Christi,
1752 1266 1786 1293 et
1809 1261 1981 1294 idolorum

128 1311 271 1344 ‘cultus
293 1311 536 1353 susciperetur,
559 1310 751 1343 honoribus
774 1311 884 1354 magis
907 1321 1112 1353 prouocare,
1136 1321 1238 1354 quam
1262 1312 1442 1344 tormentis
1466 1322 1593 1355 cogere
1617 1312 1766 1351 studuit3
1790 1320 1913 1356 aperto
1929 1320 1981 1347 ta-

130 1366 236 1397 “men
258 1364 418 1408 precepit
440 1363 567 1403 edicto,
591 1374 634 1396 ne
658 1363 735 1406 quis
758 1363 965 1396 christianus
988 1364 1250 1406 [docendorum]
1274 1364 1466 1397 liberalium
1482 1366 1674 1398 studiorum
1690 1367 1865 1408 professor
1882 1374 1981 1401 esset.

129 1416 229 1451 “Sed
251 1423 377 1456 tamen,
402 1417 492 1450 sicut
515 1427 535 1449 a
556 1416 744 1459 majoribus
766 1417 892 1449 nostris
916 1422 1132 1460 compertum
1156 1417 1332 1456 habemus,
1348 1427 1467 1450 omnes
1482 1418 1610 1461 ubique
1627 1421 1879 1461 propemodum
1902 1431 1983 1463 pre-

130 1473 145 1489 “
159 1471 253 1514 cepti
277 1470 495 1504 conditiones
510 1470 708 1512 amplexati,
726 1469 874 1503 officium
890 1469 1009 1513 magis,
1026 1480 1128 1513 quam
1145 1470 1250 1503 fidem
1266 1470 1428 1503 deserere
1445 1471 1651 1505 maluerunt.
1692 1473 1850 1515 Julianus
1865 1480 1981 1506 autem

59 1525 102 1557 20
131 1523 290 1557 “bellum
313 1524 479 1557 aduersus
501 1523 651 1555 Parthos
674 1533 811 1565 parans,
836 1534 915 1556 cum
939 1523 1118 1556 Romanas
1147 1524 1263 1556 uires²
1295 1530 1493 1557 contractas
1523 1525 1677 1567 undique
1704 1526 1751 1559 ad
1775 1526 1981 1560 destinatam

128 1578 144 1595 ²
158 1587 275 1610 seeum
298 1578 452 1610 traheret
473 1577 714 1619 perditionem,
737 1576 1001 1609 christianorum
1024 1577 1226 1620 sanguinem
1254 1577 1329 1610 Diis
1358 1577 1427 1610 suis
1457 1578 1564 1616 nouit,
1595 1578 1709 1620 palam
1740 1587 1983 1621 persecuturus

132 1630 354 1668 “ecclesiam,
377 1630 406 1662 si
427 1629 612 1662 uictoriam
635 1629 803 1672 potuisset
826 1629 992 1672 adipisci;
1017 1640 1096 1662 nam
1121 1635 1156 1662 et
1172 1630 1437 1672 amphiteatrum
1453 1631 1680 1675 Jerosolymis
1696 1632 1805 1664 extrui
1821 1634 1929 1677 jussit,
1946 1634 1981 1666 in

131 1685 237 1728 “quo‚
259 1693 417 1716 reuersus
440 1693 461 1715 a
483 1682 631 1721 Parthis,
656 1682 852 1725 episcopos,
875 1683 1075 1722 monachos,
1099 1693 1287 1726 omnesque
1311 1684 1386 1728 ejus
1410 1684 1478 1717 loci
1501 1691 1638 1717 sanctos
1655 1684 1773 1718 bestiis
1789 1687 1890 1718 etiam
1907 1693 1983 1720 arte

129 1734 346 1770 “aenfioribus
369 1734 546 1774 obiiceret,
570 1740 815 1778 spectaretque
838 1735 1029 1768 laniandos.
1077 1736 1196 1779 Itaque
1221 1743 1402 1780 postquam
1427 1747 1449 1768 a
1471 1737 1701 1779 Ctesiphonte
1726 1745 1841 1771 castra
1866 1740 1983 1780 mouit,

20 1785 23 1789 ’
60 1788 102 1823 25
130 1792 145 1808 “
159 1789 240 1823 dolo
263 1788 443 1833 cujusdam
466 1789 645 1833 transfuge
668 1788 706 1820 in
729 1788 866 1821 deserta
888 1790 1089 1831 perductus,
1122 1800 1200 1822 cum
1224 1790 1260 1821 ui
1283 1790 1365 1828 sitis,
1390 1795 1425 1822 et
1450 1791 1575 1823 ardore
1599 1791 1691 1830 solis,
1716 1798 1818 1835 atque
1842 1792 1984 1836 insuper

130 1844 146 1862 ⁸
158 1843 279 1876 labore
301 1852 480 1874 arenarum
505 1841 687 1874 confectus
709 1842 840 1884 periret
863 1842 1045 1881 exercitus,
1068 1843 1259 1884 imperator
1273 1849 1369 1875 tanto
1386 1843 1543 1886 periculo
1561 1844 1691 1882 anxius,
1709 1845 1790 1877 dum
1807 1855 1871 1887 per
1887 1853 1984 1879 uasta

131 1895 288 1929 “deserti
311 1895 470 1928 incautus
494 1900 672 1939 euagatur‚
695 1894 740 1927 ab
762 1905 832 1927 uno
855 1896 1005 1938 quodam
1029 1896 1177 1928 hostium
1203 1896 1320 1940 equite
1344 1896 1520 1940 incognito
1543 1897 1632 1929 ictus
1647 1898 1790 1931 interiit.
1838 1899 1898 1931 Sic
1921 1900 1984 1932 mi-

129 1949 306 1983 “sericors
328 1948 421 1982 Deus
442 1949 548 1991 impia
572 1947 721 1980 consilia
743 1948 839 1991 impii
862 1954 975 1981 morte
999 1949 1156 1982 dissoluit
1169 1948 1213 1989 „⁸.
1261 1948 1415 1987 Quidam
1440 1960 1524 1982 uero
1549 1951 1681 1990 dicunt,
1706 1951 1787 1994 quia
1810 1962 1889 1984 cum
1905 1963 1985 1996 per-

126 2013 245 2037 cussus
267 2003 387 2036 diuino
407 2001 542 2046 judicio
564 2003 697 2041 fuisset,
721 2012 860 2034 manum
882 2001 927 2034 de
951 2002 1117 2047 sanguine
1140 2013 1202 2035 suo
1225 2003 1392 2046 impleuit,
1410 2004 1604 2046 sparsitque
1621 2005 1657 2036 in
1674 2006 1798 2045 celum,
1822 2013 1857 2038 et
1880 2006 1982 2040 dixit·

61 2057 105 2090 30
126 2056 248 2096 vicisti,
273 2055 412 2097 Galilce,
435 2055 559 2088 vicisti.

213 2108 318 2142 Anno
349 2108 595 2141 incarnationis
625 2108 799 2142 dominice
830 2108 1034 2148 CCCLXV,
1066 2115 1101 2142 et
1131 2119 1222 2142 anno
1254 2109 1298 2142 ab
1328 2095 1413 2143 urbe
1445 2109 1587 2143 condita
1617 2110 1793 2144 MCXVII
1819 2112 1985 2155 Jouianus

123 2168 221 2196 natus
242 2168 341 2205 patre
363 2161 546 2200 Varriano;
571 2173 592 2194 a
614 2161 794 2195 Pannonie
818 2162 1010 2205 prouincia,
1036 2172 1182 2205 corpore
1214 2162 1366 2206 insignis,
1399 2163 1488 2195 letus
1518 2163 1672 2207 ingenio,
1701 2164 1891 2197 litterarum
1915 2173 1985 2199 stu-

126 2215 243 2250 diosus
253 2215 277 2257 ⁴,
299 2215 345 2249 ad
368 2214 596 2264 obtinendum
619 2214 804 2258 imperium
827 2215 864 2247 in
888 2225 1021 2248 summo
1044 2226 1160 2248 rerum
1185 2215 1385 2249 discrimine
1402 2215 1446 2249 ab
1464 2217 1621 2249 exercitu
1637 2223 1774 2249 creatus
1797 2224 1848 2250 est
1871 2218 1983 2262 impe-

127 2275 231 2308 rator,
254 2268 553 2302 commendatione
576 2268 683 2312 patris
706 2268 881 2308 militibus,
905 2279 1008 2312 quam
1030 2279 1092 2301 sua
1115 2269 1239 2302 notior.
1287 2268 1358 2308 Qui
1373 2270 1444 2315 jam
1460 2269 1606 2302 turbatis
1627 2270 1743 2310 rebus,
1760 2272 1984 2316 exercituque

218 2406 244 2434 3.
261 2400 396 2434 apparuit
415 2400 528 2433 agnum
551 2398 575 2424 C
590 2413 622 2418 -
642 2407 668 2432 4.
681 2398 728 2424 Set
751 2398 774 2423 C
790 2412 823 2417 -—
845 2404 868 2431 5.
883 2398 1070 2432 Jerosolymis
1088 2399 1110 2423 C
1127 2412 1160 2417 -—
1181 2397 1205 2424 6.
1218 2399 1352 2424 eofestim
1372 2398 1430 2431 (sic)
1454 2399 1477 2423 C
1493 2413 1526 2417 —
1548 2406 1572 2432 7.
1592 2399 1695 2432 [suum]
1715 2407 1809 2424 manca
1827 2401 1857 2425 in
1875 2401 1935 2425 AB
1952 2415 1985 2420 -

132 2449 173 2470 xo.
186 2443 326 2476 johannis
349 2442 373 2467 0
388 2456 421 2462 —
443 2449 484 2476 13.
503 2441 621 2474 [autem]
642 2449 736 2466 manca
754 2442 783 2466 in
801 2441 863 2466 AB
874 2455 907 2460 —
924 2449 963 2475 14.
976 2442 1064 2467 invect
1082 2442 1114 2466 dl
1130 2443 1258 2466 sex-octo
1275 2441 1302 2465 B
1314 2453 1325 2460 -
1339 2442 1470 2475 optinuit
1489 2442 1513 2466 A
1525 2443 1591 2467 c—
1609 2449 1649 2475 15.
1663 2443 1763 2476 pocius
1780 2443 1847 2466 0-
1863 2449 1904 2476 17.
1924 2443 1980 2476 [(ἰοΔ

127 2485 290 2518 oendomm]
310 2492 404 2510 manca
427 2485 458 2509 tn
475 2484 500 2508 Α
511 2484 537 2508 Β
555 2497 564 2502 -
584 2484 751 2509 liberalibus
774 2484 797 2509 C
813 2497 847 2504 —·
868 2484 909 2510 18.
928 2483 975 2509 Set
998 2484 1020 2508 C
1038 2497 1070 2502 —
1092 2491 1133 2517 19.
1152 2486 1284 2518 precepta
1303 2484 1477 2509 condiclone
1500 2484 1523 2508 C
1539 2498 1572 2502 ——
1593 2491 1634 2509 20.
1654 2485 1681 2509 la
1698 2487 1779 2517 parte
1796 2485 1842 2509 che
1860 2493 1938 2518 segue
1955 2487 1984 2510 in

126 2527 152 2553 A
168 2528 183 2552 δ
199 2530 273 2561 copia
291 2527 335 2552 del
350 2527 428 2552 secolo
445 2526 478 2551 X
481 2526 537 2552 Vl!
550 2526 598 2551 dal
619 2526 679 2551 Cod.
694 2527 725 2550 di
736 2526 793 2551 San
810 2526 899 2551 Retro
917 2526 954 2556 E,
966 2532 1019 2555 22,
1030 2525 1066 2556 cf.
1079 2532 1149 2558 41A,
1166 2527 1213 2552 col,
1226 2529 1253 2550 ι’·
1253 2527 1291 2558 ,1.
1307 2530 1334 2556 7-
1335 2532 1370 2556 43
1381 2534 1409 2551 Α.
1428 2527 1482 2551 Per
1500 2529 1591 2558 questa
1604 2529 1684 2559 parte
1702 2535 1858 2559 mmangono
1876 2528 1987 2552 soltanto

84 2575 100 2603 5
128 2569 153 2594 le
167 2569 247 2601 fonti
261 2570 287 2595 B
299 2569 608 2604 0-21.perd1cione
629 2568 653 2593 C
670 2582 702 2587 —
723 2574 764 2594 22.
779 2568 959 2601 Jerosolimis
978 2569 1005 2593 B
1017 2568 1041 2593 C
1058 2583 1089 2587 —
1104 2569 1315 2602 24.10niandos
1333 2569 1382 2593 B·
1396 2577 1427 2594 ac
1446 2570 1632 2595 thesifontem
1650 2570 1694 2598 B,-
1713 2570 1812 2594 Actesi
1825 2569 1936 2595 fontem
1957 2571 1986 2596 C.

72 2643 77 2646 Δ
129 2625 162 2631 -
180 2618 223 2646 27.
241 2612 388 2638 incaucxus
410 2611 460 2637 0-
479 2613 568 2638 conto
591 2610 615 2636 C
631 2624 664 2630 -—
684 2616 727 2644 29.
745 2612 773 2636 et
791 2611 855 2643 dopo
875 2612 985 2637 coelum
1009 2612 1138 2644 aggiunto
1152 2612 1369 2644 posteram-mente
1392 2612 1415 2636 C
1431 2626 1464 2630 —
1484 2619 1527 2644 31·
1546 2612 1633 2636 Anno
1658 2612 1695 2636 ab
1715 2612 1916 2637 incarnatione
1937 2612 1987 2636 do-

129 2654 201 2681 mint
221 2656 273 2681 c·
260 2655 425 2687 -Jobtanus
448 2654 472 2679 C
488 2668 521 2673 —
541 2659 583 2688 32.
601 2653 748 2679 literarum
768 2654 794 2677 B
812 2667 845 2672 —
865 2661 907 2687 33.
927 2653 1115 2688 optinendum
1139 2653 1163 2678 C
1180 2667 1212 2672 -
1226 2661 1270 2687 34.
1290 2654 1393 2679 nocior
1416 2653 1439 2678 C

214 2745 224 2767 ¹
242 2748 331 2781 BmA,
351 2749 406 2777 loc.
425 2749 474 2776 cit.
1080 2749 1197 2781 portato
1217 2747 1253 2772 da
1272 2746 1390 2772 Salerni>
1409 2755 1426 2772 a
1445 2747 1546 2778 Roma,
1565 2748 1639 2772 dove
1658 2747 1735 2772 forse
1748 2747 1771 2772 il
1785 2748 1911 2773 Baronio
1925 2747 1984 2773 fece

213 2790 226 2810 ²
243 2794 345 2819 Manca
364 2793 395 2818 ln
413 2793 438 2818 Α
457 2792 480 2817 n
499 2793 576 2817 resto
595 2791 671 2816 della
691 2786 861 2816 narratione
874 2789 910 2815 da
921 2793 1025 2816 contra-
1080 2791 1196 2823 copiare
1215 2790 1263 2814 dal
1282 2789 1392 2815 Codice
1411 2790 1622 2815 dell’Archivio
1642 2790 1672 2815 dl
1691 2789 1747 2815 San
1767 2790 1874 2821 Pletro,
1887 2799 1910 2816 e.
1924 2797 1957 2823 41
1968 2797 1985 2814 a

69 2832 103 2861 b
125 2838 180 2862 aas
197 2836 315 2868 undique
339 2843 356 2861 a
366 2835 432 2866 suit
454 2837 543 2859 autem
570 2833 727 2858 Theodosius
745 2840 760 2858 e
779 2833 984 2867 preclsamente
1009 2841 1025 2858 a
1082 2832 1144 2865 rigo
1166 2837 1180 2864 7
1199 2839 1216 2856 a
1236 2839 1260 2857 c.
1279 2839 1351 2865 4311,
1371 2832 1398 2856 le
1412 2833 1516 2865 pagine
1530 2832 1678 2857 mancantl
1692 2840 1706 2857 e
1719 2833 1882 2858 Introdurle
1902 2833 1933 2858 ln
1947 2832 1984 2861 Α,

126 2878 235 2904 eleatem
251 2879 353 2907 animo,
370 2878 530 2905 miseratore,
547 2876 695 2901 communi:
705 2876 844 2904 0mus'bus‚·
856 2874 919 2900 eloe
931 2876 1024 2901 calco·
1081 2881 1166 2899 senza
1184 2874 1288 2899 alcuna
1308 2875 1521 2899 numerazione.

128 2919 215 2946 lando
233 2921 264 2946 ln
282 2921 307 2945 A
327 2920 357 2945 lo
377 2919 476 2954 spazio
496 2919 636 2952 occupato
650 2917 686 2942 da
699 2918 834 2942 ciascuna
847 2920 933 2949 carta,
947 2925 1024 2942 man-
1168 2914 1180 2932 ³
1199 2915 1338 2947 Onosms,
1357 2915 1418 2946 VH,
1438 2923 1481 2949 30,
1500 2918 1578 2941 tutto
1598 2917 1620 2940 il
1641 2917 1778 2950 capitolo.

129 2968 200 2987 cano
219 2962 251 2987 ln
268 2962 293 2987 A
311 2969 344 2987 su
363 2969 412 2994 per
430 2958 480 2994 gli:
496 2959 529 2985 16
542 2962 619 2985 carte
631 2967 646 2984 e
659 2959 762 2991 quindi
775 2967 812 2984 un
826 2960 1024 2991 quaternione.
1170 2957 1181 2974 ⁴
1201 2959 1272 2984 Hist.
1291 2959 1382 2988 Misc..
1401 2959 1452 2984 lib.
1471 2959 1519 2990 XI,
1538 2967 1599 2992 cap.
1619 2966 1687 2984 vai
1707 2959 1746 2993 (p.
1767 2960 1829 2992 274)
1852 2960 1865 2974 “
1878 2959 1971 2993 [Iovia

130 3001 236 3033 Qus-u
261 3011 414 3030 mancam
440 3009 500 3028 non
525 3002 795 3036 improbabilmente
820 2998 906 3027 fisale
931 3002 967 3026 ad
985 3009 1024 3027 un
1082 3001 1096 3015 ⁰
1106 3000 1169 3033 nus]
1192 3001 1247 3026 suit
1265 3001 1343 3026 enlm
1362 3001 1488 3035 insignis
1507 3009 1636 3035 corpore,
1651 3002 1741 3027 laetus
1756 3003 1884 3036 ingenio,
1904 3003 1982 3028 utte-

68 3043 104 3083 ἴς
128 3047 224 3081 tempo
249 3047 342 3072 molto
367 3045 475 3076 antico,
500 3045 591 3079 prims
617 3042 680 3070 eloe
704 3044 754 3069 che
780 3045 801 3069 il
821 3043 930 3070 Codlee
949 3044 1026 3069 fosse
1081 3043 1200 3068 “rarum
1219 3043 1366 3068 studiosus
1380 3059 1403 3077 „-

59 3258 70 3296 ,κν

2030 590 2051 607 c.
2065 589 2104 606 ιη
2111 585 2124 605 b

2029 1170 2050 1186 8..
2066 1171 2088 1187 u.
2103 1171 2124 1187 e.
2141 1169 2192 1187 111⁶

2035 2110 2056 2125 a.
2071 2104 2097 2125 C.
2113 2106 2152 2130 ³⁶5

2035 2137 2058 2151 u.
2074 2137 2094 2152 c.
2111 2137 2160 2156 1117

2013 2923 2048 2943 ²0
