2398 3470
1208 215 1525 253 CHRONICON
1987 222 2039 257 [Α.
2058 223 2092 253 c.
2112 223 2305 258 roso-10⁸1]

433 291 2270 302 ιιιιιιιιιιιιιιιιιιιιιιιιιιιιιιιιιιιιιιιιιιιιιιιιιιιιιιιιιιιιιιιιιιιιιιιιιιιιιιιιιιιιιιιιιιιιιιιιιιιιιιιιιιιιιιιιιιιιιιιιιιιιιιιιιιιιιιιιιιιιιιιιιιιιιιιιιιιιιιιιιιιιιιιιιιιιιιιιιιιιιιιιιιιιιιιιιιιιιι
2271 294 2287 302 ιι

439 338 608 377 chaelem,
625 339 685 382 qui
700 349 737 371 se
761 339 1010 382 imperatorem
1033 339 1140 372 fuisse
1165 339 1445 382 conquerebatur
1459 340 1478 372 ¹.
1531 341 1545 356 “
1559 339 1604 372 Et
1626 349 1744 372 mense
1760 339 1848 372 Iulio
1865 345 1946 372 ante
1961 339 2194 373 Durrachium
2210 340 2305 373 obsi-

445 391 459 406 “
473 389 611 422 dionem
635 390 750 432 posuit
773 401 837 432 per
859 395 986 423 terram
1010 397 1045 423 et
1067 400 1132 433 per
1155 401 1260 429 mare,
1283 396 1336 423 set
1352 390 1460 423 stolus
1477 390 1718 423 Venencolum
1734 390 1876 423 veniens
1892 391 2080 433 discipauit
2094 391 2199 424 maris
2214 390 2305 424 obsi-

445 442 460 458 “
474 440 613 473 dionem
638 441 845 483 aperuitque
869 441 1097 474 Dirrachenis
1119 440 1238 474 mare²
1252 465 1282 480 „.
1306 441 1500 484 Rogerium
1523 451 1608 474 uero
1633 441 1739 473 filium
1763 452 1860 473 suum
1883 441 2042 474 omnibus
2065 441 2132 475 sibi
2155 442 2304 475 conmis-

199 489 334 536 fflizssss’uj,
361 518 413 536 me-
437 491 481 523 sis
504 491 540 523 in
563 490 692 533 Apulia
709 491 838 525 dimisit
851 492 874 525 ³.
919 492 1016 525 Inter
1031 493 1097 525 hec
1115 498 1230 525 autem
1254 492 1444 525 Niceforus
1459 491 1650 524 Butanioth
1662 491 1674 508 ⁴
1691 491 2098 535 Constantinopolitanus
2115 492 2304 535 imperator

355 549 411 563 ‘'⁸¹‘'
435 544 623 577 aduentum
647 544 821 578 Robberti
847 545 946 578 ducis
969 546 1127 586 audiens,
1153 546 1283 579 direxit
1306 545 1468 578 Alexium
1491 545 1823 588 megadomesticum
1856 555 1955 577 suum
1979 545 2036 578 cui
2066 555 2157 589 equo
2187 545 2303 579 animo

438 598 592 630 militiam
617 604 723 631 totam
740 600 970 640 commiserat,
983 599 995 617 ⁵
1018 599 1184 643 deditque
1198 599 1266 633 sibi
1282 599 1528 643 permaximam
1542 597 1554 615 ⁸
1576 599 1730 631 thesauri
1747 599 1898 641 copiam,
1920 604 1956 631 ut
1971 608 2043 632 non
2058 598 2187 632 solum'
2211 598 2305 632 chri-

438 650 626 683 stianorum
649 661 770 684 uerum
795 652 901 685 etiam
925 663 1139 697 paganorum
1163 651 1356 686 exercitum
1381 657 1621 696 congregaret,
1646 657 1817 694 quatenus
1832 651 1915 684 duci
1931 650 2135 684 Robberto⁷
2158 651 2305 684 uiriliter

438 704 600 737 resistere
623 710 751 747 posset.
797 704 941 738 Alexius
958 706 1133 739 ciuitatem
1150 705 1405 748 Andropolim⁸
1429 716 1589 749 pergens,
1606 715 1843 749 quoscumque
1857 710 1995 747 poterat
2010 703 2233 748 suscipiebat,
2248 714 2304 738 su-

437 761 574 798 sceptos
597 756 753 799 quotidie
777 757 931 800 singulos
953 757 1125 790 seducens
1138 757 1313 790 fidelitatis
1330 763 1582 790 sacramentum
1600 756 1739 789 occulte
1751 755 1815 789 sibi
1832 755 1952 788 facere
1968 754 2139 794 studebat,
2155 753 2304 799 quibus’

343 490 411 509 Boto-

201 543 258 563 xius
279 543 354 562 Comm

228 613 246 627 c.
264 608 305 627 208
318 607 330 627 b

435 806 622 851 unicuique
647 807 810 850 priuatim
834 808 942 841 multa
965 807 1139 841 tribuebat
1161 815 1196 841 et
1218 808 1368 851 plurima
1390 808 1539 840 iurando
1562 807 1797 851 promittebat.
1845 805 1980 840 Ceteris
2004 811 2116 839 autem
2140 805 2303 841 militibus
2330 806 2378 840 10

436 858 562 901 quibus
586 858 700 891 adhuc
724 858 873 891 animum
897 870 995 892 suum
1018 859 1153 902 aperire
1177 858 1321 891 timebat
1336 857 1358 875 ¹⁰
1382 859 1431 892 nil
1448 859 1585 891 interim
1608 857 1793 896 tribuebat,
1816 858 1879 890 sed
1896 868 1957 891 eos
1971 867 2053 901 sepe
2075 857 2127 890 sic
2149 857 2304 901 alloque-

438 908 541 941 batur
564 909 702 942 dicens:
731 909 746 926 ‘⁴
761 909 930 943 Libenter
952 910 1052 943 uobis
1075 920 1140 953 ego
1165 910 1285 943 darem
1309 909 1336 942 si
1360 909 1562 953 imperator,
1586 908 1693 942 uelud
1707 909 1782 952 ipse
1798 908 2007 952 promiserat
2029 907 2114 940 mihi
2125 908 2306 941 thesauros

443 961 458 977 ‘⁴
471 959 665 998 mitteret,¹¹
690 971 773 1004 sepe
790 960 882 993 enim
904 967 1048 1004 propter
1071 961 1138 993 hoc
1156 961 1201 995 ad
1217 971 1294 993 eum
1319 961 1432 994 direxi
1450 967 1484 993 et
1501 960 1583 1003 quia
1606 970 1676 993 non
1699 960 1791 993 misit
1806 959 1910 993 ualde
1926 958 2030 992 doleo
2045 982 2077 1000 ,,.
2123 957 2195 998 Qui
2211 965 2251 991 ut
2265 968 2303 991 se

436 1010 506 1043 suis
521 1011 736 1045 auditoribus
760 1011 858 1055 quasi
881 1012 1076 1045 ueridicum
1100 1011 1275 1050 redderet,
1291 1011 1314 1029 ¹¹
1337 1022 1421 1044 uasa
1436 1011 1578 1055 propria
1594 1018 1629 1044 et
1643 1018 1758 1044 uestes
1781 1010 1906 1055 quibus
1922 1010 2082 1043 utebatur
2098 1009 2303 1053 quibusdam

437 1061 647 1106 largiebatur
671 1063 807 1101 dicens;
837 1065 852 1081 ‘⁶
866 1063 905 1096 Si
929 1069 1020 1096 esset
1043 1063 1125 1095 mihi
1149 1074 1262 1107 posse,
1285 1068 1357 1096 tam
1379 1063 1570 1106 prudentes
1592 1063 1684 1095 uiros
1707 1062 1816 1095 ueluti
1841 1062 1935 1100 estis,
1959 1062 2004 1094 de
2020 1061 2107 1094 mei·
2122 1060 2223 1094 uobis
2238 1069 2304 1104 ego

443 1113 651 1157 “largiendo
675 1114 863 1147 ditissimos
877 1114 1034 1147 facerem
1052 1140 1066 1156 „
1085 1114 1119 1147 ²³.
1166 1114 1210 1146 Et
1225 1115 1293 1147 hec
1310 1114 1526 1147 incessanter
1541 1113 1807 1146 machinabatur
1820 1119 1859 1145 ut
1875 1112 2026 1145 omnium
2039 1112 2085 1145 ad
2102 1121 2140 1145 se
2155 1111 2303 1144 militum

434 1164 632 1197 uoluntates
654 1165 884 1198 subtraheret.
931 1165 1069 1205 Quibus
1093 1166 1197 1198 etiam
1221 1166 1359 1198 locutus
1382 1171 1450 1198 est:
1479 1165 1494 1180 ‘⁴
1508 1163 1572 1197 Ibo
1596 1164 1641 1197 ad
1663 1165 1910 1207 imperatorem
1934 1173 2000 1208 ego
2032 1173 2097 1206 pro
2119 1162 2220 1197 uobis
2250 1161 2302 1195 lo-

442 1219 458 1235 “
471 1227 591 1261 quens,
609 1224 647 1251 ut
661 1224 776 1251 uestra
799 1218 900 1252 uobis
924 1219 1082 1252 omnibus
1104 1218 1271 1251 donat-ina
1294 1218 1503 1251 transmittat
1517 1242 1532 1258 ‚,
1551 1217 1584 1251 ¹⁴.
1632 1216 1705 1256 Qui
1730 1218 1811 1251 dum
1828 1215 2168 1260 Constantinopolim
2182 1225 2302 1259 perre-

434 1271 548 1310 xisset,
562 1269 587 1289 ¹⁵
609 1281 847 1315 quoscumque
871 1272 983 1314 potuit
1004 1271 1107 1304 simili
1130 1272 1236 1304 modo
1252 1271 1353 1305 donis
1366 1282 1407 1304 ac
1424 1270 1711 1313 promissionibus
1734 1270 1802 1303 sibi
1818 1270 1940 1309 illexit,
1956 1269 1979 1288 ¹⁴³
2002 1269 2208 1303 subtrahens
2229 1269 2304 1301 ani-

438 1334 512 1357 mos
535 1334 655 1358 eorum
678 1324 722 1358 ab
744 1326 965 1368 imperatoris
987 1335 1119 1358 amore.
1167 1325 1240 1357 Sed
1262 1325 1344 1367 quia
1367 1324 1551 1357 infidelitas
1574 1334 1760 1367 numquam
1784 1324 1828 1356 de
1851 1334 1888 1356 se
1911 1333 2035 1356 secura
2060 1328 2124 1362 est,
2138 1321 2283 1355 Alexim

436 1377 512 1420 ipse
536 1384 719 1422 postquam
742 1389 821 1411 cum
845 1378 1056 1421 imperatore
1079 1384 1256 1421 tamquam
1281 1389 1358 1411 cum
1384 1378 1524 1410 domino
1548 1377 1671 1417 fidelis,
1695 1383 1734 1410 ut
1757 1388 1835 1410 eum
1859 1387 2017 1409 securum
2041 1375 2206 1409 redderet
2221 1374 2304 1408 sim-

434 1430 573 1474 pliciter
596 1437 648 1463 est
671 1431 817 1470 locutus,
842 1432 886 1464 de
910 1442 947 1464 se
971 1431 1106 1470 timens,
1129 1437 1236 1464 noctu
1259 1442 1279 1463 a
1302 1430 1643 1473 Constantinopolim
1667 1430 1782 1475 fugiit,
1797 1436 1832 1463 et
1847 1430 1893 1463 ad
1909 1429 2100 1463 exercitum
2116 1438 2220 1473 quem
2235 1427 2302 1464 sibi

224 1340 243 1354 c.
259 1340 300 1358 2⁰9
315 1336 335 1355 A

526 1567 550 1585 1.
568 1560 746 1592 Michaelem,
765 1562 814 1593 qui
834 1569 863 1586 se
882 1562 1083 1594 imperatorem
1106 1561 1194 1586 fuisse
1212 1561 1445 1593 conquerebatur.
1483 1560 1519 1585 Et
1547 1568 1642 1586 mense
1671 1560 1805 1585 iulio....
1824 1559 2010 1585 Dirrachenis
2039 1564 2124 1585 mare.
2152 1558 2180 1584 A
2197 1565 2299 1589 manca,

437 1601 470 1629 ne
488 1601 511 1626 il
527 1603 604 1627 solito
623 1603 714 1635 ignoto
733 1604 780 1628 del
795 1612 846 1628 sec.
867 1604 964 1629 XVII
972 1605 1112 1635 provvide
1136 1612 1153 1628 a
1172 1605 1289 1628 colmare
1309 1605 1337 1628 la
1363 1604 1459 1627 lacuna
1485 1611 1532 1628 con
1557 1607 1619 1628 nota
1644 1603 1809 1636 marginale.
1848 1603 1881 1627 In
1901 1602 1983 1628 Sasso
2009 1609 2104 1629 manca
2116 1603 2189 1634 pure
2214 1603 2302 1628 tutto.-

438 1652 482 1670 ma
501 1644 527 1670 si
543 1645 577 1669 ka
595 1645 625 1669 in
638 1646 665 1672 Β
683 1654 697 1670 e
718 1646 793 1675 C...,
814 1647 858 1678 R,
879 1646 1098 1678 evidentemente,
1114 1647 1160 1671 nel
1169 1647 1253 1671 bruno
1269 1646 1405 1679 conforme
1418 1645 1448 1670 al
1463 1646 1610 1671 chronicon
1624 1646 1820 1678 Amaffitanum
1832 1645 1983 1670 introdusse
1997 1645 2028 1669 al
2038 1644 2116 1669 solito
2134 1651 2188 1671 aaa
2200 1642 2300 1676 ,giusta

435 1687 535 1712 noticia
553 1687 692 1718 rz'portata
710 1688 737 1713 in
756 1689 851 1719 Lupus
869 1689 1096 1720 Protospatarius
1115 1702 1148 1707 -—
1169 1695 1192 1713 2.
1211 1687 1391 1721 Roggerium
1418 1687 1510 1712 filium
1540 1695 1621 1713 suum
1640 1688 1666 1713 A
1685 1701 1719 1705 —
1739 1696 1763 1719 4.
1781 1687 1860 1712 Inter
1887 1688 1982 1712 autem
2012 1687 2036 1712 C
2051 1699 2062 1704 -
2079 1686 2204 1712 Butsnio
2232 1685 2256 1710 C
2267 1697 2301 1702 —

387 1735 401 1761 5
433 1727 458 1754 6.
478 1729 620 1755 miliciam
646 1731 738 1756 totam
765 1731 946 1756 commiserat
970 1730 993 1755 C
1009 1740 1022 1755 e
1041 1731 1135 1756 Arndt
1154 1745 1186 1750 —
1206 1738 1231 1764 9.
1252 1731 1358 1755 cotidie
1381 1731 1404 1756 C
1422 1739 1435 1755 e
1455 1731 1548 1755 Arndt
1566 1743 1599 1747 —
1623 1737 1662 1755 11.
1682 1732 1724 1755 set
1742 1736 1792 1754 eos
1813 1730 1837 1754 C
1854 1738 1868 1754 e
1886 1729 1913 1754 A
1931 1729 2026 1755 Arndt
2043 1741 2077 1746 —
2099 1734 2139 1755 η.
2163 1726 2300 1761 promIsit

438 1770 461 1796 C
477 1784 510 1789 —
532 1778 571 1804 13.
591 1772 706 1798 mittere
725 1774 755 1803 C.
774 1782 845 1799 come
864 1774 891 1798 in
912 1774 1057 1799 chronicon
1077 1774 1281 1807 Amatfitanum,
1301 1781 1325 1798 c.
1343 1780 1376 1805 41
1392 1786 1424 1790 —
1441 1777 1481 1804 ις.
1502 1773 1553 1797 fii’i
1576 1772 1599 1797 C
1615 1786 1649 1791 —
1666 1771 1706 1797 16.
1725 1772 1908 1797 incensanter
1926 1772 1952 1796 A
1967 1785 2000 1789 -—
2015 1777 2056 1797 20.
2076 1770 2125 1796 Set
2137 1770 2205 1803 qula
2225 1769 2250 1794 C
2260 1782 2271 1788 -
2284 1776 2300 1794 e

436 1813 529 1839 Arndt
546 1828 579 1832 -
599 1821 641 1840 21.
661 1814 783 1841 Alequs
802 1816 898 1849 itaque
922 1816 946 1841 C

527 1881 536 1899 ¹
557 1884 703 1910 chronicon
722 1885 833 1919 Amagf„
853 1893 877 1911 c.
890 1894 913 1911 c.
933 1892 968 1918 40
978 1886 1041 1911 cit.:
1063 1884 1077 1898 “
1088 1886 1124 1910 Et
1137 1885 1206 1910 inde
1220 1892 1343 1910 movens

2294 1321 2369 1355 '20

1395 1882 1512 1911 ἀλλὀὐκ
1532 1882 1664 1916 οἷδ’ὅπως
1684 1881 1841 1918 μεταδόξαν
1858 1881 1946 1911 αὐτὸν
1968 1881 2052 1911 πάλιν
2074 1879 2302 1916 συνεφαῐόμδνον
2329 1882 2375 1912 35’

439 1923 587 1961 “gressum
618 1928 655 1952 ad
685 1928 868 1959 ffldruntum,
898 1929 1005 1953 ibidem
1032 1928 1090 1954 dux
1118 1937 1193 1954 anno
1222 1929 1341 1954 Domini
1396 1925 1465 1961 εἶχε.

378 1969 410 1988 ²0
442 1970 456 1984 “
467 1970 614 1997 MLxxxl
624 1973 777 2004 assumpsit
787 1973 952 2001 exercitum,
963 1972 1039 2005 apud
1051 1971 1342 2004 Constantinopolim
1486 1968 1499 1985 ⁴
1520 1970 1665 1995 chronicon
1683 1970 1886 2003 Amaffitanum,
1905 1976 1967 2002 cap.
1986 1975 2029 2002 41.
2048 1969 2113 1993 cit.=
2137 1966 2300 1995 “Retouin-

440 2012 455 2026 “
465 2013 506 2038 ire
524 2014 651 2047 cupiens.
689 2012 747 2042 Qui
767 2021 842 2039 mare
861 2015 1005 2040 transiens
1025 2021 1088 2039 cum
1101 2014 1270 2039 Boemundo
1280 2013 1341 2038 filio
1396 2015 1438 2038 tes
1449 2029 1474 2045 „.

378 2183 407 2210 ¹5

374 2398 408 2416 20

374 2611 404 2636 ²5

372 2825 406 2851 30

441 2056 516 2081 “suo
536 2056 696 2090 applicavit
714 2056 900 2088 Annonam,
920 2056 1025 2082 ducens
1054 2064 1147 2082 secum
1176 2064 1239 2081 cum
1262 2063 1341 2081 exer-

440 2098 454 2112 “
465 2099 526 2124 citu
545 2106 596 2124 suo
615 2107 734 2124 uxorem
753 2107 841 2131 suam,
851 2106 902 2124 nec
916 2107 976 2125 non
990 2100 1150 2133 predictum
1163 2098 1341 2130 Michaelem,

440 2137 512 2171 “qui
533 2146 561 2164 se
589 2140 790 2171 imperatorem
816 2138 958 2164 deiectum
989 2140 1076 2164 fuisse
1102 2139 1339 2171 conquerebatur.

440 2181 499 2207 “Et
518 2182 630 2207 dimisit
648 2181 804 2214 Rogerium
822 2181 914 2206 filium
934 2189 1016 2206 suum
1035 2189 1100 2206 cum
1124 2181 1256 2206 omnibus
1284 2181 1339 2206 sibi

439 2224 623 2250 “commissis
641 2224 672 2249 in
692 2223 829 2256 Apuliam
840 2240 866 2255 η.
901 2225 1052 2256 Anonymus
1070 2224 1201 2249 Barensis
1220 2225 1251 2249 in
1277 2224 1339 2248 MU—

437 2275 558 2297 nAroiu,
577 2268 611 2293 R.
629 2266 651 2294 L
670 2267 725 2296 SS.,
751 2266 784 2291 V.
807 2274 865 2300 153,
894 2267 957 2292 dice
975 2268 1004 2292 la
1033 2270 1169 2300 partenza
1196 2269 1340 2292 avvenuta

438 2311 484 2336 nel
503 2311 614 2336 decimo
633 2310 736 2343 giorno
755 2310 847 2341 prima
867 2310 943 2334 della
961 2309 1016 2334 fine
1035 2309 1081 2334 del
1117 2310 1233 2343 maggio
1256 2308 1340 2340 10813

436 2354 531 2385 Lupus
550 2354 784 2384 Protospatarius,
803 2351 848 2378 fra
866 2351 889 2376 il
915 2353 1025 2385 giugno
1044 2359 1059 2376 e
1078 2351 1100 2376 il
1120 2352 1228 2384 lugli03
1249 2350 1340 2376 thL-

435 2402 550 2421 Latmus
568 2396 759 2425 Armeniam,
777 2395 826 2424 IV,
847 2402 873 2420 v.
893 2401 941 2419 211
958 2393 997 2426 (p.
1013 2392 1092 2426 283):
1115 2393 1129 2408 ⁸
1138 2394 1251 2418 aestivo
1270 2395 1339 2419 tem-

436 2446 505 2472 pore
515 2457 539 2472 η.

524 2478 536 2496 ²
548 2480 649 2506 Lusus
667 2480 941 2508 Fxo-rosunum,
954 2485 999 2503 an.
1014 2479 1062 2502 cit.
1077 2477 1123 2503 Cf.
1137 2485 1220 2510 pure:
1244 2477 1338 2503 ΑΗΔ

436 2523 595 2549 Commu-‚xro
614 2522 636 2548 1.
658 2522 691 2548 16
716 2530 744 2555 p.
771 2522 831 2556 75)3
856 2521 904 2546 dal
930 2529 952 2546 c.
981 2528 1013 2553 14
1038 2520 1115 2545 dello
1143 2523 1235 2545 stesso
1263 2521 1338 2545 libro

435 2565 472 2601 (p.
492 2565 538 2598 70)
557 2566 583 2590 si
602 2565 707 2591 deduce
727 2565 776 2590 che
796 2565 916 2590 Avelone
934 2562 1072 2596 risponde
1092 2563 1127 2588 ad
1145 2559 1259 2592 Αῐλιών,
1276 2562 1337 2587 Au-

435 2609 503 2634 lona
517 2609 563 2633 nel
576 2615 648 2642 capo
659 2607 772 2633 Glossa.
809 2606 936 2632 secondo
947 2605 1033 2630 Anna
1044 2605 1201 2630 Commeno
1215 2605 1243 2630 la
1256 2604 1338 2630 flotta

434 2652 466 2677 di
483 2651 609 2677 Roberto
629 2651 660 2676 fu
680 2659 695 2676 a
714 2651 841 2675 Durazzo
860 2649 884 2674 ll
907 2654 936 2682 17
957 2649 1077 2682 giugno‚
1095 2655 1154 2672 non
1179 2647 1225 2673 nel
1244 2647 1337 2681 luglio

434 2701 512 2719 corne
531 2694 667 2719 vorrebbe
678 2692 761 2726 Lupo
774 2691 1003 2726 Protospatario.
1039 2689 1241 2721 Cnsmnon,
1255 2690 1340 2716 Essai

433 2745 480 2762 sur
498 2739 523 2762 le
542 2734 628 2770 regne
647 2736 767 2761 d’Alexis
788 2735 807 2760 Ι
824 2735 959 2766 Comen,
989 2733 1046 2763 cit..
1066 2740 1094 2766 p.
1115 2739 1146 2767 75
1168 2740 1186 2756 n
1207 2739 1234 2757 n.
1262 2739 1273 2757 1
1300 2732 1337 2758 ha

434 2780 605 2804 dImostrato
625 2777 726 2813 perche
744 2777 861 2803 debbasi
880 2776 1040 2810 accogliere
1063 2776 1091 2800 la
1111 2774 1177 2800 data
1196 2774 1335 2800 sornitaci

433 2822 469 2847 da
487 2822 573 2847 Anna
593 2821 760 2847 Commeno.

523 2863 534 2880 ¹
553 2864 647 2889 Arum
667 2863 837 2894 commemo,
855 2863 876 2887 I.
900 2861 939 2892 16,
959 2861 1047 2886 cadde
1066 2861 1097 2885 in
1111 2867 1206 2886 errore
1219 2859 1334 2893 quando

433 2908 516 2937 disse,
544 2914 623 2933 come
648 2905 719 2932 noto
742 2906 840 2931 Arndt
859 2904 899 2940 (p.
915 2910 967 2938 409
988 2911 1015 2929 n.
1038 2911 1065 2929 x:
1091 2901 1129 2930 Οῑ
1152 2901 1247 2937 μέντοι
1268 2900 1336 2929 οὐδὲ

432 2948 481 2977 τὸν
498 2948 560 2977 ὔιὸν
579 2948 708 2983 Ρογὲρην
726 2946 845 2975 κατόπιν
862 2945 987 2978 minus,
1006 2944 1140 2979 καθάπερ
1172 2943 1333 2979 βεβούλητο

431 2990 583 3026 πρότερονς
615 2989 789 3024 'Arroni-nhc
825 2987 913 3017 αὐτὸν
946 2985 1188 3023 κεχειροτονηκώς
1218 2985 1326 3020 κύριον,

1484 2053 1495 2070 ⁵
1528 2055 1621 2080 Idem:
1652 2054 1666 2068 “
1676 2055 1752 2079 duxit
1785 2054 1923 2079 Alexium
1953 2062 2080 2087 mag-num
2110 2052 2299 2079 dome-ticum

1395 2103 1492 2127 suum3
1509 2096 1557 2120 cui
1577 2096 1706 2121 commisit
1725 2094 1862 2120 militiam
1874 2112 1899 2126 „-

1483 2136 1496 2154 ⁶
1517 2139 1605 2164 Idem:
1628 2138 1854 2169 “permaximam
1866 2157 1891 2172 „.

1484 2179 1496 2196 ⁷
1512 2182 1601 2206 Idem:
1614 2179 1628 2193 ⁰
1638 2189 1764 2213 magnum
1774 2182 1961 2214 congregaret
1973 2184 2052 2213 atque
2065 2180 2127 2205 duci
2137 2178 2264 2204 Roberto
2272 2195 2298 2210 ‚-

1483 2221 1495 2239 ⁸
1510 2224 1600 2248 Idem:
1628 2223 1641 2237 “
1653 2223 1859 2254 Adrianopolim
1869 2231 1902 2255 »ς
1932 2222 2038 2248 SAsso:
2069 2221 2083 2235 “
2093 2221 2296 2255 Andriauopo·

1394 2266 1446 2290 lim
1457 2283 1482 2298 η.
1501 2265 1561 2291 Cf.:
1581 2265 1718 2295 wir-mm,
1739 2267 1841 2290 Rerum
1860 2266 1894 2290 ab
1912 2265 2007 2290 Alexio
2022 2266 2044 2297 I,
2061 2262 2170 2298 Joariu
2187 2267 2216 2289 et
2231 2263 2296 2288 Ma·

1394 2310 1469 2334 nuele
1491 2308 1628 2333 comunis
1643 2311 1787 2341 gestarum
1806 2309 1872 2333 libri
1891 2308 1942 2338 IV,
1961 2307 2140 2340 Heidelberg.
2168 2304 2244 2336 1811,
2269 2312 2297 2340 p.

1394 2349 1437 2381 80,
1458 2359 1485 2381 n,
1507 2357 1565 2376 100.

1482 2391 1494 2409 ⁹
1514 2395 1603 2419 Idem:
1626 2393 1774 2426 “capiebat
1791 2393 1923 2426 quotidie
1943 2396 1970 2418 et
1986 2392 2103 2425 singulis
2121 2391 2212 2418 diebu-¹
2229 2389 2296 2417 flde-

1395 2436 1512 2462 “litatis
1540 2438 1746 2461 sacramentum
1765 2436 1818 2461 sibi
1835 2436 1874 2461 ad
1890 2436 1966 2460 illum
1977 2435 2049 2469 fieri
2072 2433 2213 2464 studebat,
2235 2440 2296 2466 quo·

1394 2479 1408 2493 “
1416 2488 1476 2504 rum
1486 2496 1494 2504 .
1504 2496 1512 2504 .
1523 2495 1530 2503 .
1543 2495 1567 2511 ,,.

1481 2519 1504 2537 ¹⁰
1525 2522 1611 2546 Idem:
1633 2519 1647 2533 “
1657 2521 1704 2553 qui
1722 2520 1808 2546 adhuc
1820 2519 1970 2551 M'cephori
1982 2518 2123 2544 dominium
2133 2518 2262 2545 timebant
2268 2532 2295 2551 ,μ

1484 2562 1503 2579 '¹
1534 2564 1623 2589 Idem:
1652 2563 1813 2588 “Libenter
1839 2562 1922 2587 vobis
1941 2563 2008 2587 dare
2027 2563 2111 2587 multa
2137 2561 2293 2596 imperator

1394 2605 1408 2620 “
1419 2606 1480 2639 ipse
1494 2607 1624 2639 promisit
1641 2606 1712 2631 mihi
1732 2607 1761 2631 et
1779 2604 1928 2631 thesauros
1947 2605 2107 2631 mittere...
2119 2619 2145 2636 „-

1481 2646 1504 2664 ¹²
1527 2649 1614 2674 Idem:
1627 2647 1641 2661 “
1651 2649 1707 2674 Sed
1718 2649 1775 2678 ipse
1788 2647 1906 2680 Alexim,
1917 2651 1951 2672 ut
1961 2647 2016 2672 suis
2026 2646 2194 2672 auditoribus
2212 2645 2293 2680 quasi

1394 2691 1407 2704 “
1419 2691 1546 2716 redderet
1558 2708 1566 2716 .
1577 2710 1583 2716 .
1593 2708 1601 2716 .
1612 2709 1636 2724 η.

1480 2731 1501 2749 ¹³
1521 2734 1596 2759 [dem
1607 2743 1612 2758 :
1635 2732 1648 2746 “
1659 2736 1761 2759 tantum
1780 2733 1814 2758 de
1828 2732 1891 2757 meis
1904 2731 2066 2764 largiendis,
2074 2730 2223 2762 prudentes
2235 2729 2295 2757 vin·

1393 2774 1406 2787 “
1417 2775 1503 2800 veluti
1520 2776 1592 2805 estis,
1612 2783 1664 2809 ego
1678 2782 1730 2800 vos
1745 2774 1908 2800 ditissimos
1922 2774 2044 2798 facerem
2055 2791 2079 2806 ,,.

1480 2815 1502 2836 ¹⁴
1524 2819 1612 2843 Idem:
1634 2817 1648 2830 “
1657 2817 1711 2842 Pro
1730 2817 1822 2849 quibus
1840 2817 1921 2841 etiam
1940 2816 1983 2840 ire
1996 2816 2034 2840 ad
2045 2815 2233 2848 imperatorem
2251 2813 2292 2839 da·-

1392 2859 1405 2872 “
1416 2861 1524 2892 spo-suit,
1544 2861 1650 2892 loquens
1668 2863 1698 2884 ut
1709 2867 1758 2885 sua
1770 2859 1848 2891 quasi
1865 2858 1951 2883 omnia
1965 2858 2023 2883 illis
2035 2857 2181 2882 donatum
2194 2857 2287 2882 trans-

1392 2902 1405 2915 “
1417 2903 1514 2928 mittat
1527 2919 1553 2934 ,,.

1480 2943 1502 2963 ¹⁸
1522 2946 1611 2970 Idem:
1633 2944 1646 2959 ⁸
1650 2945 1827 2976 processisset
1837 2960 1863 2976 „.

1477 2984 1500 3002 ¹⁸
1518 2986 1607 3012 Idem:
1630 2986 1644 3000 α
1654 2987 1750 3012 allenit
1759 3003 1785 3018 „.

2331 1058 2369 1092 15

2323 2311 2357 2338 4⁵
2374 2347 2375 2350 Ἰ

2321 2520 2357 2548 so

2319 2719 2395 2762 55Ὶὲ

2375 2994 2385 3003 -“·
2376 2972 2385 2978 ³
2371 2773 2394 2965 {WWZ’D-fh’z
