2398 3470
127 224 180 259 [Α.
198 224 233 252 ο.
253 224 403 257 sio-siv]
706 214 998 252 ROMUALDI
1026 213 1394 252 SALERNITANI
1908 213 1978 250 153
1997 225 2072 248 Mun..
2084 230 2118 245 cc.
2137 229 2214 249 151-152

415 285 698 294 m-n---u---u--u
708 286 880 293 ι--.....,....-.....
1000 286 1026 292 ..-
1412 284 1584 291 ..um-..nuan-

120 335 293 369 senteutia
314 340 367 368 est
389 334 609 368 damnatum.
656 333 728 367 Sed
758 333 943 367 clementia
964 333 1059 378 regis
1082 332 1164 366 licet
1187 333 1291 367 morti
1320 332 1498 365 addictum
1530 332 1679 366 liberare
1711 332 1862 366 curauit:
1893 342 1973 365 nam

119 393 249 422 mutato
271 387 392 421 habitu
413 388 450 420 iu
473 388 720 421 monasterium
732 388 854 420 missus
876 392 938 419 est.
983 386 1132 419 Baioarii
1155 396 1306 430 quoque,
1324 385 1384 428 qui
1398 386 1546 428 perfidie
1572 386 1674 418 huius
1689 391 1724 419 et
1740 385 1874 418 fraudis
1889 394 1973 418 con-

120 440 183 473 scii
207 447 243 475 et
266 440 490 475 consentanei
521 441 650 483 reperti
673 446 764 479 suut,
787 439 891 472 exilio
914 449 977 482 per
1000 439 1137 472 diuersa
1167 439 1247 472 loca
1267 438 1468 481 relegantur
1498 439 1680 482 nullusque
1711 449 1831 472 eorum
1861 443 1974 471 morte

30 533 33 539 ¹
121 494 303 528 damnatus
325 499 387 527 est.

38 546 73 579 ’5
207 547 272 580 Est
293 547 388 580 natio
411 546 562 590 quedam
585 546 833 580 Sclauenorum
858 546 984 578 sedens
1007 556 1110 587 super
1133 545 1214 578 litus
1237 545 1372 583 oceani,
1396 555 1463 587 que
1487 545 1630 588 propria
1656 546 1774 589 lingua
1801 545 1974 578 Welatabi

119 599 277 633 francica
298 606 414 633 autem
437 598 557 632 Uultzi
579 605 735 637 uocatur,
759 598 903 631 Francis
926 608 1064 641 semper
1086 598 1228 631 inimica
1251 598 1483 641 finitimosque
1507 608 1588 631 suos
1614 598 1708 631 bello
1733 608 1892 640 premere
1920 607 1975 630 so-

119 651 215 686 lebat
226 652 249 685 ¹.
295 653 402 686 Cuius
431 652 653 685 insolentiam
675 662 737 685 rex
759 651 819 684 diu
842 660 912 684 non
943 651 1062 684 ferens
1084 651 1177 684 bello
1209 651 1312 684 etiam
1345 651 1488 694 aggredi
1518 652 1647 683 statuit.
1694 651 1974 694 Comparatoque

119 705 277 739 exercitu
300 706 394 748 apud
417 704 599 739 Coloniam
622 705 786 738 Rhenum
810 703 955 742 transiit,
979 704 1064 736 inde
1087 715 1149 746 per
1173 704 1359 737 Saxoniam
1389 703 1455 736 iter
1471 714 1577 747 agens
1603 714 1646 736 ae
1662 714 1727 747 per
1754 704 1895 738 Albiam
1911 704 1973 736 flu-

119 758 213 792 uium
238 759 418 797 transiens,
435 757 639 791 Uultzomm
656 763 783 790 terram
799 756 1005 800 ingreditur,
1023 763 1219 801 cunctaque
1234 757 1330 789 ferro
1347 763 1383 790 et
1399 757 1473 800 igni
1489 756 1619 789 uastari
1635 757 1743 789 iussit.
1782 757 1855 790 Sed
1885 767 1971 800 gens

40 808 95 844 ³10
117 811 188 850 illa.
213 811 371 856 quamuis
392 811 571 850 bellicosa,
593 810 762 854 impetum
778 810 872 854 regis
887 809 1057 843 sustinere
1074 820 1145 843 non
1160 810 1280 842 ualuit.
1320 810 1451 842 Eorum
1469 811 1597 852 quippe
1614 811 1780 853 primates
1804 816 1838 843 et
1861 810 1974 854 reguli

116 873 194 898 cum
217 865 379 898 uniuerso
402 864 534 907 populo
557 874 677 897 omnes
698 873 736 896 se
757 863 834 907 regi
855 862 1086 896 subdiderunt
1101 868 1137 895 et
1152 863 1256 896 fidem
1271 873 1309 896 se
1326 863 1401 906 regi
1423 869 1621 896 seruaturos
1653 863 1875 896 iureiurando
1892 874 1973 906 pro-

115 917 291 950 miserunt.
343 917 508 951 “Deinde
531 915 658 949 'omnes
680 916 846 949 barbaras
869 925 910 948 ac
934 916 1028 948 feras
1058 915 1215 949 nationes
1237 926 1306 959 que
1330 915 1422 948 inter
1448 916 1588 949 Renum
1612 922 1647 949 et
1670 914 1787 948 Salam
1811 916 1933 949 fluuios
1945 915 1967 949 ⁸.
2045 932 2064 946 c.
2081 928 2144 950 ιαμ

122 973 136 990 “
149 971 402 1014 Oceanumque
418 980 460 1003 ac
476 969 674 1004 Danubium
689 969 811 1013 posite,
834 969 953 1013 lingua
967 969 1110 1013 quidem
1126 979 1217 1012 pene
1235 969 1416 1002 dissimiles
1424 969 1448 1008 ⁴,
1463 969 1616 1002 moribus
1632 980 1716 1002 uero
1733 976 1838 1013 atque
1854 970 1974 1003 habitu

120 1025 136 1045 ‘¹
148 1024 249 1057 ualve
266 1023 458 1063 dissimiles,
475 1023 698 1057 Germaniam
714 1022 882 1062 incolunt,
898 1022 948 1055 ita
962 1022 1162 1065 perdomuit
1176 1028 1214 1055 ut
1229 1033 1288 1055 eas
1302 1022 1500 1055 tributarias
1523 1023 1714 1056 dimitteret
1727 1023 1749 1062 ⁵,
1766 1023 1856 1055 inter
1871 1034 1955 1067 quas
1968 1024 1973 1038 '
2053 1039 2092 1058 ψ

36 1075 92 1119 '¹15
116 1077 284 1120 precipue
295 1083 375 1110 sunt
387 1076 573 1115 Welatabi,
586 1075 722 1115 Sorabi,
734 1075 909 1115 Abodriti,
928 1074 1156 1116 Boemani⁶„.
1182 1074 1320 1114 Quibus
1335 1076 1488 1109 subactis
1511 1075 1647 1119 sibique
1670 1076 1844 1110 fidelitatis
1859 1087 1974 1110 saera-

114 1137 231 1164 mento
241 1131 395 1169 firmatis,
410 1131 534 1164 eadem
550 1129 609 1163 uia
619 1140 690 1173 qua
701 1135 846 1162 uenerat
859 1130 897 1162 in
914 1129 1096 1163 Franciam
1113 1139 1272 1162 reuersus
1287 1136 1349 1162 est.
1387 1128 1470 1168 Quo
1484 1135 1643 1172 tempore
1661 1131 1755 1172 apud
1779 1130 1972 1163 Baioariam

115 1184 324 1228 comparatis
350 1183 462 1227 copiis
477 1190 512 1216 et
528 1182 777 1217 commeatibus
793 1183 945 1223 firmatis,
961 1182 1106 1216 Carolus
1122 1193 1184 1216 rex
1199 1189 1238 1216 ut
1252 1182 1388 1215 Hunnis
1403 1183 1461 1215 uel
1477 1182 1654 1216 Auaribus
1670 1183 1799 1216 bellum
1816 1184 1974 1224 inferret,

114 1235 279 1280 bipertito
295 1236 454 1270 exercitu
466 1246 543 1269 cum
557 1236 635 1270 filiis
646 1235 716 1269 suis
727 1236 853 1279 Pipino
865 1241 902 1269 et
915 1235 1100 1270 Ludouico
1116 1246 1184 1269 nec
1200 1246 1271 1269 non
1285 1241 1322 1269 et
1336 1235 1464 1269 Carolo
1477 1234 1500 1275 ¹¹,
1516 1236 1612 1269 circa
1624 1243 1807 1280 utramque
1824 1237 1974 1270 Danubii

28 1326 29 1329 ¹
114 1289 226 1332 ripam
251 1290 346 1332 cepit
367 1290 445 1328 iter,
461 1289 630 1322 Baioariis
646 1289 681 1321 in
697 1288 846 1321 nauibus
860 1298 924 1331 per
941 1298 1065 1332 aquam
1091 1288 1240 1321 fluminis
1255 1295 1470 1332 commeatus
1485 1289 1724 1322 deferentibus
1740 1300 1782 1322 ac
1798 1289 1849 1324 sic
1864 1291 1974 1333 prima

50 1343 91 1376 20
114 1348 226 1376 castra
241 1352 346 1385 super
360 1341 504 1375 Auisum
517 1341 530 1360 ⁸
545 1342 686 1376 fluuium
703 1342 817 1385 posita
832 1337 922 1375 sunt.
955 1342 1045 1375 Nam
1061 1341 1116 1375 his
1130 1341 1254 1375 fluuius
1269 1342 1359 1375 inter
1374 1341 1613 1376 Baioan‘orum
1638 1348 1743 1386 atque
1767 1343 1971 1377 Hunnorum

113 1396 281 1430 terminos
295 1396 430 1429 medius
452 1397 571 1430 currit.
617 1395 723 1428 Plura
747 1397 878 1439 quippe
900 1395 937 1428 in
961 1396 1084 1429 eadem
1101 1395 1247 1439 regione
1274 1395 1385 1438 prelia
1408 1395 1453 1428 ab
1476 1406 1519 1429 eo
1541 1402 1640 1440 gesta
1671 1402 1761 1436 sunt,
1789 1397 1826 1429 in
1850 1397 1974 1440 quibus

113 1450 258 1483 multum
272 1449 450 1493 sanguinis
473 1449 621 1483 effusum
646 1455 707 1482 est.
754 1449 857 1482 Tunc
880 1449 956 1491 ipse
979 1449 1126 1482 Carolus
1148 1458 1210 1481 rex
1235 1455 1378 1491 pontem
1394 1449 1553 1482 naualem
1577 1450 1612 1482 in
1635 1449 1799 1484 Danubio
1834 1461 1903 1495 quo
1926 1452 1972 1484 ad

113 1501 243 1536 bellum
258 1502 461 1536 Humerum
476 1508 632 1536 uteretur
643 1502 829 1535 edifieauit.
853 1501 1012 1535 Deuictis
1027 1501 1133 1545 igitur
1144 1501 1281 1534 Hunnis
1294 1512 1483 1546 eorumque
1499 1513 1610 1546 regno
1623 1503 1812 1543 destructo,
1828 1505 1973 1548 direptis

114 1565 206 1600 pene
228 1555 386 1590 omnibus
409 1556 614 1589 Hunnorum
638 1555 773 1599 opibus,
796 1565 861 1598 per
883 1555 1140 1599 Commagenes
1162 1554 1266 1587 simili
1288 1555 1392 1588 modo
1415 1556 1585 1589 transiens
1608 1557 1705 1590 ferro
1728 1563 1765 1590 et
1786 1558 1860 1602 igni
1883 1568 1973 1601 pene

114 1615 241 1644 cuncta
262 1608 413 1642 uastauit
423 1607 447 1643 ⁰.
493 1609 623 1653 Sicque
648 1614 832 1653 peragrata
855 1619 896 1642 ac
919 1608 1100 1641 deuastata
1113 1608 1266 1642 maxima
1281 1619 1324 1642 ex
1339 1614 1438 1652 parte
1461 1608 1654 1650 Pannonia,
1683 1612 1698 1628 ¹⁴
1712 1616 1748 1643 et
1763 1611 1923 1654 apposita
1934 1612 1970 1644 in

117 1665 133 1684 ⁸
146 1662 263 1697 altera'
285 1662 438 1696 Danubii
462 1669 560 1707 parte
576 1663 697 1702 Dacia,
714 1662 845 1696 Histria
869 1672 1007 1706 quoque
1022 1667 1058 1695 et
1072 1661 1253 1695 Luburnia
1268 1668 1371 1706 atque
1399 1662 1581 1702 Dalmatia,
1605 1663 1763 1707 exceptis
1787 1665 1967 1698 maritimis
2044 1681 2063 1695 c·
2081 1675 2141 1701 ,μὰ

115 1718 130 1735 “
144 1715 344 1750 ciuitatibus
366 1727 452 1761 quas
482 1715 528 1749 ob
551 1715 740 1750 amicitiam
762 1721 798 1749 et
820 1715 928 1748 ictum
958 1725 1037 1748 cum
1062 1725 1105 1748 eo
1127 1714 1242 1755 fedus,
1265 1715 1513 1758 imperatorem
1543 1716 1967 1760 constantinopolitanum

115 1770 130 1787 ¹⁶
143 1769 274 1804 hebere
296 1769 452 1813 permisit
466 1768 489 1788 ¹⁰
502 1793 533 1810 „‚
556 1770 632 1813 ipse
654 1780 718 1802 rex
739 1780 818 1802 eum
842 1769 1007 1802 incolumi
1023 1768 1182 1802 exercitu
1206 1769 1506 1812 Francorumfper
1520 1769 1697 1803 Sabariam
1721 1771 1756 1803 in
1773 1770 1969 1804 Baioariam

111 1833 148 1856 se
169 1822 316 1866 recepit.
360 1822 499 1856 Dehinc
522 1822 560 1855 iu
582 1822 777 1867 Regrinum
802 1821 989 1860 ciuitatem,
1013 1832 1080 1866 que
1108 1831 1202 1855 nunc
1234 1821 1491 1866 Reganesburg
1520 1829 1678 1862 uocatur,
1709 1824 1814 1863 uenit,
1838 1824 1873 1857 in
1897 1834 1966 1868 qua

42 1886 65 1914 ,ν
109 1877 254 1910 ciuitate
276 1885 339 1909 rex
362 1876 606 1919 episcoporum
629 1882 840 1909 conuentum
865 1875 1105 1920 congregauit,
1133 1881 1278 1918 propter
1300 1875 1453 1909 Felicem
1478 1876 1681 1919 episcopum
1705 1876 1858 1922 Argellis
1882 1878 1967 1912 ciui-

49 1932 51 1934 ’
109 1929 190 1963 tntis
210 1929 247 1962 in
269 1929 421 1974 Pyrenei
443 1930 571 1962 montis
592 1930 675 1974 iugo
698 1929 773 1962 site.
820 1928 888 1961 Hic
911 1939 1061 1972 namque
1085 1929 1274 1972 episcopus
1295 1929 1438 1962 natione
1469 1930 1645 1973 Hispanus
1672 1936 1795 1964 contra
1818 1932 1969 1965 ecclesie

109 1982 282 2016 catholice
304 1982 408 2015 fidem
432 1982 707 2027 dogmatizabat:
731 1982 798 2015 Dei
820 1981 928 2014 filium
944 1992 1014 2014 nou
1029 1981 1207 2025 proprium
1225 1992 1299 2015 esse
1315 1982 1425 2025 patris
1440 1984 1502 2016 sed
1517 1983 1717 2026 adoptiuum
1729 1983 1763 2016 ¹¹.
1811 1984 1882 2023 Qui
1899 1996 1968 2018 non

201 2126 225 2146 ι.
238 2119 411 2152 dampnatus
432 2121 456 2146 C
472 2133 505 2138 —
525 2127 550 2145 s.
569 2119 685 2154 periidel
703 2120 789 2145 huius
811 2121 835 2146 C
852 2134 885 2139 ·—
905 2127 930 2152 3.
949 2119 1110 2152 rellgantur
1131 2120 1198 2145 c—
1213 2118 1237 2145 6.
1251 2119 1373 2146 Francia
1391 2122 1484 2145 autem
1505 2120 1600 2146 Uultzi
1622 2123 1750 2152 uocatur,
1769 2129 1802 2147 ea
1821 2122 1923 2148 Franci
1946 2124 1970 2149 C

113 2178 145 2182 —
162 2163 219 2197 57.
233 2164 310 2190 bello
322 2171 383 2190 esm
397 2164 515 2198 aggredi
534 2166 637 2190 statuit
657 2179 689 2182 —
712 2171 752 2190 10.
772 2171 855 2197 quam
871 2165 917 2189 uis
931 2165 954 2190 C
965 2176 974 2182 -
987 2164 1128 2189 sustinere
1141 2171 1200 2189 non
1215 2165 1312 2198 potuit
1327 2165 1350 2191 C
1362 2179 1395 2183 —-
1410 2172 1453 2198 13.
1466 2166 1565 2198 lingue
1578 2166 1693 2198 quidem
1714 2168 1738 2193 C
1755 2179 1788 2184 ——
1811 2174 1852 2199 14.
1870 2168 1967 2192 dimIt-

111 2210 184 2234 teret
204 2208 230 2234 C
245 2216 339 2234 nauca
357 2221 367 2227 -
388 2207 523 2234 obodriti
546 2209 573 2234 B
590 2217 604 2234 e
625 2209 706 2234 Sasso
725 2222 758 2227 —
781 2213 821 2241 ις.
840 2208 991 2233 fidelitatis
1010 2207 1141 2234 mancae
1154 2217 1168 2233 e
1182 2209 1262 2234 Sam
1282 2222 1314 2227 —-
1337 2215 1376 2242 17.
1396 2211 1604 2235 commeatibus
1622 2210 1742 2236 firmatis
1760 2212 1786 2236 A
1799 2211 1832 2243 B,
1852 2219 1966 2245 congre-

110 2252 188 2286 gatis
202 2253 226 2279 C
242 2265 275 2271 —
292 2251 332 2278 18.
349 2252 501 2278 Ludovico
517 2253 561 2279 C·
575 2251 685 2279 Catulo
699 2254 768 2280 0-
783 2259 825 2278 20.
845 2254 942 2286 posits
962 2254 1036 2277 sunt.
1051 2253 1124 2277 Nam
1142 2252 1188 2277 his
1208 2252 1312 2278 fluvius
1332 2254 1408 2279 inter
1426 2254 1629 2280 Baioariorum
1647 2263 1742 2281 manca
1762 2257 1789 2281 B
1806 2265 1820 2281 ι
1841 2256 1921 2281 Sasso
1933 2270 1966 2275 —-

110 2303 155 2330 ²3·
172 2296 339 2325 hedmesuit
352 2298 398 2324 C—
411 2297 491 2331 regis
512 2299 658 2324 destructa
678 2298 703 2324 c
718 2311 751 2316 --
772 2304 815 2330 ²4·
834 2296 1039 2324 eommienoa
1060 2297 1084 2323 C
1100 2310 1133 2316 —
1155 2296 1196 2323 26.
1215 2297 1346 2324 Historia
1365 2306 1476 2331 quoque
1495 2301 1523 2324 et
1549 2298 1698 2325 Luburnia
1720 2299 1744 2324 C
1761 2315 1794 2319 —
1814 2307 1855 2334 ²9.
1875 2301 1967 2326 Deinc

112 2341 137 2368 C
153 2354 163 2361 -
181 2341 403 2376 neg-neoburgi:
422 2343 449 2368 B
467 2351 480 2367 e
501 2343 582 2369 Sauo
601 2355 633 2361 —
654 2349 697 2376 31.
715 2342 825 2367 Pii-inei
850 2341 874 2366 C

8 2459 11 2464 ¹
47 2444 49 2450 .,
196 2428 204 2448 ¹
224 2430 350 2462 nur-us,
372 2431 541 2459 Continuam
563 2433 699 2463 Romana,
718 2433 759 2457 M.
782 2433 815 2458 G.
841 2432 877 2464 H,
900 2432 950 2458 SS.
970 2432 1007 2456 R.
1062 2430 1224 2458 Ludovlco.

52 2487 53 2490 =
107 2473 281 2507 Lssgobard.
301 2477 328 2500 ee
345 2473 410 2499 Ital.
433 2474 492 2504 cit„
511 2482 538 2508 p.
558 2481 625 2500 202:
645 2466 758 2500 “Anno
777 2473 838 2508 788,
858 2475 933 2499 idem
958 2481 1007 2499 rex
1149 2471 1161 2490 ⁸
1180 2474 1268 2505 Inna,
1287 2474 1301 2506 5
1323 2481 1369 2500 rs:
1390 2474 1404 2489 Β
1416 2491 1469 2501 ,...
1488 2477 1548 2510 ipse
1569 2476 1604 2501 ad
1623 2476 1748 2502 Lechum
1771 2485 1881 2502 amnem
1901 2485 1963 2503 eum

8 2536 16 2552 ,Ι
50 2523 53 2525 ·
109 2514 124 2529 ‘¹
133 2513 330 2541 Tasslllonem
350 2516 483 2542 leosrle
505 2517 602 2542 ducem
616 2517 650 2542 de
663 2517 832 2552 principatu
851 2517 935 2542 eiecit
946 2534 970 2548 ῃ.
1064 2515 1078 2529 “
1088 2523 1192 2550 magno
1212 2518 1293 2542 venit
1307 2517 1472 2542 exercitum.
1510 2518 1537 2543 Is
1556 2518 1660 2544 fluvius
1682 2519 1832 2545 Baioarios
1846 2520 1881 2545 ad
1895 2520 1964 2550 Ala-

10 2587 12 2590 ¹
195 2554 207 2572 ¹
227 2556 412 2587 sumnus.
424 2561 465 2590 op.
479 2558 534 2588 cit..
547 2558 562 2591 ς
578 2565 623 2584 12:
646 2559 660 2573 ‘⁴
671 2558 723 2584 Hls
736 2559 861 2584 motibus
875 2559 916 2583 its
930 2565 1006 2584 com·
1064 2557 1078 2571 ⁸
1089 2559 1207 2583 mannis
1226 2558 1337 2584 dividit
1347 2576 1370 2591 ,.

17 2593 31 2614 ’·
46 2615 55 2630 ¹2
109 2597 124 2654 z
134 2599 357 2667 posltlsissltvls
369 2601 420 2667 qtlil
434 2602 532 2668 noztrs
555 2601 763 2668 εῧιιιυεὲιὲᾰίἓε
776 2601 872 2630 Wilzl,
891 2601 1006 2634 proprie
1064 2641 1077 2655 a
1101 2643 1114 2667 t
1149 2597 1162 2615 ⁹
1179 2599 1292 2632 1nnm‚§
1303 2607 1344 2634 13,
1356 2609 1455 2627 manca
1471 2601 1484 2615 “
1493 2610 1542 2635 per
1553 2602 1763 2637 Commagenos
1775 2604 1865 2629 simili
1877 2604 1963 2630 modo
1992 2619 2024 2646 ²5

56 2647 57 2650 ’
133 2647 202 2667 vero
263 2649 291 2667 es
325 2649 338 2667 s
359 2650 374 2667 s
424 2650 438 2667 c
542 2661 549 2672 ,
650 2645 662 2667 t
874 2659 924 2668 ....
955 2661 961 2667 .
1085 2649 1138 2667 ec.
1168 2661 1173 2666 .
1235 2654 1237 2657 ·

194 2659 213 2699 ²,
224 2682 311 2716 Inus,
329 2644 541 2719 §uxffiopl-'tglff
562 2685 576 2698 ¹⁴
586 2649 619 2710 ete
632 2643 899 2711 ilistixlaiziuiitlzlos
910 2660 950 2717 ,pn
1150 2660 1173 2700 ¹⁰
1191 2684 1278 2715 Inus,
1298 2686 1312 2717 ξ
1334 2691 1374 2718 15.

21 2755 26 2762 Α,
194 2726 206 2744 ⁴
223 2725 311 2756 hm,
330 2727 416 2752 idun·
443 2727 539 2760 “pene
561 2727 670 2753 slmiles
681 2743 705 2761 ,μ
741 2727 864 2753 L'avevs
885 2726 933 2761 gl&
956 2735 1005 2753 av·
1149 2724 1170 2742 ¹¹
1190 2726 1282 2752 Potius
1300 2728 1415 2760 argelle
1434 2737 1480 2753 seu
1511 2730 1629 2762 Orgelli,
1656 2732 1766 2755 anuota
1790 2730 1884 2756 Sasso.
1921 2730 1962 2756 La

9 2765 28 2799 ’χ
46 2780 50 2790 «
63 2773 79 2800 3
106 2768 215 2793 vertite
234 2767 328 2794 Sssso.
1061 2767 1170 2793 notizia
1197 2776 1256 2793 non
1281 2770 1304 2794 si
1330 2771 1417 2795 trova
1443 2772 1473 2795 in
1499 2771 1684 2797 Emuuuws.
1719 2771 1745 2796 11
1768 2771 1913 2798 chronicon
1932 2773 1960 2798 di

30 2812 33 2821 ¹
194 2808 206 2826 ⁸
222 2809 310 2841 Inus.
331 2812 414 2838 idem:
437 2810 581 2837 “efficeret
591 2830 615 2844 η.
964 2814 980 2829 ··
1060 2804 1125 2836 Ado
1145 2812 1331 2837 sreivescovo
1345 2813 1375 2838 dl
1396 2813 1518 2843 Vlenna‚
1537 2815 1578 2838 Μ.
1594 2814 1628 2840 G.
1650 2815 1695 2843 H..
1714 2815 1765 2841 SS.
1784 2814 1819 2846 II,
1841 2822 1902 2848 320,
1920 2815 1962 2840 al·
1989 2832 2025 2857 30

193 2850 205 2868 ⁰
223 2851 258 2878 R.
276 2854 396 2879 omette:
425 2853 439 2868 ‘¹
449 2861 513 2879 cum
537 2854 585 2880 his
610 2861 731 2888 namque
756 2855 832 2880 bello
857 2855 1004 2884 conflixit;
1059 2852 1158 2878 l’snno
1179 2858 1231 2886 794
1244 2852 1304 2879 cosi
1317 2856 1443 2880 anneta:
1466 2855 1479 2869 “
1490 2854 1623 2888 synodus
1632 2872 1682 2881 ....
1704 2858 1733 2882 iu
1748 2856 1961 2883 Franconofurt

14 2889 25 2902 '¹
47 2926 52 2932 ν
67 2906 72 2912 ,
107 2891 122 2908 ¹¹
132 2895 247 2925 getan,
265 2903 385 2928 quum„
405 2896 498 2923 must„
520 2898 612 2923 ωηο,
624 2898 667 2923 3st
681 2905 822 2928 numeru„
836 2899 866 2923 ιη
880 2898 1005 2923 dedxtjo.
1060 2894 1073 2908 ‘¹
1087 2912 1110 2919 ..
1120 2910 1142 2919 ..
1155 2896 1184 2919 et
1204 2895 1355 2921 damnatus
1368 2898 1412 2921 est
1426 2897 1529 2922 iterum
1543 2897 1626 2922 Felix
1640 2905 1703 2923 cum
1716 2905 1811 2923 errore
1824 2906 1885 2927 suo,
1900 2906 1960 2933 per-

46 2934 51 2942 ³
110 2934 124 2950 ‘¹
136 2943 198 2962 nem
217 2940 342 2972 κωφὴ
352 2955 378 2970 „.
1062 2935 1076 2950 ⁸
1086 2938 1227 2969 petuoque
1240 2937 1333 2963 exulo
1346 2938 1421 2972 spud
1435 2939 1604 2971 Lugdunum
1627 2940 1768 2973 relegatus
1786 2943 1829 2966 est
1835 2957 1925 2973 ......

194 2978 205 2997 '¹
225 2979 409 3012 tinuimus,
427 2982 441 3014 ξ
463 2989 503 3015 13,
517 2989 575 3008 non
589 2984 670 3016 psrla
689 2983 840 3010 d'eserclto
861 2984 975 3010 affidsto
988 2991 1005 3010 a
