2398 3470
254 263 327 286 Mus..
345 270 364 283 c.
380 269 418 288 2²³

389 1939 421 1956 10

388 2145 417 2172 15

386 2359 421 2377 20

387 2572 418 2598 25

386 2786 421 2810 30

387 2991 419 3017 35

2076 252 2126 289 μ.
2147 252 2180 280 c.
2202 251 2295 287 ιιτη

454 252 528 292 276
1216 245 1529 282 CHRONICON

453 376 468 392 ‘⁴
482 379 602 407 contra
624 382 687 405 uos
702 370 962 414 pronunciatam
980 369 1177 402 executioni
1195 368 1377 408 mandetis,
1393 368 1451 400 uel
1468 378 1520 406 ea,
1536 378 1604 411 que
1621 374 1857 402 antecessores
1872 370 1980 403 uestri
1993 370 2124 404 seniori
2139 370 2295 403 Henrico

457 426 633 459 “reddere
657 429 923 461 consueuerunt‚
945 422 995 455 illi
1019 422 1158 455 faciatis
1172 445 1201 462 „.

538 478 618 517 Quo
642 477 771 515 audito,
797 476 965 509 Girardus
988 475 1092 508 Pesta
1122 475 1399 508 Mediolanensis
1429 474 1536 507 iudex
1566 484 1631 516 pro
1662 480 1761 516 parte
1790 474 2067 509 Lombardorum
2098 476 2292 520 respondit:

455 534 470 550 ⁸
483 531 556 565 Nos
579 530 718 574 quidem
740 529 954 572 imperatori,
978 530 1222 572 undecumque
1245 538 1309 561 nos
1331 527 1572 570 appellauerit‚
1597 528 1710 570 parati
1734 538 1850 560 sumus
1871 528 1962 562 sicut
1978 529 2119 563 domino
2133 529 2295 563 iustitiam

455 587 469 602 ‘⁴
484 585 615 621 facere,
638 583 701 616 sed
724 583 804 626 quia
827 583 892 615 hec
916 582 1047 615 iustitia
1070 593 1141 615 non
1164 588 1216 615 est
1238 582 1339 614 unius
1362 581 1513 614 hominis
1536 581 1599 613 sed
1621 581 1818 619 multorum,
1842 591 1913 614 non
1935 582 2035 615 unius
2057 583 2209 616 ciuitatis
2231 582 2295 616 sed

459 640 473 655 “
487 637 644 679 plurium,
667 637 856 669 secundum
881 646 1059 668 causarum
1083 635 1205 668 merita
1227 635 1387 667 inducias
1409 633 1647 677 postulamus,'
1663 640 1701 667 ut
1717 634 1949 668 deliberantes
1964 635 2098 678 plenius
2114 646 2218 679 super
2232 635 2296 674 his,

453 692 467 707 “
482 701 549 734 que
572 690 671 723 nobis
693 690 832 723 obiecta
855 690 997 729 fuerint,
1020 688 1230 731 competenti
1254 688 1333 720 loco
1356 693 1391 720 et
1413 687 1564 720 termino
1581 687 1675 730 apud
1690 697 1907 720 communem
1923 687 2076 721 iudicem
2090 688 2295 731 responsuri

455 743 670 776 “ueniamus.
717 743 824 782 Quod
847 748 963 775 autem
986 742 1104 774 dixisti
1127 742 1221 784 apud
1245 740 1454 774 Roncaliam
1477 751 1498 772 a
1521 740 1801 773 Bononiensibus
1815 740 1991 774 iudicibus
2006 748 2128 775 contra
2142 752 2205 775 nos
2219 753 2298 774 sen-

453 798 468 814 “
482 797 624 830 tentiam
647 797 753 829 fuisse
776 795 957 839 prolatam,
980 796 1084 838 plane
1112 795 1315 832 inficiamur,
1347 803 1423 826 eam
1455 803 1527 826 non
1556 793 1666 826 fuisse
1697 794 1916 830 sententiam.
1947 794 2011 827 sed
2039 795 2297 838 imperatoriam

453 851 467 867 ‘⁴
482 850 676 883 iussionem.
721 850 808 883 Cum
832 849 922 882 enim
945 849 1063 891 plures
1086 859 1129 881 ex
1152 848 1261 886 nobis,
1286 857 1352 879 nec
1374 857 1440 889 per
1455 846 1718 889 contumaciam,
1742 848 1926 880 fuissemus
1942 847 2112 888 absentes,
2127 848 2298 892 quidquid
2325 848 2363 880 10

454 906 468 922 “
480 910 564 938 tunc
587 910 709 937 contra
731 914 795 936 nos
818 903 949 935 dictum
975 903 1049 941 fuit,
1073 901 1174 934 nobis
1198 910 1326 934 nocere
1343 910 1415 933 non
1432 899 1548 940 debet,
1565 910 1631 933 nec
1648 911 1713 943 pro
1729 900 1902 933 sententia
1918 901 2089 944 reputari3
2104 901 2296 935 secundum

455 958 578 1001 “leges
599 958 692 990 enim
715 957 751 989 in
775 957 935 989 absentes
957 955 1093 998 prolata
1116 954 1286 987 sententia
1309 954 1436 986 nullius
1459 959 1512 986 est
1533 953 1668 987 roboris
1689 954 1747 986 uel
1770 954 1909 987 ualoris.
1956 953 2065 993 Quod
2079 965 2163 988 uero
2178 960 2297 998 postu·

450 1012 465 1028 ‘⁶
481 1010 572 1049 lasti,
596 1017 634 1043 ut
657 1021 698 1042 ea
720 1009 921 1051 imperatori
945 1009 1092 1041 reddere
1117 1008 1335 1045 deberemus,
1367 1017 1435 1049 que
1466 1006 1595 1039 seniori
1626 1007 1783 1039 Henrico
1816 1017 1836 1039 a
1867 1007 1993 1041 nostris
2022 1007 2298 1041 antecessoribus

451 1064 465 1080 “
480 1070 559 1097 sunt
580 1064 705 1103 soluta,
728 1061 988 1106 respondemus,
1019 1061 1113 1104 quod
1144 1059 1375 1103 prenominati
1404 1060 1622 1103 imperatoris
1655 1060 1904 1103 dispositiones
1937 1061 2070 1103 pariter
2103 1066 2138 1094 et
2170 1065 2296 1094 statuta

455 1120 624 1160 “propter
646 1117 887 1159 antiquitatem
911 1115 1077 1157 temporis
1100 1115 1170 1146 iam
1193 1125 1284 1156 pene
1315 1113 1503 1156 perdidere
1531 1114 1744 1153 memoriam,
1774 1124 1841 1147 nec
1871 1114 1958 1147 uiuit
1986 1114 2111 1158 aliquis
2140 1119 2295 1148 nostrum

450 1171 464 1187 “
478 1171 535 1203 uel
557 1176 720 1208 uestrum,
744 1170 803 1212 qui
826 1170 915 1201 bene
938 1168 1046 1210 possit
1067 1167 1161 1199 illius
1185 1166 1350 1209 temporis
1373 1167 1469 1199 dicta
1491 1166 1549 1200 uel
1565 1167 1662 1200 facta
1676 1167 1846 1201 recolere.
1891 1167 1980 1200 Item
1994 1167 2184 1210 imperator
2199 1165 2297 1200 Hen-

450 1225 464 1241 “
478 1223 580 1264 ricus,
603 1223 698 1256 salua
722 1223 928 1256 auctoritate
951 1221 1099 1263 imperii,
1123 1231 1193 1254 non
1210 1220 1315 1253 debet
1332 1220 1491 1253 dominus
1506 1221 1569 1253 sed
1585 1220 1740 1254 tirannus
1755 1220 1889 1253 uocari.
1934 1220 2022 1253 Cum
2038 1220 2132 1253 enim
2147 1220 2297 1254 misisset

453 1278 615 1309 “manum
639 1276 674 1308 in
698 1281 851 1308 sanctum
874 1274 1016 1307 Domini
1040 1280 1076 1306 et
1099 1273 1303 1306 Paschalem
1325 1283 1452 1316 papam
1477 1283 1583 1316 super
1605 1274 1714 1307 altare
1738 1275 1902 1317 cepisset,
1926 1280 1961 1308 et
1984 1284 2063 1307 cum
2086 1274 2211 1307 multas
2234 1283 2294 1307 ec-

454 1331 469 1347 “
483 1329 606 1362 clesias
629 1328 852 1362 destruxisset
872 1334 907 1360 et
930 1328 1112 1370 episcopos
1135 1332 1353 1365 excecasset;
1379 1327 1452 1359 eius
1476 1327 1573 1360 tacta
1594 1327 1690 1360 uelut
1717 1327 1873 1360 crudelia
1889 1333 1926 1360 et
1940 1327 2114 1360 tirannica
2129 1332 2199 1360 non
2214 1332 2296 1360 sunt

2321 1113 2359 1146 15

452 1382 647 1416 “trahenda
669 1382 716 1414 ad
739 1380 1023 1423 consequentiam
1046 1380 1103 1412 uel
1127 1381 1173 1413 ad
1199 1380 1400 1413 memoriam
1430 1380 1630 1414 reuocanda
1642 1382 1664 1413 ¹.
1711 1380 1784 1414 Sed
1815 1380 1842 1413 si
1874 1380 2079 1423 imperatori
2108 1380 2292 1423 placuerit,
2315 1381 2358 1413 20

535 1502 558 1526 5.
580 1497 621 1519 set
643 1493 667 1518 C
681 1501 694 1517 e
712 1493 803 1517 Arndt
821 1507 830 1511 -
849 1494 892 1517 set
913 1492 937 1517 C
951 1501 965 1517 e
983 1493 1075 1517 Arndt
1093 1506 1102 1511 ·
1123 1495 1164 1518 set
1187 1493 1210 1517 C
1224 1501 1238 1517 e
1255 1493 1348 1517 Arndt
1366 1506 1400 1510 —
1419 1500 1445 1524 9.
1465 1494 1506 1517 set
1528 1492 1552 1517 C
1567 1500 1580 1516 e
1598 1492 1690 1517 Arndt
1703 1506 1734 1511 —
1752 1498 1792 1524 17.
1805 1494 1846 1517 set
1863 1492 2011 1518 CeAnat
2024 1506 2033 1511 -
2046 1493 2250 1525 tyrannusBe
2265 1492 2293 1525 C,

448 1536 524 1562 Sasso
541 1537 658 1561 eArnde
676 1549 707 1553 —-
731 1535 770 1560 18.
789 1542 901 1560 servum
925 1535 1024 1560 Car-uso
1044 1549 1076 1553 —
1100 1543 1139 1567 19.
1158 1536 1309 1567 tyrannica
1328 1535 1354 1558 B
1372 1543 1385 1558 ι
1406 1535 1435 1565 C,
1455 1535 1532 1559 Sasso
1549 1542 1563 1558 e
1582 1535 1673 1560 Amat
1694 1548 1724 1553 --
1746 1541 1787 1560 20.
1806 1536 2009 1567 consequentia
2022 1535 2046 1558 A
2061 1548 2070 1554 -
2084 1534 2132 1560 Set
2147 1533 2296 1560 διάη-ἀί

452 1634 605 1667 “Ugonem
625 1634 659 1658 de
683 1633 770 1659 Porta
794 1634 975 1666 Ravegnana‚
1000 1634 1131 1659 Bononie
1156 1634 1309 1667 magistros
1319 1652 1343 1665 „‚

450 1676 646 1702 coll⁷incarico
665 1677 694 1701 di
714 1676 844 1701 stabilire
863 1677 942 1708 quali
963 1675 1074 1701 fossero
1095 1677 1103 1700 i
1124 1677 1212 1701 “iura
1237 1676 1344 1708 regalia

451 1719 527 1751 “que
546 1719 659 1743 ratione
678 1719 792 1751 imperii
813 1720 843 1743 in
863 1719 1036 1744 Lombardia
1056 1719 1090 1743 ad
1118 1720 1212 1751 ipsum
1237 1720 1344 1751 specta-

451 1761 538 1786 “rent
548 1771 578 1793 ης
593 1761 730 1786 Or'roms
742 1761 892 1786 Moammz
909 1760 1064 1790 chronicon,
1078 1762 1108 1785 in
1122 1762 1161 1787 M
1176 1762 1209 1786 G.
1224 1761 1270 1790 H.,
1285 1761 1344 1789 SS„

447 1804 547 1833 XVIII,
568 1812 595 1836 p.
614 1803 676 1835 607.
711 1803 753 1828 Lo
774 1806 863 1828 stesso
883 1803 1002 1828 Morena
1021 1802 1059 1836 (p.
1078 1802 1142 1836 639)
1163 1805 1187 1828 ci
1203 1803 1232 1828 {a
1246 1810 1344 1836 sapere

447 1846 511 1870 che:
533 1845 689 1870 “Pellebat
708 1846 836 1877 equidem
855 1846 924 1870 tunc
949 1845 1085 1870 Bononia
1111 1846 1140 1869 in
1167 1845 1345 1870 litteralibus

449 1886 583 1912 “cunctis
602 1888 701 1912 Ytalie
725 1888 903 1916 civitatibus,
928 1889 1053 1919 quatuor
1071 1887 1162 1920 legum
1182 1888 1344 1920 columpnis

449 1929 463 1943 “
474 1932 549 1955 inter
567 1933 677 1956 ceteros
697 1930 845 1963 magnifice
863 1931 1045 1955 radiantibus
1056 1949 1080 1963 „.
1117 1930 1162 1955 Un
1182 1931 1285 1963 ignoto
1300 1931 1343 1955 in-

447 1973 623 2006 terpolatore
642 1973 688 1998 del
709 1980 761 1998 sec.
780 1973 847 1998 xm
866 1973 894 1997 di
916 1973 1029 1997 codesta
1049 1980 1171 1997 cronaca
1191 1973 1276 1997 vuole
1295 1973 1345 1997 che

448 2016 590 2047 iquattro
611 2015 722 2040 dottori
741 2015 851 2040 fossero
876 2015 988 2040 antichi
1016 2015 1120 2039 scolari
1148 2013 1297 2046 d’Irnerio,
1322 2015 1344 2039 il

445 2057 527 2089 quale
548 2058 647 2082 vicino
666 2064 683 2081 a
702 2058 816 2087 morire,
837 2058 946 2081 chiesto
973 2057 1018 2081 ehi
1045 2057 1166 2082 avrebbe
1192 2057 1344 2090 designato

446 2107 461 2124 a
490 2100 663 2132 succedergli
692 2100 768 2124 nella
797 2100 933 2128 cattedra,
964 2099 1084 2124 avi-ebbe
1113 2100 1192 2124 detto
1223 2100 1244 2124 il
1274 2102 1344 2124 noto

447 2142 569 2167 distico:

520 2185 682 2218 “Bulgarus
701 2192 733 2209 os
753 2192 876 2214 aureum,
895 2184 1039 2209 Martinus
1058 2186 1143 2217 copia
1161 2185 1264 2217 legum,

518 2227 621 2252 “Mens
640 2227 734 2260 legum
754 2229 796 2252 est
814 2226 888 2259 Ugo,
908 2225 1027 2259 Iacopus
1048 2226 1077 2250 id
1097 2227 1172 2258 quod
1192 2234 1244 2258 ego
1256 2244 1282 2258 ῃ.

447 2268 534 2294 Certo
544 2270 602 2302 egli
611 2268 626 2294 ὲ
637 2270 687 2294 che
697 2268 844 2298 Giacomo,
855 2269 882 2293 al
897 2270 960 2302 pari
973 2268 1158 2302 dell’insigne
1169 2269 1293 2294 Maestro
1306 2269 1345 2293 Ir-

447 2313 535 2341 nerio,
556 2312 587 2336 fu
601 2312 773 2344 consigliere
786 2312 815 2336 di
831 2311 967 2336 Federico
980 2311 1002 2341 1,
1016 2319 1095 2336 come
1109 2312 1237 2336 Martino
1251 2319 1266 2336 e
1279 2312 1344 2336 Bul-

446 2361 516 2385 garo
535 2356 794 2386 rappresentarono
807 2355 835 2378 ai
855 2354 918 2378 loro
932 2354 1020 2385 tempi
1035 2353 1088 2378 due
1102 2353 1213 2378 diverse
1226 2353 1346 2378 tenden-

447 2403 479 2420 ze
491 2396 519 2420 di
541 2398 671 2429 pensiero
685 2405 700 2421 e
713 2398 767 2422 due
780 2396 922 2421 differenti
935 2396 1031 2421 scuole
1044 2396 1215 2428 giuridiche.
1241 2396 1345 2425 Vuolsi

448 2440 511 2463 anzi
526 2439 575 2463 che
588 2440 726 2471 Martino,
746 2447 803 2464 non
825 2441 962 2464 contento
977 2438 1088 2463 d’avere
1103 2439 1179 2471 cogli
1196 2439 1267 2463 altri
1281 2439 1344 2464 dot-

447 2481 503 2504 tori
518 2481 698 2506 sentenziato
713 2481 763 2505 che
772 2480 799 2505 le
812 2481 919 2513 regalie
929 2482 1103 2514 spettassero
1114 2480 1345 2513 all’imperatorffl

447 2522 531 2547 abbia
549 2523 647 2552 anche,
661 2524 764 2548 contro
777 2523 799 2547 il
814 2529 912 2555 parere
925 2523 952 2547 di
968 2523 1101 2555 Bulgaro.
1116 2523 1195 2547 detto
1210 2523 1260 2547 che
1274 2522 1346 2547 l'im-

446 2567 576 2596 peratore
594 2565 833 2598 gluridicamente
851 2573 897 2589 era
917 2565 1044 2598 padi-one
1065 2565 1111 2590 del
1132 2565 1247 2590 mondo.
1284 2565 1306 2589 E
1321 2566 1344 2589 si

447 2608 605 2639 soggiunge
624 2608 675 2632 che
694 2615 744 2640 per
762 2608 821 2632 tale
839 2614 977 2639 responso
997 2607 1081 2632 abbia
1101 2609 1190 2632 avuto
1213 2608 1242 2631 in
1269 2607 1344 2632 dono

448 2648 469 2672 il
489 2649 601 2674 cavallo
621 2651 752 2674 montato
772 2649 849 2674 nello
869 2651 959 2674 stesso
977 2650 1081 2681 giorno
1101 2649 1345 2682 dall'imperatore

448 2698 462 2715 e
481 2691 501 2715 il
522 2699 618 2716 severo
637 2693 768 2725 giudlzio
787 2693 816 2717 di
836 2693 970 2726 Bulgaro,
991 2692 1040 2717 che
1060 2693 1089 2716 in
1103 2691 1346 2724 quell‘occasione

447 2734 568 2758 avrebbe
579 2742 669 2759 messo
683 2735 760 2760 fuori
771 2735 794 2760 il
803 2736 923 2768 gustoso
934 2734 1082 2760 blsticcio:
1099 2732 1113 2747 ¹‘
1124 2734 1218 2759 Amisi
1232 2742 1345 2767 equum,

451 2775 465 2788 “
475 2777 542 2808 quia
561 2776 623 2801 dlxi
635 2784 745 2808 equum,
760 2777 836 2810 quod
850 2785 909 2802 non
924 2777 979 2802 suit
991 2784 1094 2809 equum
1104 2794 1129 2808 „.
1167 2776 1231 2801 Una
1245 2777 1344 2809 poesia

449 2818 493 2843 del
514 2825 566 2843 sec.
584 2818 659 2848 xm,
678 2822 766 2845 tratta
785 2820 831 2844 dal
852 2827 902 2844 ms.
923 2820 1058 2852 parigino
1076 2817 1144 2851 4615
1165 2826 1180 2843 e
1204 2819 1343 2852 rlpubbli·

446 2862 510 2885 cata
529 2860 576 2885 dal
598 2860 754 2891 Gaudenzi,
774 2863 801 2887 ci
820 2863 944 2887 assicura
965 2862 1016 2887 che
1035 2861 1164 2886 Martino
1177 2859 1207 2892 (†
1221 2868 1280 2885 non
1294 2859 1345 2895 piii

448 2903 525 2928 tardi
544 2903 589 2928 del
604 2903 682 2935 1166)
696 2905 719 2928 si
735 2903 821 2930 ritiro
835 2904 1126 2938 dall'insegnamento
1140 2910 1189 2937 per
1202 2903 1343 2929 dedicarsi

449 2944 507 2969 alla
526 2945 699 2970 consulenza
717 2946 874 2979 giuridica:

522 2987 598 3012 “Hic
617 2989 660 3012 est
677 2994 764 3020 equus
783 2989 905 3014 arbitrer
923 2990 951 3013 et
970 2987 1209 3014 iurisconsultus:

523 3028 536 3041 “
548 3028 683 3054 Consulit
702 3030 777 3054 hunc
798 3031 919 3064 sapiens,
941 3030 1068 3056 consulit
1086 3030 1160 3055 huuc
1180 3029 1295 3060 stultus,

1473 1632 1602 1658 “Nullus
1622 1641 1685 1658 eum
1703 1633 1831 1658 consulit
1850 1633 1911 1658 abit
1932 1633 2125 1662 inconsultum

1472 1675 1595 1701 “Animi
1616 1675 1712 1701 letitia
1732 1677 1878 1701 serenatur
1897 1676 1996 1700 vultus
2007 1694 2031 1707 ,,.

1398 1717 1443 1742 Cf.
1463 1718 1498 1742 A.
1519 1717 1689 1747 Garmai-121.
1708 1718 1744 1742 Lo
1761 1718 1849 1742 studio
1868 1718 1899 1742 di
1923 1718 2045 1750 Bologna
2069 1718 2116 1742 net
2133 1718 2223 1750 primi
2246 1718 2297 1743 du

1396 1760 1475 1784 secoli
1490 1760 1562 1784 della
1578 1768 1627 1785 rua
1645 1760 1780 1791 tristem,
1805 1760 1944 1793 Bologna,
1973 1767 2051 1793 1901,
2076 1768 2104 1793 p.
2131 1766 2179 1792 132
2205 1768 2221 1784 e
2239 1767 2296 1792 sg.;
2323 1769 2360 1795 40

1398 1803 1434 1828 A.
1452 1802 1554 1833 Somm,
1575 1803 1665 1828 Storia
1677 1803 1722 1828 del
1733 1803 1827 1828 dirim
1838 1802 1959 1831 italiana.
1978 1800 2008 1827 2⁸
2019 1803 2072 1833 ed„
2084 1802 2207 1832 Milano.
2221 1802 2297 1836 1918,

1399 1853 1426 1878 p.
1445 1844 1498 1877 516
1517 1853 1532 1870 e
1550 1853 1591 1879 sg-

1487 1886 1497 1904 ¹
1517 1887 1547 1912 Si
1566 1888 1721 1913 ricordano
1740 1889 1789 1920 qui
1809 1888 1836 1912 le
1855 1888 1930 1913 lotte
1948 1887 1992 1913 fra
2020 1888 2127 1912 Enrico
2150 1887 2176 1912 V
2201 1887 2296 1919 (1106-

1401 1929 1480 1963 1125)
1493 1936 1508 1954 e
1521 1929 1660 1962 Pasquale
1672 1930 1699 1955 II
1712 1930 1898 1962 (1099-1118),
1918 1930 1940 1954 il
1957 1930 2040 1962 quale
2054 1929 2100 1954 nel
2115 1935 2181 1955 1111
2197 1929 2228 1955 fu
2241 1931 2298 1962 get-

1399 1973 1461 1997 tato
1482 1973 1511 1997 in
1531 1973 1667 2004 prigione
1686 1972 1732 1997 dal
1754 1979 1851 1997 nuovo
1871 1972 2044 2005 Imperatore
2063 1972 2113 1997 che
2132 1972 2212 1998 volle
2229 1979 2296 1997 ven·
2324 1981 2356 2008 45

1398 2014 1494 2039 dicare
1514 2023 1529 2039 a
1547 2014 1638 2039 Roma
1657 2015 1749 2039 l'onta
1768 2014 1798 2039 di
1818 2013 1949 2039 Canossa
1969 2014 2043 2040 satta
2062 2014 2157 2040 subire
2179 2014 2216 2040 ad
2239 2014 2296 2039 En-

1399 2057 1460 2082 rico
1478 2056 1532 2086 IV;
1551 2057 1609 2082 Lib.
1628 2056 1738 2087 Pontifi,
1759 2056 1794 2086 Π,
1813 2064 1875 2090 341,
1899 2057 2020 2082 Annales
2031 2056 2158 2086 Romani,
2170 2065 2196 2083 a.
2211 2063 2297 2082 11112

1401 2099 1499 2125 “Cum
1518 2101 1575 2124 iam
1596 2100 1656 2125 dies
1675 2099 1834 2125 declinaret
1852 2100 1883 2124 in
1911 2107 2029 2132 vespera
2054 2098 2100 2132 (η
2124 2098 2204 2132 seh),
2229 2107 2295 2124 con-

1401 2141 1416 2155 ¹‘
1427 2142 1532 2167 sultum
1553 2150 1567 2167 a
1586 2142 1725 2167 fratribus
1743 2144 1776 2167 ut
1794 2150 1844 2167 rex
1863 2143 1963 2167 eodem
1983 2142 2029 2167 die
2043 2143 2238 2174 coronaretur,
2257 2149 2297 2166 ce-

1401 2183 1548 2209 “terorum
1574 2185 1712 2209 tractatus
1740 2185 1771 2209 in
1801 2186 1962 2216 sequentem
1988 2184 2172 2209 ebdomadam
2199 2183 2298 2209 differ·
2323 2189 2359 2215 50

1402 2225 1415 2238 “
1427 2228 1512 2252 retur.
1547 2226 1596 2251 Illi
1616 2227 1703 2251 etiam
1722 2227 1775 2252 hoc
1793 2227 1938 2251 adversati
1952 2228 2026 2252 sunt.
2063 2226 2142 2251 Inter
2154 2227 2223 2252 haec
2234 2227 2294 2252 tam

1403 2268 1561 2302 “pontifex
1586 2275 1726 2300 quamque
1751 2270 1780 2293 et
1805 2268 1966 2302 praefectus
1985 2269 2014 2292 et
2031 2275 2128 2293 omnes
2155 2269 2206 2300 qui
2233 2275 2296 2293 cum

1402 2309 1414 2323 “
1426 2318 1459 2335 eo
1473 2313 1554 2336 erant
1568 2319 1583 2336 a
1596 2311 1739 2336 militibus
1754 2311 1870 2336 armatis
1884 2311 2126 2336 custodiebantur.
2164 2309 2222 2335 Vix
2233 2311 2294 2336 tsn-

1402 2352 1416 2366 “
1427 2353 1489 2378 dem
1508 2353 1543 2378 ad
1565 2353 1654 2378 altare
1673 2353 1749 2378 beati
1767 2353 1847 2378 Petri
1866 2360 1918 2386 pro
1932 2353 2082 2378 sudlendis
2096 2353 2181 2377 misse
2194 2352 2296 2378 officiis

1402 2396 1660 2427 “conscenderunt‚
1679 2397 1730 2420 vix
1749 2396 1785 2421 ad
1804 2397 1979 2420 sacramenta
1998 2395 2100 2420 divina
2119 2394 2296 2420 conficienda
2323 2404 2355 2431 55

1402 2439 1537 2473 “panem,
1564 2440 1665 2464 vinum
1689 2441 1717 2464 et
1742 2446 1843 2472 aquam
1869 2440 1999 2463 invenire
2024 2439 2189 2472 potuerunt.
2225 2437 2295 2464 Post

1401 2481 1414 2494 ‘⁴
1424 2483 1548 2512 missam,
1567 2489 1601 2506 ex
1621 2481 1755 2507 cathedra
1775 2481 1943 2506 descendere
1962 2481 2126 2513 compulsus
2150 2481 2295 2514 pontifex.

1401 2523 1555 2549 “deorsum
1574 2525 1641 2549 ante
1659 2524 1871 2549 consessionem
1889 2524 1966 2548 beati
1986 2523 2061 2549 Petri
2081 2531 2144 2548 cum
2159 2523 2296 2549 fratribus

1401 2565 1508 2598 “sedit‚
1527 2567 1568 2591 ibi
1588 2574 1675 2598 usque
1693 2567 1729 2591 ad
1749 2566 1845 2592 noctis
1865 2566 1996 2591 tenebras
2017 2566 2050 2590 ab
2077 2566 2194 2591 armatis
2218 2565 2295 2591 mili-

1401 2607 1503 2634 “tibus
1522 2608 1699 2638 custoditum
1719 2609 1786 2633 inde
1812 2609 1847 2633 ad
1874 2609 2013 2641 ospitium
2038 2610 2119 2633 extra
2144 2608 2296 2633 aecclesiae
2322 2605 2358 2631 60

1402 2651 1415 2665 α
1426 2652 1531 2676 atrium
1550 2659 1611 2676 cum
1632 2651 1768 2676 fratribus
1787 2651 1924 2676 deductus
1937 2653 1988 2676 est.
2025 2651 2117 2683 Capta
2130 2652 2174 2676 est
2186 2658 2249 2676 eum
2261 2657 2295 2676 eo

1401 2693 1414 2706 “
1425 2695 1454 2719 et
1473 2693 1658 2718 diaconorum
1672 2701 1704 2719 ac
1719 2694 1898 2719 notariorum
1912 2695 1940 2718 et
1954 2693 2102 2725 laycorum
2116 2693 2296 2718 numerosior

1401 2735 1593 2766 “multitudm
1614 2737 1662 2768 qui
1682 2737 1778 2761 autem
1802 2737 1961 2765 evaserunt,
1986 2735 2038 2760 alii
2065 2735 2217 2768 expoliati,
2241 2734 2295 2760 alu

1401 2778 1413 2791 “
1424 2779 1540 2810 gravius
1560 2779 1700 2803 verberati
1721 2780 1797 2804 sunt.
1829 2778 1933 2803 Factus
1945 2779 1988 2802 est
2001 2778 2091 2810 igitur
2106 2779 2134 2801 in
2151 2777 2219 2802 urbe
2231 2778 2294 2802 tots

1400 2820 1590 2852 “repentinus
1608 2820 1757 2850 tumultus,
1776 2820 1861 2845 dolor
1880 2821 1909 2845 et
1926 2821 2050 2852 gemitus
2060 2837 2082 2851 ,Γ

1487 2862 1624 2895 Pasquale
1644 2862 1671 2887 11
1689 2861 1800 2887 sembro
1820 2862 2035 2891 aottomesterst,
2055 2869 2100 2886 ma
2119 2868 2168 2895 per
2187 2867 2267 2893 poco,
2280 2868 2295 2885 e

1397 2904 1505 2936 riprese
1523 2905 1551 2929 la
1570 2905 1655 2930 lotta.
1670 2900 1672 2902 ¹
1691 2905 1776 2937 Dopo
1795 2904 1884 2929 molte
1904 2905 2023 2929 vicende
2036 2911 2051 2929 e
2070 2904 2146 2936 dopo
2160 2903 2188 2927 la
2201 2905 2294 2929 morte

1398 2946 1474 2970 della
1493 2948 1625 2971 contessa
1644 2946 1776 2977 Matilde,
1794 2946 1900 2971 Enrico
1919 2945 1946 2970 V
1966 2944 2051 2971 torno
2069 2953 2087 2971 a
2105 2944 2196 2969 Roma
2214 2944 2294 2970 ePn-

1397 2988 1494 3020 squale
1514 2990 1538 3013 st
1557 2987 1665 3021 risugio
1687 2990 1716 3013 in
1737 2988 1833 3015 Castel
1846 2987 1876 3013 S.
1889 2988 2002 3020 Angelo
2016 2989 2079 3012 otto
2091 2987 2188 3019 gion-nt
2202 2987 2294 3018 prims

1397 3031 1425 3055 di
1447 3031 1569 3062 πιστὴ-ες
1590 3031 1628 3057 cs.
1647 3031 1705 3056 Lib.
1723 3030 1836 3060 huus„
1856 3031 1890 3059 11.
1909 3036 1970 3062 305.
2322 3034 2356 3060 70

2389 2075 2398 2151 i
