2398 3470
118 244 202 280 [ΛΑ.
223 244 256 272 c.
277 245 426 278 741-757]
700 236 991 273 ROMUALDI
1020 234 1386 272 SALERNITANI
1902 234 1973 270 143
2005 244 2218 268 Mun=.cc-1⁴1—1⁴2

123 310 1972 323 ----------------------------------------------------------------------------------------------------------------------------------------------------------------------------------------------------------

205 371 343 404 Interea
367 369 514 403 Carolus
537 375 745 403 memoratus
767 370 943 412 princeps,
967 368 1068 401 febre
1093 373 1274 411 correptus
1298 367 1445 400 consilio
1470 368 1674 410 optimatum
1692 377 1831 400 suorum
1855 367 1980 409 petito,

116 425 195 458 filiis
217 424 287 457 suis
302 433 411 467 regna
427 423 564 456 diuidit.
610 423 882 466 Primogenitum
901 422 1018 465 itaque
1037 421 1152 460 filium,
1170 420 1438 454 Carlomannum
1465 421 1616 461 nomine,
1632 420 1775 453 Austria
1791 426 1826 453 et
1842 419 1980 457 Suana,

117 488 184 521 que
209 487 302 510 nunc
325 476 534 509 Alamannia
558 476 686 508 dicitur
698 474 718 514 ¹,
742 474 949 508 sublimauit.
995 474 1110 507 Alteri
1133 484 1218 507 uero
1240 473 1311 506 filio
1334 473 1472 512 iuniori,
1497 473 1622 516 Pipino
1646 474 1797 512 nomine,
1821 472 1981 516 Burgun-

118 531 222 569 diam‚
247 530 446 562 Neustriam
470 534 507 561 et
529 529 752 562 Prouinciam
773 528 940 570 premisit.
987 527 1084 560 Obiit
1107 533 1222 560 autem
1246 526 1391 560 Carolus
1414 527 1581 570 princeps
1604 526 1779 560 Carisiaco
1807 526 1892 558 uilla
1924 537 1979 558 su-

75 583 93 616 5
118 595 184 626 per
205 584 333 616 Isaram
356 583 509 621 fluuium,
535 593 624 615 anno
648 582 819 615 incarnati
835 580 945 614 Uerbi
962 581 1139 614 DCCXLI
1161 580 1383 623 sepultusque
1407 586 1460 612 est
1482 579 1624 612 Parisiis
1640 580 1676 612 in
1699 580 1850 613 ecclesia
1873 580 1983 612 sancti

42 627 45 634 ἶ
118 636 278 680 Dionysii
312 635 483 679 martyris.
530 635 638 667 Rexit
675 640 791 667 autem
820 640 966 676 utraque
998 643 1108 677 regna
1146 633 1245 666 annis
1283 642 1385 664 xxxv
1401 631 1423 665 ².
1470 632 1671 676 Habuitque
1702 633 1796 666 idem
1827 632 1973 665 Carolus
2000 623 2107 674 ξζζυῖζῖἱ,
2124 654 2161 673 741

118 689 225 722 filium
250 689 354 721 alium
378 689 422 721 de
444 689 560 731 priore
582 697 703 728 uxore,
725 687 865 720 nomine
891 687 1118 730 Griphonem,
1142 687 1202 730 qui
1224 692 1303 729 post
1325 692 1472 719 mortem
1494 686 1601 728 patris
1624 686 1790 729 pleraque
1815 685 1980 718 fratribus

117 742 209 776 bella
230 742 357 780 intulit,
381 741 537 775 Saxones
560 751 699 785 quoque
722 747 845 774 contra
868 751 926 773 eos
950 740 1159 774 sollicitauit.
1206 740 1458 773 Carlomannus
1481 746 1596 772 autem
1628 745 1664 772 et
1694 739 1837 783 Pipinus
1872 740 1982 772 frater

51 829 54 831 Α
119 795 194 829 eius
217 795 335 828 iuncta
359 806 463 827 manu
487 795 675 828 Saxoniam
697 793 844 838 ingressi
879 799 960 826 sunt
983 799 1018 826 et
1040 793 1300 827 Theodericum
1324 793 1526 836 primarium
1554 794 1666 836 gentis
1688 793 1797 836 ipsius
1820 794 1857 825 in
1882 793 1980 825 dedi-

16 870 19 871 ν
44 849 100 882 2¹0
122 848 252 882 tionem
275 853 489 892 acceperunt
500 847 524 881 ³.
569 848 704 880 Eodem
727 856 819 879 anno
835 847 1097 887 Carlomannus,
1113 847 1207 891 quod
1223 847 1283 879 diu
1299 852 1399 879 antea
1415 852 1572 885 uouerat,
1590 847 1730 878 dimissa
1759 846 1981 888 expeditione

43 895 57 931 ³f
86 942 88 944 q
117 912 262 946 regnum
286 902 385 935 fratri
409 901 479 935 suo'
502 901 629 943 Pipino
652 906 952 945 cognognomento
982 911 1104 943 paruo,
1135 900 1345 943 relinquens,
1374 901 1450 942 ipse
1481 900 1631 932 Romam
1663 900 1759 932 uenit
1782 899 1899 943 ibique
1931 900 1983 932 di-
2058 916 2078 930 c.
2094 916 2154 935 17312

117 955 220 988 missa
244 955 391 988 seculari
415 955 526 999 gloria
550 954 595 987 ad
619 954 864 987 monasterium
888 954 1000 986 sancti
1025 953 1221 992 Benedicti,
1245 954 1342 996 quod
1365 959 1418 986 est
1440 953 1479 986 in
1502 953 1630 986 Casino
1656 959 1784 992 castro,
1807 953 1882 986 Deo
1913 964 1986 985 ser-

118 1009 269 1041 uiturum
292 1019 329 1041 se
353 1008 470 1041 statuit
492 1007 720 1040 monasticum
743 1006 900 1039 habitum
923 1007 1124 1049 suscipiens.
1171 1006 1315 1049 Pipinus
1331 1007 1450 1050 itaque
1473 1005 1716 1040 Burchardum
1740 1006 1983 1049 Wiziburgen-

44 1095 52 1107 >,
121 1071 194 1095 sem
217 1062 417 1104 episcopum
450 1067 486 1093 et
515 1059 731 1094 Fuldradum
761 1060 979 1103 capellanum
1009 1060 1100 1093 misit
1131 1060 1280 1093 Romam
1312 1061 1357 1092 ad
1388 1060 1593 1093 Zachariam
1624 1070 1762 1103 papam,
1793 1069 1919 1102 rogans
1945 1065 1984 1091 ut

53 1114 98 1150 715
122 1116 196 1148 eius
219 1115 426 1148 auctoritate
449 1114 662 1147 Francorum
685 1124 748 1146 rex
771 1113 1018 1147 institueretur.
1064 1114 1224 1157 Dataque
1239 1114 1419 1147 sanctione
1435 1124 1498 1146 sua
1513 1114 1695 1146 Romanus
1711 1113 1871 1156 pontifex
1886 1113 1986 1145 iussit

16 1169 20 1180 ·’
43 1175 45 1177 ’
120 1168 281 1212 Pipinum
304 1177 424 1210 regem
449 1167 581 1200 institui
592 1166 616 1200 ⁴.

207 1222 312 1254 Anno
336 1220 510 1254 dominice
533 1220 773 1254 incarnatione
807 1220 978 1254 DCCLII.
1010 1221 1201 1254 indictione
1232 1231 1267 1254 v.
1299 1221 1486 1254 Zacharias
1512 1221 1610 1263 Papa
1644 1220 1732 1253 obiit
1758 1226 1795 1253 et
1825 1220 1979 1262 sepultus
2002 1211 2206 1264 ξ’ἷὲῗῆᾌζῖζὶἶξζζα

120 1281 173 1308 est
195 1275 243 1308 ad
264 1275 403 1307 beatum
428 1273 580 1313 Petrum,
610 1274 666 1306 cui
689 1274 858 1306 successit
881 1273 1089 1317 Stephanus,
1113 1274 1254 1307 natione
1277 1274 1467 1312 Romanus,
1491 1285 1535 1307 ex
1550 1280 1650 1317 patre
1672 1274 1913 1313 Constantino,
1929 1284 1983 1306 se·
2006 1264 2212 1318 {ksss'asssssqsspa

16 1370 20 1377 ⁴
51 1334 71 1369 f
122 1328 241 1372 ditqu‘e
266 1327 363 1361 annis
386 1327 430 1366 V,
454 1337 562 1360 mens.
586 1337 610 1360 1.
662 1328 677 1344 ‘⁴
690 1327 759 1360 Hic
782 1332 863 1370 post
884 1328 995 1370 patris
1017 1328 1070 1360 sui
1094 1327 1227 1360 obitum
1250 1338 1378 1370 paruus
1402 1327 1602 1367 derelictus,
1625 1327 1661 1359 in
1676 1327 1869 1360 venerabili
1886 1326 1982 1359 cubi-

16 1379 23 1405 }
122 1381 138 1398 ‘⁶
154 1381 232 1414 culo
255 1380 484 1414 Lateranensi
507 1389 571 1423 pro
595 1379 756 1413 doctrina
779 1379 968 1423 apostolice
990 1380 1186 1413 traditionis
1216 1380 1280 1413 sub
1310 1379 1619 1424 predecessoribus
1649 1379 1873 1422 pontificibus
1903 1390 1983 1423 per-

47 1436 49 1438 ’
124 1435 139 1452 ‘⁴
152 1434 277 1467 mansit
291 1457 320 1476 „.
368 1432 484 1472 Quem
510 1433 663 1466 seriatim
676 1431 689 1449 ⁵
718 1443 784 1475 per
815 1433 1070 1466 ecclesiasticos
1101 1433 1240 1466 ordines
1271 1439 1526 1476 promouenten,
1559 1434 1762 1466 diaconatus
1793 1433 1829 1465 in
1861 1434 1982 1466 ordine

126 1489 142 1506 ‘⁶
155 1498 235 1520 eum
258 1487 520 1520 ordinauerunt.
565 1487 745 1520 Defuncto
769 1496 853 1519 uero
884 1487 1055 1519 Zacharia
1083 1497 1186 1530 papa,
1219 1487 1435 1530 Stephanum
1467 1488 1642 1530 quendam
1673 1487 1916 1531 presbyterum
1947 1488 1983 1519 in

124 1541 276 1574 “ordine
298 1541 521 1584 pontificatus
544 1545 689 1573 cunctus
712 1540 860 1583 populus
883 1540 949 1572 sibi
972 1540 1079 1583 elegit
1101 1546 1137 1573 et
1160 1540 1197 1572 in
1223 1540 1458 1573 Lateranense
1477 1541 1729 1584 patriarchium
1750 1541 1979 1580 intromisit„.

45 1624 50 1636 5
123 1593 195 1633 Qui
219 1595 300 1628 dum
324 1604 445 1627 causas
469 1594 680 1636 disponeret,
702 1593 818 1627 subito
842 1593 1096 1633 obmutescens,
1125 1594 1314 1627 defunctus
1345 1600 1406 1627 est.
1453 1594 1538 1627 Post
1567 1595 1635 1628 hec
1660 1600 1806 1627 cunctus
1832 1595 1982 1637 populus

17 1652 26 1668 *³
51 1646 99 1680 5
125 1653 359 1692 congregatus
381 1647 418 1679 in
441 1646 587 1680 basilica
610 1652 729 1680 sancte
751 1647 819 1679 Dei
841 1646 1022 1691 genitricis
1038 1647 1150 1679 Marie
1170 1648 1215 1680 ad
1230 1656 1387 1690 presepe,
1403 1647 1464 1680 ubi
1480 1657 1600 1680 omnes
1627 1648 1899 1681 misericordiam
1915 1648 1984 1681 Dei

50 1708 52 1711 ’
121 1699 163 1734 et'
186 1701 294 1743 ipsius
316 1710 454 1742 semper
475 1699 620 1743 virginis
643 1699 758 1733 Marie
781 1705 952 1743 potentes,
990 1700 1004 1716 ‘⁴
1018 1699 1112 1733 bono
1137 1700 1252 1733 animo
1275 1706 1312 1733 et
1335 1710 1489 1733 consona
1520 1710 1609 1734 uoce
1632 1701 1832 1743 predictum
1855 1701 1983 1734 beatis·
2061 1719 2081 1734 c.
2098 1714 2158 1738 173b

124 1754 275 1790 “simum
297 1753 410 1786 uirum
434 1752 498 1786 sibi
523 1752 706 1796 elegerunt
727 1753 938 1796 pontificem,
962 1763 1066 1796 quem
1092 1764 1211 1786 omnes
1227 1753 1362 1786 sincera
1393 1760 1510 1787 mente
1527 1764 1605 1787 cum
1624 1754 1735 1787 laudis
1758 1755 1932 1798 preconiis
1947 1755 1984 1786 in

123 1807 139 1824 ‘⁴
153 1806 330 1840 basilicam
366 1806 570 1845 Saluatoris,
602 1816 670 1849 que
709 1806 906 1849 appellatur
939 1806 1242 1846 Constantiniana,
1270 1807 1544 1850 deportauerunt
1575 1814 1610 1840 et
1644 1807 1770 1840 exinde
1805 1815 1986 1841 uementer

127 1860 414 1904 “patriarchium,
445 1861 542 1893 iuxta
572 1869 706 1892 morem
737 1870 816 1892 eum
847 1859 897 1893 ibi
927 1860 1187 1893 intromiserunt
1199 1858 1222 1894 ⁰.
1268 1860 1354 1894 Erat
1384 1861 1477 1893 enim
1508 1861 1619 1894 isdem
1651 1861 1869 1895 beatissimus
1895 1873 1988 1905 papa

20 1923 33 1954 ·j·
51 1914 91 1946 ‘3⁸
128 1915 144 1932 ‘⁶
157 1919 289 1947 amator
311 1913 462 1947 omnium
487 1912 713 1946 ecclesiarum
736 1913 814 1951 Dei,
837 1913 1058 1946 traditionem
1083 1913 1188 1946 etiam
1211 1913 1484 1947 ecclesiasticam
1512 1915 1611 1947 firma
1633 1914 1821 1948 stabilitate
1846 1925 1986 1948 conser-

26 1963 28 1965 ’
59 1963 61 1965 ’
124 1968 140 1985 ‘⁴
153 1977 249 2006 nans,
271 1977 466 2010 pauperum
488 1966 620 2000 Christi
643 1965 748 1999 uelox
769 1966 971 2006 subuentor,
987 1965 1087 1998 uerbi
1103 1966 1171 1999 Dei
1190 1966 1226 1999 in
1242 1977 1367 2010 magna
1384 1969 1577 2001 constantia
1599 1969 1803 2011 predicator
1817 1993 1847 2011 „,
1870 1970 1984 2012 pupil-

119 2019 231 2053 lorum
261 2031 304 2053 ac
334 2020 518 2054 uiduarum
548 2028 637 2053 uoce
668 2029 841 2063 manuque
872 2019 1078 2052 fortissimus
1113 2020 1297 2053 auxiliator
1308 2019 1331 2053 ⁷.
1378 2021 1447 2053 Hic
1477 2027 1593 2054 autem
1625 2021 1928 2056 obsecrationibus
1953 2031 1988 2057 et

119 2072 319 2106 muneribus
342 2073 518 2116 prefatum
540 2072 766 2116 Aistulphum
789 2082 908 2116 regem
935 2073 1115 2116 sepissime
1146 2074 1281 2107 monuit
1310 2079 1349 2107 ut
1378 2074 1503 2107 timore
1525 2075 1592 2107 Dei
1616 2085 1658 2108 ac
1690 2074 1783 2108 beati
1810 2075 1909 2109 Petri
1940 2077 1984 2110 ab

120 2126 342 2160 infestatione
365 2126 525 2159 Romane
558 2126 707 2159 ecclesie
725 2126 920 2159 desisteret.
968 2126 1042 2165 Qui
1065 2137 1145 2159 cum
1168 2127 1206 2160 id
1222 2127 1293 2171 ullo
1310 2128 1413 2161 modo
1438 2127 1481 2160 ab
1504 2128 1579 2171 ipso
1595 2129 1785 2171 impetrare
1800 2130 1984 2173 nequisset,

33 2174 41 2226 J¹
52 2182 68 2222 j·
120 2179 262 2212 tandem
275 2179 348 2222 ipse
364 2189 467 2222 papa,
484 2185 600 2222 spreto
615 2179 684 2211 iam
699 2179 1089 2222 Constantinopolitano
1100 2180 1308 2222 patrocinio,
1323 2180 1420 2214 uenit
1434 2181 1472 2213 in
1488 2181 1620 2214 Gallias
1632 2182 1679 2215 ad
1694 2181 1856 2225 Pipinum
1869 2192 1988 2227 regem

119 2243 183 2276 per
204 2233 431 2266 indictionem
454 2242 507 2265 vn
530 2238 568 2265 ut
591 2242 627 2265 se
651 2238 688 2264 et
710 2232 906 2265 Romanam
927 2232 1111 2265 ecclesiam
1135 2243 1156 2265 a
1178 2233 1488 2277 Langobardorum
1513 2235 1736 2277 oppressione
1761 2236 1986 2276 defenderet3

60 2281 62 2283 ’
119 2285 217 2319 uenit
238 2292 273 2319 et
288 2285 539 2319 Carlomannus
562 2286 673 2318 frater
688 2286 781 2330 regis
796 2286 864 2318 iam
881 2286 1071 2319 monachus
1095 2286 1210 2320 factus
1226 2287 1318 2320 iussu
1349 2287 1484 2321 abbatis
1507 2288 1572 2328 sui,
1596 2289 1760 2332 quoniam
1783 2288 1988 2333 Aistulphus

60 2335 64 2351 '⁷
119 2350 183 2372 rex
205 2339 302 2372 illum
326 2339 453 2372 obnixe
477 2339 685 2382 deprecatus
709 2345 761 2372 est
776 2344 815 2372 ut
831 2339 927 2382 apud
949 2339 1094 2372 fratrem
1116 2351 1215 2373 suum
1237 2340 1401 2383 precibus
1425 2340 1577 2375 Romani
1604 2343 1779 2385 pontificis
1803 2342 1987 2377 obsisteret

120 2403 162 2426 ac
185 2393 384 2426 contrairet.
430 2392 564 2425 Inuitus
587 2398 704 2426 tamen
727 2392 795 2426 hoc
819 2393 946 2425 fecisse
969 2398 1121 2436 putatur,
1145 2394 1226 2437 quia
1249 2405 1318 2428 nec
1335 2394 1394 2428 ille
1412 2394 1545 2428 abbatis
1561 2395 1614 2428 sui
1629 2396 1721 2428 iussa
1737 2402 1986 2439 contempnere

211 2506 238 2527 2.
255 2499 359 2525 Suevia
379 2501 431 2525 Be
449 2500 527 2526 Sam
545 2514 578 2518 --
598 2508 623 2533 4.
649 2501 779 2533 permisit
803 2493 919 2530 BCfA
937 2500 1070 2530 conforme
1099 2500 1251 2526 Continuat.
1276 2502 1448 2535 Fredegarii,
1469 2509 1519 2536 5²3
1540 2517 1572 2520 —
1594 2510 1620 2536 5.
1645 2503 1774 2529 Parisius
1802 2505 1825 2530 C
1844 2518 1877 2522 —
1899 2504 1924 2530 8.
1945 2507 1987 2530 in-

57 2546 66 2565 1:
121 2542 191 2568 tulit
208 2542 284 2568 bella
298 2544 347 2568 Be
359 2542 439 2568 Sasso
453 2557 485 2561 —
501 2549 543 2575 13.
557 2542 756 2568 monachicum
772 2543 795 2567 C
813 2556 846 2560 —
862 2541 902 2568 18.
916 2541 1075 2568 Costancio
1092 2544 1116 2568 C
1126 2557 1159 2562 —
1175 2550 1217 2569 21.
1230 2545 1354 2570 hordine
1370 2545 1394 2570 C
1404 2558 1434 2563 -
1452 2552 1494 2570 22.
1507 2546 1657 2578 quemdam
1670 2547 1697 2571 B
1708 2554 1722 2570 e
1741 2546 1818 2572 Sasso
1832 2561 1864 2564 —
1880 2552 1921 2578 25.
1935 2555 1987 2580 que

57 2587 65 2597 ²
123 2584 231 2610 dicitur
249 2584 287 2610 ad
306 2591 421 2618 presepe
437 2585 461 2610 C
477 2598 511 2603 —
530 2584 573 2610 28.
586 2585 618 2609 in
638 2584 788 2609 basilicam
808 2585 902 2610 saneti
920 2584 1081 2610 SaluatorIs
1102 2586 1125 2611 C
1143 2599 1152 2604 -
1173 2585 1449 2615 Constanssnlanam
1464 2589 1488 2613 C
1506 2601 1537 2606 —
1552 2595 1595 2620 33.
1610 2589 1779 2622 prephatum
1802 2589 1951 2614 Astulfum
1968 2592 1991 2615 C

69 2666 71 2669 r
122 2633 164 2660 34.
184 2626 266 2652 nullo
285 2627 372 2652 modo
394 2628 418 2652 C
432 2639 445 2646 ·
465 2627 641 2659 nequiulsset
656 2627 679 2652 C
697 2641 730 2645 —
750 2631 792 2660 35.
805 2628 887 2660 preto
907 2627 939 2651 di
951 2628 1044 2659 prima
1061 2635 1139 2653 mano
1155 2629 1178 2653 C
1190 2642 1221 2647 —
1236 2628 1279 2661 36.
1292 2637 1342 2663 per
1355 2629 1519 2655 indictione
1539 2631 1660 2664 septima
1675 2632 1699 2656 C
1710 2644 1741 2648 —
1758 2637 1801 2664 37.
1814 2631 1949 2657 Astulfus
1965 2634 1988 2658 C

61 2667 93 2702 '¹3
122 2681 155 2688 -
175 2668 219 2702 38.
236 2670 420 2695 contemnere
439 2670 466 2694 Β
483 2677 497 2694 e
516 2669 602 2695 Sasso.

55 2748 69 2777 ’.
119 2752 202 2778 hau
217 2753 382 2778 continuatio
406 2754 497 2785 tertia,
516 2753 530 2785 ἓ
556 2758 587 2786 35
616 2761 656 2785 sg.
676 2753 707 2777 in
729 2753 767 2777 M.
791 2753 825 2778 G.
843 2753 889 2784 H„
908 2755 947 2785 op.
966 2753 1021 2783 cit„
1164 2752 1177 2770 ⁸
1195 2754 1281 2787 Imm,
1303 2755 1318 2787 ἓ
1337 2761 1380 2789 35,
1399 2764 1426 2790 p.
1450 2755 1498 2781 182
1520 2764 1560 2790 sg-

121 2801 148 2827 p.
173 2800 236 2820 210.
269 2794 423 2826 ctrina-us,
457 2794 719 2827 Quiersy-sur-Oln.
748 2794 799 2820 Gli
827 2796 962 2820 attributi
991 2795 1022 2822 dl
1165 2795 1177 2812 ⁴
1197 2796 1243 2822 Cs.
1262 2797 1293 2823 L.
1310 2798 1350 2828 P„
1375 2798 1397 2828 1,
1416 2805 1484 2832 433:
1517 2800 1576 2824 Vita
1597 2799 1736 2830 laci-arte,
1755 2799 1768 2831 ἓ
1788 2806 1837 2824 21:
1855 2801 1984 2831 PAULUS,

13 2854 14 2857 ,
124 2836 340 2862 “astutissimus
365 2839 393 2862 et
419 2838 526 2870 ferox„
554 2837 700 2863 attribuiti
725 2844 742 2862 a
762 2844 791 2862 re
810 2837 930 2862 Astoxso
949 2845 1022 2863 sono
1079 2837 1246 2863 Contio-uano
1263 2839 1414 2864 Cannensis
1432 2841 1490 2870 cit„
1511 2848 1538 2874 p.
1561 2848 1624 2874 1993
1647 2841 1863 2866 Conttnuationes
1880 2842 1978 2867 Frede-
2018 2855 2047 2881 15

11 2905 13 2908 ,
61 2884 64 2887 ’
123 2880 154 2904 ln
165 2878 179 2893 “
190 2878 358 2905 Chronicon
372 2879 585 2904 salernitanum
596 2897 621 2911 „,
634 2880 674 2904 M.
690 2880 723 2905 G.
734 2879 769 2904 H.
784 2879 846 2911 SS.‚
858 2879 906 2909 111,
920 2887 947 2912 p.
961 2887 1021 2914 471.
1072 2878 1157 2911 garis,
1178 2880 1236 2909 cit„
1255 2887 1303 2914 pp.
1325 2879 1372 2905 181
1393 2888 1408 2905 e
1430 2880 1492 2910 1823
1513 2882 1527 2913 ξ
1547 2889 1582 2914 30
1600 2889 1614 2906 e
1634 2889 1677 2914 33.

66 2920 70 2922 ’
211 2920 219 2938 ¹
241 2923 460 2948 Continuationes
477 2922 638 2954 Fredegarii
655 2922 681 2956 (ξ
701 2922 756 2955 23),
776 2922 833 2948 vol.
853 2922 949 2957 clt.‚p.
965 2928 1023 2957 179,
1165 2919 1177 2938 ἦ
1195 2921 1225 2946 L.
1245 2923 1285 2954 R,
1300 2922 1322 2953 Ι,
1335 2929 1401 2955 44ος
1421 2922 1481 2948 Vita
1495 2924 1627 2956 Stephani
1639 2923 1675 2953 II,
1690 2924 1704 2955 ,ξ
1717 2923 1744 2948 1:
1768 2922 1781 2936 “
1792 2924 1946 2957 sigillatim
1957 2943 1985 2957 n·

124 2964 279 2998 aggiungee
299 2963 409 2997 “atque
428 2963 568 2998 Toringla
580 2981 605 2996 η.
1166 2961 1179 2979 ⁶
1196 2964 1226 2989 L.
1245 2965 1285 2995 R,
1303 2965 1324 2990 Ι.
1345 2972 1398 2998 440
1416 2967 1484 2991 cit.=
1508 2966 1569 2991 Vua
1589 2966 1722 2999 Stephani
1739 2966 1777 2998 II,
1796 2968 1810 2999 ξ
1831 2975 1850 2992 1.

211 3003 223 3022 ²
241 3006 329 3037 lnam,
347 3006 363 3040 ξ
382 3013 425 3039 24,
443 3013 470 3039 p.
492 3012 551 3040 179.
1168 3004 1179 3021 ⁷
1198 3007 1286 3039 IDEM,
1305 3007 1361 3033 loc.
1382 3008 1439 3038 cit„
1459 3007 1473 3039 ἓ
1490 3007 1524 3033 Π.

2057 2820 2074 2827 ..ι
