2398 3470
135 260 188 298 [Α.
206 257 241 290 c.
261 259 407 296 ⁷³7-'1681
722 253 1013 289 ROMUALDI
1041 250 1405 288 SALERNITANI

146 326 417 334 -no-u-——n--u---n-u-
419 318 1993 334 .......................................................................................................................................................................

140 373 155 390 ‘⁶
169 372 320 406 culmine
343 373 538 407 secundm
559 382 691 406 morem
714 371 896 415 elegerunt
910 394 925 410 ,,
939 371 971 412 3¹
997 376 1032 402 et
1053 371 1102 403 ita
1124 370 1160 402 in
1184 368 1376 412 apostolica
1399 368 1482 401 sede
1507 368 1686 401 ordinatus
1703 372 1756 400 est
1779 365 1995 409 temporibus

137 425 360 460 Constantini
383 432 419 459 et
441 424 571 460 Leonis
592 426 850 469 imperatorum.
903 425 918 440 ‘⁴
931 423 1016 456 Erat
1039 423 1133 455 enim
1157 423 1250 455 mitis
1272 427 1308 454 et
1330 421 1435 453 ualde
1466 421 1678 460 misericors,
1712 420 1798 453 nulli
1830 429 1993 462 umquam

143 481 158 496 ‘⁴
170 479 297 512 malum
320 489 385 522 pro
408 479 500 512 malo
523 479 694 516 reddensz
719 482 755 510 et
777 476 806 510 si
827 486 893 519 pro
916 482 1073 519 tempore
1088 486 1154 518 per
1169 475 1308 518 iniquos
1321 474 1487 506 satellites
1502 473 1743 513 tribulabatur,
1757 472 1769 492 ²
1786 474 1823 505 in
1838 471 1998 516 proximo

143 533 287 565 “tamen
309 531 440 575 pietate
462 538 575 565 motus
597 529 846 565 consolationis
868 529 938 562 illis
961 529 1236 562 misericordiam
1251 527 1462 560 inferebant.
1508 527 1587 565 Hic,
1611 532 1648 559 ut
1663 527 1762 559 multi
1777 525 1891 560 testati
1907 530 1998 563 sunt,

31 608 33 610 -
73 584 91 617 5
144 586 279 618 “noctu
301 595 367 628 per
388 584 610 628 semetipsum
635 594 703 617 cun
725 583 797 616 suis
819 581 1054 615 familiaribus
1078 582 1185 614 cellas
1207 590 1399 623 pauperum
1423 579 1638 612 infirmorum
1663 580 1909 617 adiacentium,
1937 577 1999 621 qui

145 639 216 671 “ex
237 637 308 671 suis
330 647 552 681 nequaquam
574 647 751 681 assurgere
773 634 938 668 ualebant
961 635 1107 674 lectulis,
1132 645 1197 667 nec
1221 644 1291 667 non
1315 638 1350 666 et
1372 633 1519 665 aliorum
1541 633 1684 675 inopum
1708 633 1881 673 circuibat
1895 632 2001 664 silen-

144 690 230 734 ‘tio‚
253 690 460 734 ampliorem
482 691 682 724 ministrans
705 689 774 722 illis
797 688 1007 728 alimoniam,
1032 694 1136 731 atque
1159 686 1304 720 subsidii
1325 686 1480 719 inferens
1496 696 1600 728 opem
1612 686 1635 719 ³.
1682 687 1755 719 Sed
1778 692 1813 720 et
1839 695 2001 719 carceres

144 745 278 788 “atque
300 743 370 776 alia
392 742 552 777 clau'stra
574 753 640 786 per
662 743 785 776 eadem
809 741 963 775 noctium
986 748 1122 774 secreta
1144 740 1316 779 uisitabat‚
1340 746 1375 773 et
1399 749 1485 783 quos
1507 739 1637 772 ibidem
1660 740 1864 772 inueniebat
1889 745 2002 771 retru-

34 835 37 840 ⁷
143 798 228 834 “sos
250 807 272 829 a
294 797 416 829 mortis
438 807 563 830 eruens
584 795 742 839 periculo
764 795 895 828 liberos
917 795 969 827 ire
994 794 1143 827 laxabat.
1189 793 1312 827 Plures
1334 803 1484 836 quoque,
1521 794 1580 835 qui
1611 792 1740 825 debitis
1771 792 1918 836 obligati
1950 797 2002 824 at-

34 857 36 860 ’
77 850 118 883 10
147 850 243 893 “que
278 849 418 890 afflicti,
440 860 461 882 a
483 850 552 883 suis
585 848 840 882 feneratoribus
868 847 1162 891 opprimebantur,
1193 847 1334 880 reddito
1364 846 1440 889 ipso
1473 846 1603 884 debito,
1635 857 1656 878 a
1690 846 1772 890 iugo
1806 846 2001 879 redimebat

32 902 34 904 ’
145 903 355 937 “servitutis-
402 902 528 936 Uiduis
551 909 586 935 et
609 902 763 946 pupillis,
787 901 1015 944 omnibusque
1040 900 1222 945 egentibus
1249 910 1352 943 opem
1375 900 1494 932 ferens
1508 922 1538 939 „.
1585 900 1652 932 Hic
1669 899 1870 944 aggregatis
1885 909 2001 932 sacer—

141 955 280 989 dotibus
315 966 394 988 cum
429 956 591 989 uniuerso
626 955 756 998 populo
790 955 949 988 Romane
983 955 1088 992 urbis,
1112 964 1240 997 corpus
1276 953 1376 986 beate
1400 951 1592 985 Petronille
1627 953 1671 985 de
1703 953 1783 986 loco
1814 952 1872 985 ubi
1904 952 2001 995 quie-

140 1007 260 1042 scebat
282 1009 369 1042 foris
390 1014 526 1052 portam
549 1009 608 1042 uia
630 1007 747 1052 Appia
770 1007 910 1041 abstulit
941 1019 1010 1040 una
1042 1018 1120 1040 cum
1152 1008 1372 1050 sarcophago
1402 1016 1609 1044 marmoreo,
1641 1007 1679 1038 in
1702 1017 1772 1050 quo
1803 1005 2000 1049 legebatur:

140 1062 331 1095 petronille
358 1063 437 1106 filie
470 1061 677 1099 dulcissima
719 1062 735 1079 ⁶
748 1061 841 1094 unde
878 1071 949 1093 non
984 1061 1127 1094 dubium
1163 1066 1226 1099 est,
1257 1060 1338 1103 quia
1367 1060 1520 1093 scultura
1550 1059 1609 1092 illa
1643 1059 1825 1092 literarum
1860 1059 2003 1102 propria

80 1115 118 1148 15
147 1114 266 1149 ‘beati
296 1114 392 1148 Petri
415 1115 564 1159 apostoli
587 1125 692 1147 manu
722 1114 904 1159 designata
928 1124 1002 1147 esse
1027 1114 1228 1152 dinoscitur,
1251 1113 1296 1147 ob
1319 1123 1473 1146 amorem
1497 1123 1557 1145 sue
1589 1113 1788 1146 dulcissime
1811 1119 1902 1146 nate.
1947 1112 2006 1155 Ip-

146 1169 245 1201 “sum
267 1168 386 1213 itaque
408 1174 565 1201 sanctum
589 1178 729 1211 corpus,
751 1178 822 1201 una
845 1177 922 1200 cum
946 1167 1164 1212 sarcophago
1185 1166 1385 1210 impositum
1401 1177 1505 1209 super
1521 1167 1714 1209 plaustrum
1731 1177 1860 1199 nouum
1883 1166 1919 1198 in
1944 1176 2002 1199 ec-

147 1221 283 1255 “clesia
305 1221 399 1255 beati
421 1220 520 1254 Petri
543 1221 691 1264 apostoli
714 1231 794 1254 cum
815 1222 939 1265 ymnis,
969 1227 1004 1253 et
1027 1221 1176 1254 canticis
1198 1220 1433 1264 spiritualibus
1466 1220 1692 1262 deportauit„
1710 1219 1747 1262 ⁴),
1782 1226 1818 1253 et
1852 1219 2005 1253 mirifico

143 1285 222 1308 cum
256 1275 391 1308 honore
427 1274 624 1308 collocauit.
676 1276 691 1291 ‘⁴
704 1274 790 1307 Erat
824 1274 916 1306 enim
951 1274 1155 1307 fortissimus
1186 1273 1380 1306 orthodoxe
1413 1273 1500 1306 fidei
1544 1273 1720 1312 defensor,
1758 1274 1852 1306 unde
1891 1273 2007 1316 sepius

148 1329 254 1361 “suos
276 1327 398 1361 missos
420 1337 500 1360 curn
522 1327 725 1371 apostolicis
748 1327 1005 1364 obsecratoriis,
1029 1333 1132 1371 atque
1157 1326 1405 1360 ammonitoriis
1421 1326 1544 1359 litteris
1566 1326 1711 1369 prefatis
1734 1326 1889 1371 augustis
1913 1325 2008 1359 Con-

45 1372 52 1388 *
78 1382 120 1414 20
149 1381 329 1414 “stantino
364 1387 399 1414 et
422 1381 534 1415 Leoni
558 1381 685 1414 direxit
706 1391 770 1424 pro
793 1381 1025 1420 restituendis,
1057 1381 1374 1423 confirmandisque
1403 1381 1438 1412 in
1469 1380 1615 1423 pristino
1647 1380 1884 1413 uenerationis
1914 1386 2007 1412 statu

149 1434 415 1467 “sacratissimis
445 1433 654 1478 imaginibus
676 1433 809 1467 domini
840 1434 1042 1472 saluatoris,
1074 1440 1264 1476 sancteque
1297 1434 1372 1466 eius
1409 1433 1598 1477 genitricis,
1622 1440 1727 1476 atque
1750 1433 1904 1466 omnium
1928 1443 2008 1465 san-

147 1489 162 1505 ⁴‘
177 1493 311 1520 ctorum
324 1487 336 1507 ⁵
349 1511 380 1528 „.
429 1487 496 1520 Hic
520 1487 645 1520 multas
667 1487 837 1520 ecclesias
858 1487 1078 1525 restaurauit,
1103 1488 1323 1530 quamplures
1346 1487 1463 1519 etiam-
1484 1474 1626 1520 nouiter=
1650 1487 1827 1520 edificauit
1857 1487 2007 1519 nonnul-

144 1541 195 1574 las
220 1540 386 1574 mirifice'
410 1541 600 1574 decorauit.
1148 1546 1151 1549 '

49 1639 52 1640 ⁷
235 1594 439 1638 Aistulphus
461 1601 577 1628 autem
599 1595 917 1639 Longobardorum
940 1606 1004 1627 rex
1027 1596 1136 1628 multa
1159 1602 1355 1628 sanctorum
1380 1605 1527 1638 corpora
1551 1606 1595 1627 ex
1617 1595 1788 1627 Romanis
1818 1595 1943 1627 finibus
1974 1595 2010 1626 in

46 1670 47 1675 ,
82 1647 123 1681 25
149 1647 295 1691 Papiam
319 1648 453 1688 detulit,
476 1649 742 1692 construxitque
765 1658 885 1682 eorum
909 1648 1060 1687 oracula,
1084 1647 1143 1681 ubi
1166 1649 1411 1681 monasterium
1436 1649 1609 1692 uirginum
1642 1648 1829 1686 dedicauit,
1861 1659 2008 1691 suasque

145 1701 233 1735 filias
253 1701 383 1735 ibidem
408 1702 647 1741 consecrauit;
670 1702 760 1736 fecit
782 1712 921 1745 quoque
946 1708 979 1734 et
1009 1702 1257 1735 monasterium
1292 1702 1327 1734 in
1359 1702 1443 1734 fines
1467 1703 1604 1741 Emilie,
1637 1702 1672 1734 in
1703 1712 1772 1745 quo
1803 1702 1911 1734 multa
1946 1702 2010 1734 do-

146 1755 244 1787 naria
265 1754 410 1799 largitus
433 1760 495 1788 est.
542 1754 614 1794 Qui
636 1755 741 1788 ualde
765 1755 886 1788 dilexit
908 1756 1098 1788 monachos
1121 1761 1156 1788 et
1179 1755 1216 1787 in
1239 1765 1358 1788 eorum
1382 1755 1542 1788 manibus
1570 1762 1722 1788 mortuus
1738 1761 1802 1794 est,
1829 1762 2011 1798 postquam

147 1807 310 1852 regnauit
332 1808 431 1841 annis
454 1807 523 1842 VII
545 1814 580 1841 et
603 1808 778 1842 mensibus
801 1808 870 1842 V⁶.
918 1809 996 1842 Fuit
1019 1814 1132 1841 autem
1156 1809 1360 1851 pernimium
1383 1810 1499 1842 audax
1533 1816 1567 1841 et
1590 1810 1712 1847 ferox3
1737 1809 1796 1841 hic
1823 1809 1926 1841 etiam
1951 1819 2013 1852 ap-

145 1861 263 1904 posuit
285 1860 381 1905 leges
404 1861 440 1894 in
465 1861 778 1905 Langobardorum
801 1862 942 1895 Edicto.

237 1913 423 1958 Aistulpho
446 1921 560 1948 autem
583 1916 752 1948 successit
774 1916 811 1947 in
834 1925 979 1958 regnum
1003 1915 1216 1954 Desiderius‚
1240 1916 1299 1960 qui
1316 1916 1571 1949 comestabulus
1587 1916 1661 1949 eius
1676 1917 1801 1949 fuerat.
1849 1916 1918 1949 Iste
1935 1916 2012 1960 qui-

148 1967 228 2000 dem
251 1967 391 2001 ultimus
413 1968 725 2012 Langobardorum
748 1979 822 2008 rex,
844 1968 967 2012 uiginti
993 1975 1072 2001 octo
1096 1969 1197 2001 annis
1220 1969 1346 2002 mansit
1375 1970 1411 2001 in
1442 1968 1575 2013 regno⁷
1606 1969 1851 2013 Langobardis
1880 1970 1948 2002 iam
1972 1970 2009 2002 in

50 2030 56 2062 J
107 2062 109 2065 Ι
147 2020 281 2054 deliciis
301 2021 472 2055 resolutis.
518 2021 629 2055 Huius
652 2022 794 2065 quidem
818 2022 1034 2065 temporibus
1057 2022 1185 2054 Paulus
1207 2022 1384 2055 Diaconus
1407 2023 1521 2056 eidem
1546 2023 1621 2066 regi
1650 2023 1880 2062 charissimus,
1905 2024 1940 2055 in
1957 2034 2012 2056 ar-

51 2079 53 2086 *
148 2072 240 2107 tibus
261 2073 387 2108 floruit.
433 2073 498 2108 His
520 2084 660 2118 quoque
685 2074 808 2108 diebus
831 2074 1091 2114 Constantinus,
1116 2081 1348 2119 cognomento
1371 2082 1587 2118 persecutor,
1610 2087 1687 2109 cum
1717 2077 1792 2119 ipse
1808 2076 1902 2110 solus
1917 2077 2012 2119 apud

148 2127 486 2170 Constantinopolim
502 2133 583 2170 post
597 2128 792 2170 predictum
810 2128 967 2161 Leonem
983 2135 1158 2171 regnaret,
1175 2135 1210 2161 et
1222 2129 1376 2162 eiusdem
1389 2130 1522 2162 Leonis
1536 2140 1674 2162 errores
1690 2140 1768 2163 cum
1786 2130 1882 2162 omni
1898 2132 2012 2163 inten-

82 2178 125 2212 35
148 2179 246 2214 tione
266 2186 547 2224 prosequeretur,
570 2180 700 2214 direxit
722 2181 848 2224 Pipino
870 2181 947 2224 regi
970 2190 1114 2214 munera
1136 2182 1242 2215 multa
1254 2181 1276 2215 ⁸.
1322 2183 1400 2225 Ipse
1426 2183 1516 2216 enim
1533 2183 1677 2226 Pipinus
1693 2183 1762 2216 iam
1780 2184 1867 2217 dicti
1883 2183 2014 2216 Leonis

59 1889 61 1892 ⁴
82 1916 124 1948 3ο

241 2304 265 2323 2.
284 2305 317 2323 sc
335 2298 418 2324 ualde
438 2299 462 2324 C
479 2311 512 2318 -
531 2307 557 2332 4.
576 2299 719 2325 inserebat
737 2300 764 2324 B
782 2308 796 2324 e
817 2300 896 2325 Sasso
917 2313 949 2317 —
970 2306 995 2333 7.
1015 2300 1155 2325 clrculbat
1174 2300 1311 2325 scilencio
1330 2301 1474 2335 ampliora
1494 2301 1662 2326 ministrans
1690 2301 1751 2326 illis
1777 2301 1917 2326 alimonie
1940 2300 1964 2325 C
1981 2315 2014 2319 —

151 2341 176 2367 8.
196 2343 292 2368 eadem
312 2351 405 2369 manca
422 2343 450 2368 B
467 2352 481 2368 e
501 2344 582 2370 Sasso
601 2358 634 2362 —
658 2351 698 2369 ιο.
718 2345 830 2378 prebito
844 2353 893 2369 non
912 2344 1025 2369 reddito
1044 2346 1071 2369 B
1090 2353 1103 2369 e
1123 2345 1202 2370 Sauo
1222 2358 1254 2363 -
1277 2352 1318 2370 υ.
1339 2346 1446 2371 ferebat
1459 2354 1507 2371 mm
1521 2346 1614 2371 ferens
1633 2347 1659 2370 B
1679 2355 1692 2371 e
1713 2347 1791 2372 Sasso
1812 2360 1845 2363 —
1867 2353 1908 2378 13.
1923 2353 2015 2371 sarco-

152 2387 220 2420 fago
241 2388 309 2413 C-——
325 2395 365 2421 14.
385 2389 512 2414 scultura
531 2389 613 2414 illam
633 2390 794 2414 litterarum
817 2390 840 2414 C
857 2403 890 2407 —
913 2394 953 2420 15.
971 2389 1154 2422 dignoscitur
1176 2391 1200 2415 C
1216 2403 1225 2408 -
1244 2392 1311 2416 nate
1331 2392 1354 2416 C
1372 2400 1466 2416 manca
1486 2405 1519 2408 —
1541 2397 1582 2423 17.
1601 2391 1677 2416 Petri
1698 2392 1827 2424 apostoli
1847 2391 2013 2423 deportault

150 2438 212 2457 cum
231 2432 346 2466 hymnis
364 2433 391 2458 B
409 2442 422 2459 e
441 2434 537 2463 Sasso;
555 2434 672 2467 ympnis
695 2434 718 2458 C
735 2447 767 2452 —-
787 2440 829 2458 21.
849 2434 1058 2458 sacratissimas
1078 2435 1238 2466 lmagnines
1256 2435 1280 2459 A
1299 2449 1332 2454 -—
1351 2442 1394 2459 22.
1414 2435 1581 2460 hedificavit
1595 2437 1622 2460 et
1638 2437 1661 2462 C
1680 2449 1712 2453 —-
1727 2435 1931 2468 24.Aistu1fus
1946 2436 1970 2460 C
1983 2448 2014 2452 —

26 2484 30 2495 s
61 2469 71 2498 ',
103 2481 117 2507 5
151 2482 194 2510 27.
207 2477 282 2502 dona
301 2477 423 2511 largitus
446 2478 470 2504 C
486 2492 519 2496 —
539 2486 583 2511 30.
602 2479 735 2503 Alstulfo
757 2479 780 2504 C
799 2492 830 2495 —
852 2485 895 2510 31.
917 2477 1044 2511 xxan.
1068 2478 1092 2503 C
1110 2493 1139 2497 —-
1160 2485 1203 2511 3²·
1223 2479 1392 2504 karissimus
1413 2482 1437 2507 C

240 2544 250 2563 ¹
269 2547 303 2573 L.
317 2547 360 2579 P„
375 2547 394 2574 l.
407 2555 431 2573 c.
445 2560 456 2567 -
468 2547 483 2580 ἕ
495 2547 640 2581 ΕῙΑΒΡὲ,
656 2549 778 2581 Regesta
792 2549 973 2573 Romanorum
985 2549 1055 2574 Pom

1197 2548 1209 2565 ⁶
1227 2549 1354 2579 PAULUS,
1376 2551 1547 2576 Continuatio
1567 2552 1660 2581 tertia,
1679 2551 1694 2583 ἓ
1713 2557 1756 2583 40,
1785 2552 1816 2575 in
1837 2551 1878 2575 M.
1910 2551 1940 2575 G.
1967 2551 2015 2585 H.‚

150 2589 259 2622 nfesta,
280 2597 308 2624 p.
328 2588 372 2623 67,
393 2597 422 2615 n.
442 2590 521 2624 2336,
539 2588 576 2616 da
595 2591 623 2615 la
643 2591 744 2616 lettera
763 2598 817 2615 con
837 2592 883 2616 cul
901 2590 992 2616 Paolo
1005 2598 1055 2616 an-

1110 2591 1162 2617 SS.
1181 2593 1239 2617 vol.
1260 2594 1318 2622 cit„
1337 2600 1364 2625 p.
1385 2599 1445 2618 210.

94 2717 125 2736 10

96 2929 125 2956 15

151 2630 257 2656 nuntio
276 2638 292 2656 ι
311 2631 442 2665 Pepplno
461 2633 489 2657 la
509 2635 602 2658 morte
620 2633 651 2658 dl
670 2632 790 2658 Stefano
815 2632 850 2662 11,
864 2641 915 2658 suo
929 2633 1055 2663 fratello,

151 2681 166 2698 e
185 2673 213 2698 la
232 2681 282 2698 sua
301 2674 439 2700 elezione.
458 2674 523 2707 ΕΒΗ
544 2675 573 2699 su
586 2675 723 2700 ordinato
736 2682 810 2709 papa
824 2675 846 2699 il
861 2681 894 2708 ²9
908 2682 980 2708 mag.
995 2681 1055 2709 757.

241 2713 252 2732 ¹
270 2715 355 2748 Inna,
374 2716 394 2742 l.
413 2724 436 2742 c.
455 2716 470 2749 ς
487 2716 543 2742 111:
565 2717 579 2731 “
589 2717 625 2743 Et
645 2717 670 2742 si
688 2725 740 2751 pro
761 2717 876 2742 modico
889 2725 1056 2751 quemquam

154 2756 168 2771 ‘⁴
178 2765 228 2792 per
246 2758 366 2791 lnlquos
384 2759 524 2784 satellltes
537 2759 696 2785 tribulabat
709 2778 714 2784 .
725 2779 730 2784 .
743 2779 748 2784 .
759 2779 764 2784 .
785 2760 997 2786 consolationis
1009 2760 1057 2785 1111

155 2799 168 2812 ⁴¹
178 2800 321 2826 inserebat
343 2801 573 2827 misericordlam
584 2819 609 2834 ,μ

241 2841 253 2859 ³
271 2843 359 2874 Iam,
379 2844 397 2869 1.
417 2852 441 2870 c.
460 2842 495 2870 R.
515 2844 626 2869 cambla
644 2845 764 2877 qualche
784 2845 883 2877 parola
904 2852 920 2870 e
938 2845 1058 2878 qualche

154 2885 349 2919 dispositione
368 2884 397 2910 dl
417 2885 549 2919 periodo.

243 2926 255 2943 ⁴
273 2927 360 2957 IDEM,
378 2927 400 2958 1,
419 2927 480 2961 4⁶4-

242 2968 254 2985 ³
272 2968 307 2996 R.
326 2969 460 2995 modlfica
479 2978 496 2995 ο
510 2971 656 3004 sopprlme
669 2971 788 3003 qualche
802 2971 902 3006 ραι-013
916 2972 991 2997 della
1004 2972 1058 2997 fine

154 3012 199 3037 del
219 3011 233 3043 ξ
251 3012 300 3038 ΠΙ.
319 3012 372 3037 Nel
392 3014 469 3038 resto
488 3013 632 3038 rtansume.

288 3102 323 3127 T.
343 3101 403 3131 vn,
422 3109 450 3135 p.
474 3109 484 3127 ι
506 3115 540 3120 -
561 3108 602 3127 10.

1198 2632 1210 2650 ⁷
1229 2634 1341 2660 L’anno
1362 2636 1392 2660 di
1413 2643 1501 2669 regno
1520 2634 1536 2661 ‘e
1554 2638 1657 2661 errato.
1675 2636 1708 2660 R.
1729 2637 1834 2661 attinse
1854 2636 1911 2661 alla
1926 2636 2015 2662 mede-

1111 2677 1183 2702 sima
1193 2677 1275 2702 fonte
1285 2678 1361 2703 onde
1372 2679 1479 2703 attinse
1491 2679 1519 2703 la
1533 2678 1702 2703 Continuatio
1711 2679 1865 2703 Lombarda
1874 2679 1904 2703 dl
1915 2678 2016 2707 Panlo,

1111 2719 1160 2744 che
1179 2720 1347 2745 attribuisce
1367 2728 1436 2753 pure
1456 2729 1471 2745 a
1490 2721 1642 2746 Desiderio
1666 2728 1697 2745 10
1715 2721 1786 2745 anni
1800 2721 1828 2745 di
1842 2728 1932 2754 regno
1952 2722 2016 2745 solo

1111 2769 1125 2786 e
1147 2761 1178 2787 18
1198 2770 1252 2787 con
1273 2763 1425 2795 Adalgiso.
1447 2763 1508 2789 CR:
1530 2764 1571 2788 Μ.
1595 2764 1627 2788 G.
1649 2764 1692 2792 H..
1715 2764 1771 2788 vol.
1792 2764 1849 2793 cit„
1870 2771 1896 2796 p.
1910 2769 1971 2796 217.
1990 2764 2013 2788 11

1115 2803 1259 2829 Chronicon
1282 2805 1454 2830 Vulturnense
1467 2813 1481 2830 e
1495 2806 1522 2830 la
1538 2807 1707 2831 Continuaeio
1722 2807 1872 2831 casinensis
1883 2806 1912 2831 di
1927 2806 2017 2831 Paolo

1113 2845 1209 2871 danno
1233 2846 1263 2872 18
1283 2849 1351 2872 anni
1373 2847 1400 2872 al
1421 2855 1509 2880 regno
1530 2848 1560 2872 di
1579 2848 1731 2872 Desiderio
1751 2855 1805 2873 con
1831 2848 1982 2881 Adalgiso.

1202 2887 1214 2905 ⁸
1232 2889 1449 2919 Famumamus,
1465 2891 1647 2919 continuatio,
1662 2890 1718 2923 (40)
1731 2898 1778 2915 an.
1797 2896 1847 2923 757
1860 2904 1869 2909 -
1890 2892 1949 2916 vol.
1970 2892 2017 2916 cit.

1114 2938 1141 2964 p-
1163 2930 1227 2956 186:
1250 2931 1334 2957 “....
1360 2932 1496 2957 similiter
1514 2934 1542 2957 et
1567 2932 1779 2958 Constantinus
1805 2933 1962 2966 imperator
1982 2934 2018 2957 le·

1112 2974 1259 3006 gationem
1286 2974 1400 3007 prefato
1438 2981 1502 3007 rege
1527 2974 1656 3007 (pipino)
1685 2982 1747 2999 cum
1776 2976 1867 3000 multa
1903 2983 2019 3000 munera

1114 3016 1231 3041 mittens
1243 3033 1341 3047 ......

1920 247 1989 283 145
2007 257 2083 282 Mun„
2094 261 2128 278 cc.
2142 261 2230 281 ¹⁴³-144

2051 754 2072 770 c.
2087 753 2126 773 175
2140 748 2152 768 b

2057 1556 2078 1570 c.
2094 1552 2134 1575 176
2152 1556 2166 1570 a

2056 1926 2194 1946 Desiderius
2205 1933 2211 1946 7
2218 1933 2250 1946 ex

2046 2637 2080 2654 20

2026 2844 2078 2875 .25
