2398 3470
109 277 192 314 [ΛΑ.
211 276 246 305 c.
265 276 418 311 424-4401
697 267 991 304 ROMUALDI
1018 252 1385 304 SALERNITANI
1921 263 1970 300 9⁹

109 405 153 438 de
174 402 329 440 ratione'
351 402 513 436 Paschali
535 412 627 445 pape
649 401 763 434 Leoni
787 400 936 443 scripsit,
961 400 1117 433 meminit
1131 401 1152 432 ¹.
1198 399 1257 434 Ad
1281 399 1406 433 Scotos
1421 399 1455 431 in
1474 398 1650 432 Christum
1676 399 1860 432 credentes
1876 395 1969 430 ordi—

108 463 207 491 natus
222 469 243 490 a
258 468 349 500 papa
364 457 542 490 Celestino
558 455 734 488 Palladius
749 455 880 497 primus
897 454 1080 497 episcopus
1096 453 1250 492 mittitur,
1267 463 1360 486 anno
1376 453 1570 486 Theodosii
1587 459 1713 486 octauo
1726 452 1747 485 ².
1794 451 1863 484 Per
1878 451 1970 484 idem

106 517 243 554 tempus
273 510 455 549 Brittanni,
479 511 523 542 de
548 508 672 553 quibus
703 507 907 550 premissum
940 513 1001 546 est,
1035 517 1114 540 cum
1145 518 1261 540 rursus
1285 507 1485 540 Scottorum
1509 512 1544 538 et
1574 506 1753 539 Pictorum
1777 502 1970 537 incursibus

107 569 348 608 premerentur
360 562 385 603 ⁸,
408 563 539 606 irrupto
562 572 672 601 muro,
697 562 796 601 cesis,
821 561 941 603 captis,
965 561 1164 605 fugatisque
1187 560 1231 593 ab
1256 561 1306 593 eis
1328 560 1416 592 muri
1440 559 1652 598 custodibus,
1676 559 1818 592 mittunt
1833 558 1879 590 ad
1894 557 1969 589 Ro-

35 610 41 638 ‘.
66 617 85 652 5
107 628 208 651 mane
231 617 414 661 potestatis
436 617 548 649 uirum
579 616 695 649 Etium
720 615 909 654 consulem,
933 615 1100 659 uigesimo
1132 615 1237 648 tertio
1261 614 1454 647 Theodosii
1478 613 1648 657 principis
1680 623 1782 652 anno,
1808 616 1969 655 petentes

107 671 282 709 auxilium,
305 681 372 704 nec
394 670 581 713 impetrant
592 669 615 703 ⁴.
663 668 801 707 Quibus
825 667 905 701 dum
932 668 1031 701 Etius
1059 668 1201 700 minime
1225 668 1414 706 annuisset,
1439 677 1481 700 eo
1505 668 1601 710 quod
1625 673 1748 700 contra
1779 665 1969 699 uiciniores

105 725 220 758 hostes
244 730 434 767 occupatus
457 724 632 762 existeret,
657 722 797 767 quidam
821 722 1081 754 Brittannorum
1104 727 1242 754 strenue
1266 722 1478 759 resistentes,
1502 721 1619 753 hostes
1642 720 1796 764 abigunt,
1829 718 1969 762 quidam

106 789 191 821 uero
215 778 340 816 coacti,
363 778 482 810 hostes
511 776 739 816 subiciuntur,
763 775 914 818 denique
945 774 1123 808 subactam
1148 774 1238 808 Picti
1261 781 1453 808 extremam
1476 774 1587 807 insule
1616 779 1763 816 partem,
1796 783 1872 805 eam
1903 771 1969 803 sibi

105 831 355 864 habitationem
379 831 511 870 fecere,
533 840 601 862 nee
616 829 706 862 ultra
730 828 857 862 exinde
873 829 1043 861 hactenus
1066 828 1250 861 ualuerunt
1265 827 1407 871 expelli.
1453 828 1504 861 At
1525 837 1610 860 uero
1632 826 1763 860 residui
1786 826 1969 859 Britanno-

23 882 85 918 “10
105 895 183 917 rum
205 885 287 918 dum
312 885 476 918 continue
499 883 707 917 Scothorum
729 882 876 926 impetus
898 883 1138 920 formidarent,
1162 882 1250 914 ultra
1272 882 1341 925 jam
1373 882 1417 914 de
1440 882 1680 915 Romanorum
1703 880 1857 923 presidio
1882 877 1970 911 diffi-

108 938 243 977 dentes,
259 937 452 982 Anglorum
468 943 573 981 gente
597 947 675 969 cum
692 946 775 981 rege
799 947 861 969 suo
877 936 1089 979 Vertigerno
1113 936 1158 969 ad
1175 936 1417 968 defensionem
1442 945 1503 968 sue
1519 935 1634 978 patrie
1658 935 1863 972 inuitauere,
1881 941 1968 975 quos

107 991 246 1024 amicali
269 991 434 1024 societate
458 997 625 1033 exceptos
647 1001 748 1023 uersa
771 990 808 1022 in
831 990 1041 1023 contrarium
1066 990 1158 1028 uice,
1182 990 1299 1022 hostes
1320 1000 1385 1032 pro
1409 988 1625 1033 adjutoribus
1640 988 1970 1031 impugnatoresque

106 1054 244 1077 sensere
256 1043 278 1077 ³.
323 1043 373 1077 At
394 1054 479 1077 uero
509 1043 739 1083 Theodosius,
764 1044 846 1076 dum
878 1042 1009 1086 absque
1032 1043 1156 1086 uiginti
1188 1049 1222 1076 et
1245 1053 1314 1076 uno
1345 1042 1583 1086 superioribus
1613 1042 1708 1081 anni,
1732 1040 1859 1085 quibus
1890 1048 1968 1071 cum

106 1098 261 1132 Honorio
284 1104 407 1142 patruo
429 1104 649 1142 regnauerat,
673 1103 805 1140 septem
829 1102 865 1130 et
887 1097 1011 1140 uiginti
1035 1097 1134 1130 annis
1156 1096 1359 1140 imperium'
1381 1097 1552 1141 gessisset,
1577 1107 1621 1129 ex
1648 1096 1771 1140 quibus
1796 1105 1873 1127 cum
1898 1091 1969 1124 Va-

45 1150 84 1184 15
106 1151 324 1185 lentiniano⁶
345 1152 451 1186 XXV
475 1151 650 1196 transegit,
675 1151 768 1194 apud
791 1151 1129 1195 Constantinopolim
1153 1151 1273 1185 morbo
1297 1157 1523 1194 consumptus
1542 1150 1628 1184 obiit
1639 1149 1661 1184 ⁷.
1709 1149 1816 1193 Cujus
1831 1145 1969 1190 imperii

106 1210 264 1248 tempora
296 1205 402 1239 tertia
436 1205 578 1238 sinodus
607 1206 644 1238 in
675 1205 816 1248 Epheso
851 1211 1065 1249 congregata
1096 1211 1147 1238 est
1179 1215 1222 1241 cc
1252 1211 1389 1248 patrum
1421 1210 1545 1238 contra
1578 1204 1781 1237 Nestorium
1811 1200 1969 1245 Auguste

105 1258 200 1292 urbis
222 1258 435 1301 episcopum,
458 1259 655 1302 presidente
680 1259 796 1292 Roma
817 1269 911 1301 papa
934 1258 1122 1292 Celestino.
1175 1260 1190 1276 ‘⁴
1204 1258 1363 1292 Eudoxia
1386 1258 1580 1292 Theodosii
1608 1256 1781 1301 principis
1803 1264 1894 1287 uxor
1924 1251 1968 1285 ab

111 1311 378 1351 f‘fflerosolimis
393 1313 571 1349 remeauit,
588 1312 774 1346 beatissimi
792 1312 963 1355 Stephani
986 1312 1089 1356 primi
1106 1312 1258 1346 martiris
1273 1312 1450 1356 reliquias,
1467 1323 1536 1355 que
1552 1316 1690 1345 ostense
1709 1316 1789 1343 sunt
1812 1307 1968 1342 Luciano

112 1361 347 1408 “presbitero‚
370 1376 488 1399 secum
513 1366 689 1405 deferens,
713 1376 781 1409 que
804 1366 842 1398 in
864 1366 1009 1399 basilica
1036 1366 1146 1399 sancti
1169 1366 1350 1399 Laurentii
1381 1366 1497 1409 posita
1519 1371 1742 1398 uenerantur.
1791 1363 1903 1396 Bleda
1934 1366 1969 1392 et

41 1418 84 1450 20
112 1418 249 1451 “Attila
271 1420 410 1458 fratres,
433 1419 685 1463 multarumque
709 1421 865 1463 gentium
888 1429 990 1463 reges
1012 1425 1097 1452 tunc
1121 1420 1309 1464 Illyricum,
1325 1420 1582 1462 Thraciamque
1607 1417 1810 1461 depopulati
1826 1420 1905 1448 sunt
1918 1439 1932 1454 „
1945 1412 1968 1446 ⁸.

193 1471 372 1504 Defuncto
395 1483 488 1515 papa
510 1472 699 1512 Celesfino,
722 1472 853 1516 Xystus
876 1472 1016 1505 natione
1039 1473 1221 1506 Romanus
1243 1483 1286 1505 ex
1316 1478 1416 1516 patre
1439 1472 1553 1516 Xysto
1586 1470 1778 1515 episcopali
1802 1467 1969 1502 cathedre
1993 1483 2005 1508 ,a

104 1524 219 1557 Rome
242 1524 447 1558 sublimatus
470 1531 533 1566 est,
556 1526 718 1568 seditque
743 1526 842 1558 annis
866 1532 946 1559 octo
959 1525 981 1559 ⁹.
1027 1526 1110 1564 Hic,
1134 1532 1348 1570 congregata
1371 1526 1494 1559 sinodo
1518 1536 1583 1568 pro
1608 1524 1753 1558 crimine
1776 1523 1845 1556 sibi
1858 1522 1968 1560 illato,

103 1585 220 1609 coram
236 1587 314 1610 Lvu
324 1577 347 1595 ¹⁰
364 1579 538 1621 episcopis
555 1578 726 1611 canonice
742 1585 922 1622 purgatur,
938 1585 974 1611 et
990 1579 1269 1622 condempnatur
1291 1579 1427 1618 Bassus,
1445 1579 1504 1622 qui
1527 1579 1596 1611 hoc
1614 1578 1646 1611 ei
1662 1578 1756 1620 apud
1771 1576 1968 1620 Augustum

105 1629 236 1663 crimen
258 1630 432 1670 intulerat,
458 1631 504 1664 ita
528 1638 655 1670 tamen,
679 1637 716 1665 ut
738 1631 862 1665 ultimo
887 1633 944 1665 die
975 1633 1143 1666 uiaticum
1166 1633 1198 1666 ei
1222 1644 1293 1666 non
1324 1639 1520 1676 negaretur,
1543 1638 1689 1675 propter
1718 1630 1968 1663 humanitatem

38 1681 80 1715 25
103 1683 242 1726 pietatis
266 1685 426 1718 ecclesie.
475 1684 547 1723 Qui
570 1686 696 1718 Bassus
720 1696 800 1719 cum
823 1685 1010 1719 defunctus
1035 1692 1135 1724 esset,
1160 1697 1288 1729 corpus
1319 1687 1394 1730 ejus
1424 1686 1553 1719 Xixtus
1577 1686 1760 1728 episcopus
1784 1694 1863 1716 cum
1891 1692 1969 1714 aro-

102 1736 250 1770 matibus
274 1737 431 1771 manibus
456 1739 525 1771 suis
547 1743 701 1771 tractans
724 1739 897 1782 sepeliuit.
944 1739 1013 1772 Hic
1037 1739 1215 1773 edificauit
1238 1739 1422 1772 ecclesiam
1446 1739 1548 1772 beate
1565 1739 1623 1772 dei
1646 1737 1826 1782 genitricis
1841 1735 1968 1773 Marie‚

103 1799 171 1833 que
193 1790 322 1824 dicitur
345 1791 390 1823 ad
413 1791 577 1834 Presepe,
601 1797 636 1824 et
660 1793 765 1825 hodie
790 1792 942 1825 ecclesia
965 1794 1078 1837 maJ'or
1099 1799 1257 1832 uocatur,
1282 1793 1317 1825 in
1347 1798 1466 1826 monte
1487 1793 1584 1836 juxta
1608 1791 1792 1825 macellum
1817 1789 1917 1823 Libie
1933 1787 1966 1820 ¹¹.

102 1842 170 1876 Hic
194 1849 230 1876 et
252 1844 288 1876 in
311 1844 566 1878 distribuendas
589 1845 801 1888 pauperibus
824 1845 1053 1879 eleemosinas
1076 1846 1219 1885 studuit,
1244 1852 1278 1879 et
1300 1846 1426 1879 multas
1449 1857 1534 1879 auro
1558 1851 1774 1889 argentoque
1805 1843 1968 1876 basilicas

102 1897 291 1931 decorauit.
339 1897 411 1936 Qui
427 1897 550 1931 etiam'
574 1899 727 1942 sepultus
751 1906 803 1932 est
818 1899 853 1931 in
878 1900 935 1932 uia
949 1899 1148 1944 Tyburtina
1168 1900 1205 1932 in
1230 1901 1354 1943 cripta,
1370 1901 1467 1945 juxta
1490 1910 1617 1942 corpus
1633 1898 1728 1932 beati
1744 1897 1925 1931 Laurentii
1933 1895 1967 1928 ¹².

189 1950 262 1984 Leo
285 1951 426 1984 natione
457 1952 603 1991 Tuscus,
629 1963 672 1985 ex
702 1958 802 1995 patre
828 1952 1031 1991 Quintiano,
1057 1953 1138 1985 huic
1169 1953 1337 1987 successit
1360 1954 1396 1985 in
1428 1954 1644 1995 episcopatu,
1673 1951 1832 1994 seditque
1865 1950 1964 1982 annis

99 2003 222 2048 uiginti
245 2015 315 2037 uno
338 2011 373 2037 et
395 2015 514 2038 mense
537 2016 606 2038 uno
620 2005 654 2038 ¹⁵.
702 2006 772 2039 Hic
797 2006 983 2039 ecclesiam
1006 2017 1027 2038 a
1050 2006 1259 2040 Nestoriana
1284 2012 1318 2039 et
1340 2007 1550 2040 Eutichiana
1573 2006 1697 2044 heresi,
1721 2015 1784 2037 sua
1806 2003 1967 2047 predica-

97 2057 194 2090 tione
217 2057 389 2097 liberauit‚
414 2064 450 2091 et
473 2059 633 2092 Dioscori
657 2059 857 2102 superbiam
883 2059 1042 2092 calcauit.
1089 2060 1250 2103 Denique
1274 2060 1370 2093 misit
1391 2060 1452 2093 hic
1475 2060 1521 2093 ad
1545 2059 1757 2092 Mattianum
1773 2056 1968 2101 Augustum

99 2109 236 2144 fidelem
259 2111 455 2154 principem
480 2112 704 2151 catholicum,
729 2119 768 2145 ut
798 2112 872 2156 ejus
895 2113 1139 2146 'auctoritatem
1170 2114 1358 2147 concilium
1383 2119 1504 2147 contra
1534 2113 1677 2146 hereses
1700 2115 1966 2144 conuocaretur.

30 1942 79 1983 ΒΟ

191 2217 213 2234 1.
233 2210 318 2239 dlrit,
337 2218 388 2235 non
407 2211 524 2243 scripsit
546 2211 570 2235 C
578 2224 611 2229 —
624 2218 649 2243 3.
664 2211 778 2236 Brltani
791 2212 815 2235 A
825 2212 869 2239 B,-
888 2211 1018 2237 Faunus:
1041 2212 1168 2237 Brittanl
1183 2226 1192 2231 -
1206 2211 1359 2237 Scotorum
1372 2212 1397 2236 A
1406 2212 1450 2241 B,-
1463 2211 1596 2237 Pauus:
1609 2210 1774 2236 Scottorum
1789 2224 1822 2228 ———
1836 2216 1860 2243 7.
1873 2209 1966 2234 Brita-

101 2258 201 2276 norum
212 2251 237 2277 A
246 2252 274 2276 B
286 2265 294 2270 -
308 2252 450 2286 habigunt
466 2253 489 2277 C
501 2267 533 2271 —-
552 2261 576 2286 9.
597 2255 713 2278 actenus
731 2253 754 2277 C
766 2267 798 2271 —
815 2261 854 2278 10.
869 2253 1033 2279 Scottorum
1052 2255 1174 2287 impetus
1193 2255 1332 2280 continue
1346 2254 1370 2279 C
1380 2269 1412 2273 —
1430 2261 1469 2279 12.
1480 2255 1600 2287 excepta
1613 2253 1637 2278 C
1648 2268 1680 2272 -
1697 2252 1931 2285 18.Jerosolomis
1946 2251 1969 2275 C

101 2306 134 2312 -—
154 2300 195 2319 ιο.
208 2294 354 2320 Tractiam
371 2295 394 2320 C
412 2308 444 2314 -
466 2302 506 2320 22.
518 2302 575 2321 vnr
594 2297 620 2320 B
633 2296 657 2320 C
673 2309 706 2314 —
727 2303 768 2328 ²3-
788 2296 978 2330 quadraginta
998 2298 1027 2322 et
1045 2299 1151 2330 septem
1164 2298 1188 2321 Α
1200 2297 1243 2325 B:
1261 2297 1332 2322 LP:
1352 2303 1401 2322 Lvi
1422 2311 1453 2315 -——
1475 2295 1695 2321 26.hedificau1t
1712 2294 1736 2320 C
1747 2309 1779 2313 —-—
1799 2293 1840 2319 28.
1855 2301 1925 2319 auro
1938 2295 1968 2318 et

100 2338 218 2370 argento
234 2336 258 2361 C
272 2351 305 2356 —
324 2344 414 2370 30-31.
434 2345 480 2363 an.
500 2344 552 2363 xxi
571 2338 606 2363 πῖ),
625 2344 638 2363 1
661 2338 684 2363 C

0 2414 3 2536 ι
54 2417 71 2447 ,

0 2733 7 2843 ἰ

38 2834 70 2864 ts

38 3033 73 3070 ιό

7 3322 13 3470 ῤ-ω-
5 3141 12 3308 ...Μ

183 2412 193 2430 ¹
211 2414 317 2441 Pnosr.
335 2416 498 2447 Aqurrm„
516 2416 626 2445 Clu-on„
643 2417 679 2441 ad
697 2424 743 2442 an.
758 2416 819 2450 438,
832 2417 905 2442 ediz.
919 2417 997 2442 Ron-

96 2455 170 2487 oau„
189 2464 215 2489 p.
234 2456 300 2486 661;
321 2457 447 2489 paunus,
460 2458 534 2488 XIII,
551 2465 598 2483 122
615 2459 670 2483 ἢν
687 2459 755 2484 idem
774 2462 877 2491 tempus
891 2460 999 2491 piratae

95 2498 193 2523 aazias
215 2500 318 2524 imulas
331 2502 526 2532 praecipueque
551 2500 674 2525 Siciliam
695 2501 821 2533 populati
843 2504 913 2526 sunt.
953 2501 998 2527 Cf.

95 2546 176 2574 pure:
194 2540 384 2572 emmonem,
407 2542 518 2571 chron„
540 2543 575 2568 ad
602 2551 648 2568 an.
668 2550 737 2576 440.-
758 2543 911 2568 Gaii-ericus
929 2545 999 2568 Sici-

95 2582 160 2608 liam
172 2584 346 2616 depraedatus
358 2585 518 2610 Pauor-mum
532 2586 581 2609 diu
593 2586 704 2610 obsedit.
715 2605 720 2610 .
731 2594 752 2611 ,τ
765 2585 889 2617 Ism01u‚
904 2586 999 2611 Istoria

102 2625 302 2656 minum,
321 2627 394 2652 ediz.
415 2628 582 2657 Mommsen,
603 2636 629 2660 p.
651 2633 716 2660 227:
737 2628 788 2652 Ille
811 2628 997 2661 (Gema-icus)

95 2669 182 2692 mm
197 2670 358 2694 sacramenti
374 2669 504 2701 religione
523 2669 635 2698 violata,
655 2670 847 2702 Carthaginem
863 2671 998 2702 per-vadit,

95 2708 216 2734 Siciliam
228 2710 403 2742 depraedatus
414 2711 577 2736 Panormum
590 2711 688 2735 obsidet
697 2730 702 2736 .
712 2728 746 2736 ...
761 2710 806 2736 Cf.
820 2720 904 2745 pure:
918 2712 998 2737 LAN-

95 2756 146 2776 ωΑ
163 2757 195 2776 m
213 2752 320 2784 Βιιοιο,
334 2753 426 2778 Storia
444 2752 515 2777 delta
527 2753 614 2777 chiesa
627 2753 658 2777 di
669 2753 766 2778 Sicilia
779 2754 826 2778 nei
831 2755 920 2786 primi
931 2755 1001 2778 dieci

94 2792 181 2823 seculi,
198 2794 339 2826 Palermo,
362 2794 437 2824 1880,
458 2795 517 2819 vol.
536 2795 558 2826 Ι,
579 2794 631 2827 276
645 2803 686 2828 sg.
723 2795 776 2820 Per
796 2796 941 2829 l'epIstola
967 2796 998 2820 dl

95 2833 248 2862 Pascaslno
267 2845 283 2862 a
302 2845 376 2871 papa
399 2837 504 2868 Leone,
523 2837 638 2866 Mmmz,
658 2837 733 2862 Patr.
756 2838 816 2867 lat„
835 2838 894 2863 vol.
920 2837 997 2863 XCV

95 2877 154 2908 ext„
169 2878 323 2911 appendex,
343 2889 370 2913 p.
389 2887 457 2912 32¹²
485 2880 561 2904 Tunc
579 2881 683 2912 inquit,
701 2888 761 2904 cum
783 2880 948 2910 declinatur,
966 2889 998 2905 ne

95 2918 127 2944 Χ
140 2920 192 2946 hal.
211 2922 279 2946 mali
295 2923 338 2946 die
356 2922 456 2946 Pascha
477 2924 626 2951 teneretur,
651 2922 781 2946 celebrata
799 2925 836 2946 est
861 2924 902 2947 die
933 2922 1002 2948 VIII

96 2961 148 2988 tal.
169 2963 274 2995 aprilis.

183 3003 195 3021 ²
213 3005 302 3036 Bam,
321 3006 393 3031 Hist.
406 3006 519 3035 Eccles..
531 3007 553 3036 1,
566 3012 624 3031 xnx
645 3006 701 3038 (an.
722 3006 925 3039 CCCCXXX).

183 3045 195 3062 ³
215 3047 339 3079 murus,
360 3047 432 3078 xm,
452 3054 518 3074 xvu
538 3048 576 3082 (p.
598 3048 670 3081 200).

1145 2415 1157 2433 ⁴
1176 2418 1267 2449 Bam,
1287 2425 1315 2451 p.
1333 2425 1394 2451 45²·

1144 2458 1155 2475 ⁵
1176 2459 1303 2491 PAULUS‚
1321 2459 1398 2491 XIII,
1423 2465 1499 2490 xvn,
1524 2460 1562 2483 ad
1579 2459 1686 2483 literam
1711 2458 1748 2483 da
1772 2458 1875 2489 Quibus
1900 2457 1964 2480 dum

1053 2501 1135 2526 Etn’us
1153 2502 1211 2527 fino
1231 2511 1248 2528 a
1267 2505 1368 2535 questo
1388 2505 1489 2536 punto.
1528 2502 1573 2527 Cf.
1594 2509 1663 2535 pure
1681 2502 1771 2530 BanA,
1791 2508 1818 2534 p.
1839 2506 1900 2533 45²·

1143 2543 1154 2559 ⁶
1179 2544 1335 2570 Valentiam
1351 2552 1461 2577 genero,
1481 2545 1544 2569 dice
1563 2544 1689 2575 PAULus,
1709 2543 1784 2574 XIII,
1803 2549 1891 2567 xvnx.

1143 2585 1154 2602 ⁷
1173 2587 1299 2617 PAULUS,
1313 2588 1369 2612 loc.
1383 2588 1441 2617 cit„
1461 2588 1620 2620 aggiunge:
1639 2586 1730 2617 ibique
1747 2585 1868 2617 sepultus
1880 2587 1928 2610 est.

1143 2628 1154 2645 Β
1173 2631 1263 2661 ΒευΛ,
1283 2631 1323 2655 De
1341 2638 1387 2655 sex
1404 2631 1535 2654 aetatibus
1554 2630 1661 2657 mundi,
1682 2637 1707 2661 p.
1731 2636 1788 2661 114.

1143 2671 1154 2688 ⁹
1173 2673 1203 2697 L.
1222 2673 1264 2701 P..
1284 2680 1310 2706 p.
1331 2679 1398 2706 232:
1417 2672 1486 2696 sedit
1504 2680 1547 2697 an.
1574 2671 1650 2699 VIII,
1670 2671 1694 2695 d.
1715 2670 1793 2695 XIX.

1133 2711 1154 2728 ¹⁰
1173 2713 1266 2737 Inani:
1349 2715 1491 2745 purgatur
1509 2721 1525 2736 a
1544 2711 1613 2736 LVI
1625 2712 1751 2743 episcopis
1762 2714 1788 2735 et
1806 2711 1961 2735 condemna-

1052 2757 1100 2779 tur
1116 2755 1217 2780 Bassus
1235 2765 1252 2779 a
1269 2756 1380 2788 synodo,
1398 2757 1438 2780 ita
1455 2758 1544 2780 tamen
1563 2758 1594 2779 ut
1612 2754 1707 2778 ultimo
1729 2753 1772 2778 die
1791 2754 1918 2777 vtatt‘cum
1936 2754 1963 2777 ei

1052 2804 1104 2821 non
1123 2800 1264 2830 neg-arctus
1278 2799 1389 2830 pietatis
1406 2796 1534 2822 ecclesiae.

1132 2837 1151 2855 ¹¹
1171 2840 1266 2864 lnam:
1285 2840 1422 2864 basilicam
1440 2842 1545 2863 sanctae
1563 2839 1682 2866 Mariae,
1701 2846 1769 2869 quae
1788 2838 1821 2863 ab
1840 2837 1962 2869 antiquis

1052 2881 1157 2905 Liberi!
1172 2882 1416 2913 cognominabatur.
1455 2881 1507 2905 Nel
1528 2888 1639 2905 sommo
1659 2880 1795 2904 dell'arco
1821 2879 1960 2904 trionfale

1054 2924 1082 2948 di
1109 2926 1207 2955 questa
1227 2924 1332 2955 chiesa,
1358 2922 1407 2948 v'c
1427 2923 1608 2947 l'iscrizione
1634 2924 1664 2947 in
1691 2924 1835 2947 mosaico:
1862 2928 1960 2947 s1s'rus

1055 2971 1213 2991 muscosus
1232 2971 1318 2990 pram
1338 2972 1398 2990 nm.
1419 2965 1465 2991 Cf.
1485 2966 1657 2994 Ducflasmz,
1679 2972 1705 2998 p.
1726 2971 1787 2998 235,
1808 2967 1878 2989 nota
1899 2971 1922 2989 2.

1133 3005 1155 3023 ¹²
1175 3007 1225 3032 Sul
1245 3008 1333 3040 luogo
1353 3007 1429 3032 della
1448 3007 1546 3032 tomba
1565 3008 1601 3032 cf.
1622 3008 1765 3038 Zosmus,
1785 3015 1811 3041 p.
1831 3007 1873 3040 96,
1888 3015 1915 3031 n.
1935 3013 1957 3038 5.

1132 3048 1153 3066 ¹3
1172 3050 1200 3076 L.
1221 3051 1263 3079 P„
1281 3050 1303 3082 1,
1323 3058 1348 3084 p.
1365 3049 1431 3083 238:
1449 3050 1518 3075 sedit
1535 3058 1578 3075 an.
1599 3049 1682 3079 XXI,
1701 3058 1735 3075 m.
1750 3049 1776 3079 I,
1795 3050 1820 3076 d.
1841 3049 1920 3075 XIII.

2002 274 2079 297 Mun„
2095 279 2128 294 cc.
2146 274 2209 298 98-99

1993 410 2013 425 C.
2027 410 2067 426 ΙΙΙ
2076 410 2091 425 a

1993 1106 2014 1123 c.
2028 1105 2068 1121 ιιι
2076 1100 2089 1120 b

1996 1456 2123 1477 Celestmus
2134 1458 2195 1482 papa

2019 1489 2040 1504 a.
2056 1489 2076 1504 c.
2091 1488 2130 1508 4³²

1992 1510 2082 1536 Syxlus
2092 1512 2155 1535 papa

1992 1544 2013 1558 a.
2029 1538 2056 1558 C.
2072 1543 2162 1562 432-440

2044 1912 2065 1928 c,
2080 1911 2119 1927 12³
2126 1913 2141 1926 a

1988 1939 2035 1959 Leo
2045 1941 2107 1964 papa

1988 1972 2009 1986 a.
2026 1967 2052 1986 C.
2064 1968 2151 1991 44⁰·461

1988 2803 2024 2827 30

1988 3017 2019 3041 :55
