2398 3470
117 258 170 294 [Α.
183 257 217 286 c.
230 258 428 291 iiis-mo]
694 246 984 286 ROMUALDI
1012 245 1362 306 SALERNITAN
1363 247 1379 282 1

115 371 262 406 mundus
285 371 595 406 commendauerat
616 369 841 404 Antiochiam
863 374 1018 402 mortuus
1041 366 1127 407 est‚¹
1151 373 1186 400 et
1203 367 1402 411 Roggerius
1423 367 1513 399 filius
1540 366 1709 399 Riccardi
1732 366 1874 408 accepit
1897 364 1970 397 An-

116 426 248 460 tiochie
271 425 554 469 procurationem
569 424 592 457 ¹.

203 478 308 511 Anno
331 479 507 511 dominice
530 476 784 511 incarnationis
805 474 949 509 MCXV
970 474 1166 507 indictione
1190 474 1281 517 VIIJ
1303 474 1397 516 apud
1413 473 1625 516 Ciperanum
1640 473 1676 505 in
1694 473 1844 505 ecclesia
1860 472 1971 505 sancti
1996 487 2035 506 11¹4
2049 485 2094 501 ost.
2112 487 2129 506 ι,-

26 562 27 566 ,
116 531 260 565 Paterni
284 531 488 564 Wilieimus'
512 532 584 565 dux
609 530 752 564 deuenit
783 529 909 573 liggius
931 528 1036 560 homo
1064 537 1156 570 pape
1179 527 1358 559 Paschalis
1382 527 1439 570 qui
1463 532 1545 559 tunc
1573 526 1733 559 sinodum
1757 524 1970 563 celebrabat,
2000 536 2124 555 ulmam-is
2139 536 2189 555 «ω

34 599 39 625 s
52 585 70 618 ⁵
117 590 153 617 et
173 585 249 628 ipse
279 594 372 627 papa
395 585 510 617 statim
541 594 606 627 per
628 583 796 616 uexillum
827 581 973 615 tradidit
996 581 1113 613 eidem
1136 581 1219 613 duci
1249 586 1357 612 totam
1388 586 1516 612 terram
1540 590 1619 612 cum
1650 579 1783 612 honore
1815 579 1973 617 ducatus,

119 637 413 681 quemadmodum
443 637 638 681 Gregorius
667 646 759 679 papa
789 635 963 668 concessit
985 640 1020 667 et
1043 633 1190 666 tradidit
1219 643 1295 665 eam
1327 633 1410 665 duci
1440 632 1623 665 Robberto
1655 632 1852 665 Guiscardo
1880 632 1973 674 apud

118 690 232 734 ipsum
254 690 479 732 Ciperanum,
504 696 539 722 et
563 689 853 733 quemadmodum
876 687 1038 722 Urbanus
1056 696 1148 729 papa
1164 686 1339 718 concessit
1363 685 1545 728 Roggerio
1569 685 1649 717 duci
1666 686 1702 717 in
1718 686 1862 718 ciuitate
1886 685 1975 718 Mel-

117 744 174 782 fia.
195 749 230 776 et
252 744 342 776 sicut
364 744 459 775 idem
483 743 666 776 Paschalis
695 753 788 786 papa
811 741 984 774 concessit
1006 747 1041 773 et
1064 739 1208 787 tradidit
1239 740 1354 772 eidem
1385 739 1468 772 duci
1490 738 1673 782 Roggerio
1700 740 1795 781 apud
1817 746 1975 771 sanctum

118 797 394 840 Trophimenem
418 806 482 838 per
504 795 591 828 illud
614 796 709 829 idem
733 795 863 828 donum
893 801 996 837 atque
1020 803 1226 827 consensum
1238 791 1260 825 ³.
1307 793 1347 824 In
1371 792 1533 834 predicta
1560 792 1700 835 quidem
1724 793 1858 836 synodo
1881 793 1974 825 Lan-
1999 807 2042 823 oct.
2061 810 2081 828 ις)

34 858 36 888 ζ
59 851 99 884 10
122 849 242 884 dalius
265 849 534 882 Beneuentanus
557 848 845 891 archiepiscopus
867 846 912 881 ab
935 846 1058 881 ordine
1081 846 1293 889 pontificalis
1321 845 1478 878 deiectus
1502 850 1554 877 est
1586 855 1627 877 eo
1651 845 1744 888 quod
1768 845 1975 878 inobediens

119 912 213 946 pape
235 902 314 942 fuit,
338 902 470 944 quique
494 912 563 935 non
586 908 665 944 post
687 901 830 934 multum
852 899 1020 943 temporis
1041 899 1168 943 largito
1191 909 1335 931 munere
1358 898 1394 930 in
1418 898 1501 931 sede
1529 908 1590 930 sua
1606 898 1650 930 ab
1666 898 1791 931 eodem
1815 909 1907 940 papa
1922 910 1976 932 re-

120 955 257 988 stitutus
279 961 332 987 est
342 954 364 987 ⁴.
411 954 546 987 Eodem
569 964 662 987 anno
684 964 802 987 mense
827 953 1032 986 Decembris
1053 952 1090 984 in
1112 951 1214 996 Syria
1237 956 1319 984 ante
1350 951 1502 983 natalem
1526 951 1666 983 Domini
1682 956 1774 983 terre
1796 958 1908 984 motus
1930 951 1977 984 ita
2001 963 2050 983 dec.
2071 963 2207 984 rmmmu

121 1008 190 1041 fuit
212 1018 370 1051 magnus,
394 1007 489 1050 quod
511 1005 702 1040 Mamistra'
725 1013 759 1039 et
784 1006 915 1039 Marais
937 1005 983 1038 ad
1004 1005 1114 1038 solum
1137 1015 1246 1048 usque
1270 1010 1306 1037 et
1329 1005 1396 1036 alie
1412 1014 1516 1047 quam
1533 1004 1649 1045 plures
1676 1004 1835 1037 ciuitates
1858 1011 1893 1037 et
1915 1015 1973 1038 ca·
1997 1022 2015 1036 c.
2031 1018 2094 1037 21⁶⁶

122 1060 224 1094 stella
246 1061 373 1093 attritis
396 1059 602 1098 hominibus,
626 1060 689 1092 sed
713 1066 749 1092 et
771 1070 852 1102 pars
875 1059 1028 1092 ciuitatis
1048 1058 1238 1091 Antiochie
1263 1067 1305 1090 ac
1327 1067 1437 1101 usque
1453 1056 1670 1089 Hiesusalem
1686 1062 1858 1100 prostrate
1881 1059 1976 1091 ceci-

120 1114 246 1148 derunt
258 1113 280 1146 ⁵.
326 1113 461 1146 Eodem
484 1123 576 1145 anno
600 1123 717 1145 mense
740 1112 874 1155 Aprilis
897 1110 964 1144 Ala
987 1111 1125 1144 ducissa
1139 1117 1251 1144 mater
1273 1109 1442 1143 willelmi
1465 1110 1566 1142 ducis
1588 1109 1757 1143 defuncta
1781 1117 1832 1143 est
1844 1109 1865 1143 ⁸.

213 1167 316 1200 Anno
340 1166 515 1200 dominice
538 1166 789 1199 incarnationis
811 1164 973 1209 MCXVJ
996 1164 1189 1200 indictione
1213 1164 1265 1198 IV
1286 1163 1483 1197 Willelmus
1506 1164 1576 1196 dux
1592 1164 1733 1206 accepit
1748 1174 1889 1197 uxorem
1918 1177 1978 1199 no-

122 1222 215 1254 mine
239 1219 503 1264 Gaitelgrimam
526 1219 631 1252 filiam
655 1219 794 1253 comitis
817 1217 991 1252 Robberti
1014 1219 1059 1251 de
1082 1218 1205 1251 Aitola
1218 1217 1240 1251 ⁷.

2004 1219 2156 1244 Gaitclgn'ma
2174 1222 2214 1240 Δη-

2000 1246 2059 1266 u‘ssa
2074 1247 2085 1270 †
2100 1252 2148 1271 api.
2182 1253 2206 1267 ιιι

202 1356 226 1374 x.
238 1348 378 1382 Rogerius
393 1349 439 1374 Ce
450 1348 549 1380 Arndt,
563 1348 673 1373 tacendo
684 1349 806 1373 variante
819 1349 883 1380 AB,
898 1349 986 1372 Anno
1000 1348 1034 1372 ab
1054 1347 1254 1373 incarnatione
1266 1347 1387 1372 Domini
1399 1346 1491 1375 MCX,
1506 1348 1531 1372 B
1546 1360 1578 1365 —
1592 1354 1615 1378 3.
1630 1346 1805 1379 Ciparanum
1820 1349 1844 1374 C
1854 1355 1868 1372 e
1880 1348 1981 1377 Arnas.

122 1399 199 1417 sem
216 1393 338 1416 radicare
354 1392 478 1415 variante
495 1391 520 1414 A
541 1391 567 1415 Β
584 1403 616 1409 --
637 1398 662 1422 4.
681 1389 855 1415 Guilielmus
875 1391 902 1415 B
923 1389 947 1414 C
957 1403 991 1409 --
1004 1395 1029 1422 7.
1042 1389 1167 1422 Rogerio
1189 1389 1214 1414 0
1227 1397 1242 1413 e
1259 1390 1356 1419 Amat,
1369 1390 1477 1414 tacendo
1488 1390 1611 1414 variante
1623 1389 1647 1413 A
1662 1390 1689 1414 B
1700 1403 1712 1408 -
1725 1390 1736 1414 ί
1749 1391 1780 1414 dt·
1787 1392 1879 1422 prima
1892 1399 1981 1419 mano,

122 1436 272 1467 autu-ruso
289 1441 336 1458 con
353 1433 423 1457 altro
442 1432 583 1457 inchtostro
598 1431 702 1464 pallido
722 1446 754 1451 -—
775 1432 800 1457 8.
820 1433 894 1457 idem
917 1434 940 1457 C
955 1438 1057 1457 manea.
1078 1431 1217 1456 Pascaiiis
1239 1432 1263 1456 C
1277 1439 1291 1455 e
1308 1431 1400 1456 Amat
1412 1444 1424 1450 -
1436 1431 1502 1456 duci
1519 1431 1644 1464 Rogerio
1663 1432 1738 1465 apud
1759 1435 1888 1458 sanct-um
1908 1434 1980 1458 Tro—

125 1476 287 1509 phImenem
306 1482 355 1508 per
376 1474 449 1499 illud
470 1475 497 1500 B
515 1482 607 1499 manca
628 1488 659 1492 —-
678 1482 705 1507 9.
724 1474 808 1499 illum
828 1476 934 1499 donum
956 1476 979 1500 C
998 1488 1030 1492 --
1055 1481 1093 1499 ιο.
1113 1474 1261 1508 depositus
1274 1476 1316 1498 est
1333 1475 1399 1498 (2-
1416 1480 1455 1498 12.
1470 1473 1620 1498 restitutus
1639 1475 1691 1500 est.
1727 1474 1816 1499 Anno
1835 1476 1981 1501 dominice

128 1518 338 1544 iucarnationis
357 1516 480 1542 Mcxvl
499 1517 523 1541 A
539 1518 632 1541 scn‘eeo
649 1524 667 1540 a
685 1519 818 1548 margine,
830 1524 873 1541 m
885 1516 1027 1541 cancellato
1049 1530 1077 1534 ⁷-—
1103 1524 1142 1549 ¹4·
1162 1518 1306 1550 prostrare
1327 1517 1350 1541 C
1368 1529 1400 1534 -
1424 1521 1462 1547 ις.
1483 1516 1555 1541 Hala
1579 1516 1601 1540 C
1616 1524 1630 1540 e
1648 1516 1738 1541 Arndt
1756 1530 1764 1535 -
1784 1515 1939 1543 Gullleimi
1962 1519 1985 1543 C

125 1568 140 1585 e
156 1560 258 1590 Amat,
274 1560 383 1585 tacendo
400 1559 523 1584 variante
540 1559 563 1583 A
583 1559 609 1582 B
629 1572 637 1577 -
657 1558 831 1583 Guillelmus
853 1560 876 1585 C
892 1567 906 1583 e
923 1559 1021 1586 Arndt,
1040 1559 1148 1583 tacendo
1166 1560 1287 1583 variante
1308 1559 1333 1583 B
1346 1572 1377 1575 —
1395 1564 1435 1591 17.
1448 1565 1566 1583 uxorem
1580 1557 1803 1591 Gaiteigremam
1822 1560 1846 1584 A
1866 1560 1907 1590 ἃς
1927 1560 1983 1586 Ga-

127 1602 283 1635 telgrinam
301 1601 326 1626 A

124 1670 344 1698 aopravanzano
355 1663 566 1688 deil’Archivio
580 1662 609 1688 di
623 1662 678 1688 San
693 1662 796 1687 Nicola
810 1663 840 1687 di
855 1662 930 1687 Bari.
958 1663 1023 1687 Non

124 1707 154 1731 vi
173 1706 209 1731 ha
228 1705 336 1731 dubbio
354 1706 405 1730 che
429 1705 576 1730 Robbertur
599 1712 680 1729 comes
706 1705 736 1729 di
763 1705 808 1729 cui
829 1705 909 1738 paria
929 1711 956 1730 κ.
982 1705 1024 1729 sla

124 1748 161 1774 ad
173 1747 359 1773 identifiearsi
374 1747 418 1772 col
433 1747 450 1778 †
463 1746 565 1771 Romr
580 1747 585 1779 Ι
600 1749 644 1771 m
664 1747 816 1779 cupersani
829 1746 836 1780 Ι
851 1746 963 1772 inclitus
978 1745 1025 1771 Co—

124 1798 186 1822 m,
204 1791 255 1816 che
273 1791 298 1815 si
317 1790 399 1824 legge
419 1792 448 1814 in
469 1790 523 1815 due
542 1790 662 1823 suggelli
681 1790 711 1814 di
726 1790 966 1822 quell’Archivio‚
980 1796 1026 1822 ap-

1168 1661 1178 1678 ²
1198 1662 1221 1687 Il
1236 1669 1320 1687 nome
1333 1662 1363 1686 di
1379 1661 1392 1675 ‘¹‘
1401 1662 1563 1687 Richardus
1574 1661 1692 1695 Rogerii
1706 1666 1787 1695 pater
1800 1664 1982 1690 Antiocheni

1081 1705 1093 1718 “
1106 1706 1286 1739 principatus
1296 1705 1438 1730 curatoris
1449 1722 1463 1736 η
1480 1706 1587 1729 ricorre
1600 1707 1643 1730 tre
1664 1706 1742 1730 volte
1757 1707 1787 1730 in
1802 1706 1981 1732 Guomemo

1080 1754 1110 1772 m
1129 1748 1214 1778 Tmo,
1236 1747 1285 1772 lib.
1306 1746 1332 1771 11
1351 1754 1365 1771 e
1384 1746 1460 1778 xlx,
1479 1746 1598 1771 Histoire
1617 1748 1644 1772 d.
1662 1749 1737 1773 crois.
1756 1749 1810 1780 cu„
1829 1748 1850 1780 1,
1865 1756 1910 1782 pp.
1925 1748 1976 1783 483

1151 1797 1166 1814 e
1239 1808 1244 1814 .
1281 1789 1335 1814 Era
1374 1790 1472 1814 arente
1491 1790 1520 1813 di
1541 1789 1565 1813 T
1606 1797 1619 1813 c
1674 1791 1690 1814 '.

1080 1796 1132 1822 490
1167 1788 1239 1856 38193
1259 1796 1373 1856 sinodop
1382 1831 1410 1855 di
1432 1790 1721 1863 ammoneat&
1739 1833 1782 1865 gli
1794 1834 1914 1858 Annales
1931 1836 1982 1858 lie·
2011 1839 2043 1864 45

1080 1876 1227 1906 naamani,
1244 1874 1273 1898 su
1291 1875 1389 1898 tenuta
1404 1873 1449 1898 nel
1466 1880 1543 1906 1114,
1557 1875 1586 1898 in
1602 1881 1662 1899 essa
1682 1875 1862 1907 Pandulpkus
1880 1876 1982 1900 archie-

1076 1916 1199 1947 piscopus
1211 1917 1359 1948 ἀρηίων.
1397 1916 1496 1940 Anche
1518 1915 1643 1941 Falcone
1657 1917 1860 1942 Beneventano
1874 1918 1905 1942 in
1920 1918 1982 1942 Du

1081 1955 1134 1987 Ru,
1153 1958 1192 1988 op.
1210 1957 1256 1981 cit.
1274 1956 1296 1988 1,
1315 1965 1342 1989 p.
1365 1956 1414 1989 169
1428 1964 1442 1980 e
1464 1962 1521 1989 170,
1543 1958 1571 1982 la
1584 1959 1696 1990 riperta
1716 1958 1742 1982 al
1761 1965 1837 1990 1114,
1859 1966 1933 1983 mese
1952 1959 1983 1983 di

1082 1999 1210 2024 ottobre=
1226 1998 1239 2011 ¹⁴
1250 1998 1369 2024 Talibus
1382 2000 1473 2033 igitur
1483 2002 1511 2024 et
1521 2000 1612 2025 tantis
1623 2001 1753 2033 patribus
1765 2001 1983 2034 proceribusque

1085 2041 1291 2074 “congregatis
1308 2042 1341 2068 in
1361 2041 1456 2067 medio
1476 2045 1634 2067 conventus
1653 2043 1754 2076 ipsius,
1779 2044 1826 2068 die
1848 2044 1983 2068 videlicet
2014 2052 2046 2078 50

1084 2084 1218 2109 “sabbati
1238 2084 1371 2110 ducatum
1391 2083 1507 2118 Apulie,
1527 2085 1661 2110 Calabrie
1679 2088 1708 2110 et
1727 2086 1828 2111 Sicilie
1841 2086 1906 2111 duci
1922 2094 1983 2120 pre-

1084 2125 1098 2139 “
1109 2126 1170 2152 sato
1199 2125 1382 2160 (Guuieimo)
1411 2127 1589 2160 apostolicus
1617 2130 1791 2161 concessit„.
1829 2129 1875 2155 Cf.
1899 2136 1983 2162 pure:

1082 2167 1199 2194 Pz‘mvs
1211 2169 1377 2200 Dmconns,
1389 2170 1437 2199 IV,
1451 2178 1501 2203 49}
1518 2171 1637 2195 Annales
1653 2170 1824 2196 Ceccamuses
1844 2173 1874 2196 in
1887 2171 1925 2197 M.
1949 2172 1982 2197 G.

1086 2211 1132 2241 H„
1149 2211 1199 2236 SS.
1219 2211 1294 2242 XIX,
1319 2220 1346 2245 p.
1367 2211 1427 2238 282.

1171 2252 1181 2269 ⁴
1195 2253 1290 2284 Fame
1302 2255 1553 2285 anvnn'rimus,
1571 2256 1634 2280 Chr.
1645 2257 1701 2287 cit„
1715 2264 1741 2289 p.
1759 2262 1823 2289 1733
1837 2264 1883 2281 an.
1901 2264 1982 2290 1117:
2012 2266 2043 2291 55

1085 2295 1159 2320 “His
1188 2296 1286 2322 taliter
1316 2298 1388 2322 actis
1416 2298 1562 2330 predictus
1592 2298 1781 2332 Apostolicus
1813 2299 1984 2331 (Paschaiis)

1087 2337 1100 2350 ‘⁴
1110 2337 1321 2372 Landuiphum,
1340 2346 1422 2372 quem
1435 2340 1614 2374 deposuerat,
1629 2340 1782 2366 undecimo
1796 2340 1841 2365 die
1854 2341 1983 2366 intrante

124 1834 286 1867 pertenenti
307 1833 337 1857 di
351 1833 446 1858 sicuro
461 1833 490 1857 ai
502 1833 565 1858 doc.
579 1839 613 1865 34
626 1840 641 1857 e
654 1831 689 1863 56
702 1832 747 1857 del
763 1833 820 1857 voi.
834 1832 859 1856 V
872 1832 916 1857 del
934 1833 1027 1858 Codice

124 1874 303 1907 Dlplmaucn
324 1875 423 1900 Bam:
441 1874 482 1908 (p.
502 1880 536 1907 59
555 1882 570 1899 e
592 1874 679 1906 110¹).
718 1874 783 1899 Uno
803 1874 834 1898 di
860 1874 953 1906 questi
972 1874 1026 1898 due

125 1917 249 1950 :aggelu
267 1916 283 1942 ‘e
302 1916 468 1951 riprodotto
487 1917 515 1941 al
536 1924 563 1941 n.
580 1924 595 1948 3
616 1916 693 1941 della
713 1916 783 1941 Tav.
796 1916 810 1941 1
823 1917 852 1941 di
866 1917 930 1948 quel
945 1917 1026 1941 voiu-

125 1965 179 1984 me.
212 1958 227 1983 1
245 1959 299 1984 due
318 1959 382 1984 doc.
401 1966 436 1991 34
454 1966 470 1983 e
488 1958 533 1990 56,
552 1959 631 1991 degli
651 1959 720 1983 anni
743 1965 808 1983 1101
830 1966 903 1991 mag.
921 1966 936 1983 e
959 1965 1024 1983 1111

125 2007 187 2035 apr.
206 2003 357 2030 mesti-and
374 2001 424 2026 che
443 2000 571 2026 Roberto
590 2002 618 2026 di
634 2001 823 2026 Conversano
837 2008 926 2026 aveva
939 2001 961 2024 il
976 2008 1027 2025 suo

126 2043 252 2068 contundo
273 2043 318 2068 nel
337 2043 487 2068 territorio
508 2043 616 2072 Barcae,
635 2051 650 2067 e
669 2043 701 2067 su
715 2043 807 2076 prima
821 2044 985 2076 sottoposto
999 2042 1027 2066 al

126 2084 258 2110 dominio
277 2085 307 2109 di
329 2085 493 2110 Boemondo
511 2092 527 2109 e
552 2085 654 2117 quindi
673 2092 689 2110 a
714 2085 811 2117 quello
837 2085 913 2109 della
931 2084 962 2109 di
987 2084 1028 2109 lui

126 2126 239 2152 vedova
257 2125 404 2152 Costanza
423 2134 502 2152 come
520 2127 625 2152 tutrice
644 2126 689 2152 dei
711 2127 791 2160 figlio
811 2127 979 2152 Boemondo
991 2126 1027 2151 11.

127 2168 191 2194 Con
210 2169 265 2194 tali
283 2169 464 2202 spiegazioni
482 2169 631 2195 s'intende
650 2170 720 2194 bene
739 2176 756 2194 a
775 2169 821 2194 chi
836 2169 934 2194 allude
947 2168 1028 2200 Riso,

126 2211 310 2236 arciveacovo
338 2211 368 2236 di
395 2212 470 2241 Bari,
499 2211 615 2244 quando
636 2212 681 2236 nel
711 2213 825 2244 maggio
856 2218 884 2236 11
892 2218 922 2244 13
951 2211 1027 2236 dIce:

130 2253 262 2279 “Vident
281 2255 429 2279 ciuitatem
458 2256 586 2279 nostram
611 2254 722 2279 ostibus
749 2253 924 2287 pessumdari
953 2254 1029 2286 quod

130 2295 145 2310 ⁴¹
156 2296 233 2321 facto
252 2303 324 2330 opus
343 2298 417 2321 esset
436 2296 514 2322 ciues
533 2299 650 2322 nostros
669 2296 809 2328 consuiuy
822 2315 844 2330 n·
867 2297 930 2322 eoa.
952 2295 1029 2328 Dipl.

130 2338 197 2364 Bar.
214 2340 267 2367 cu„
278 2338 313 2370 V,
326 2345 353 2372 p.
370 2345 434 2371 105³
448 2340 531 2364 tanto
551 2337 602 2371 piu
615 2339 666 2364 che
679 2339 707 2364 la
719 2339 831 2364 enttura
846 2338 920 2365 della
935 2339 1030 2364 madre

129 2380 161 2406 di
178 2379 306 2406 Roberto
323 2382 354 2406 di
373 2380 562 2407 Conversano
588 2381 702 2407 sarebbe
726 2383 879 2412 avvenuta‚
904 2381 1029 2406 secondo

129 2429 166 2454 ι,
185 2423 231 2447 nel
250 2423 384 2455 genunio,
402 2429 418 2448 e
436 2422 468 2448 di
480 2430 674 2456 conseguenza
687 2423 717 2448 la
736 2423 931 2456 rappresaglia
945 2423 973 2448 di
988 2423 1031 2448 lul

131 2465 176 2490 fra
194 2465 222 2489 la
241 2463 295 2489 fine
314 2465 514 2490 deii’inverno
533 2473 548 2490 e
567 2465 588 2490 il
603 2465 751 2498 principio
771 2465 847 2490 della
861 2466 1030 2497 primavera.

129 2504 155 2531 n
173 2505 234 2531 doc.
253 2506 508 2531 dell’arcivescovo
527 2506 599 2532 Riso
619 2506 695 2532 neila
715 2508 796 2538 parte
817 2506 937 2531 formale
956 2514 970 2531 e
985 2506 1031 2531 nel

130 2555 184 2574 auo
202 2550 359 2574 contenuto
378 2550 502 2582 rispetto
521 2549 580 2574 alla
600 2550 660 2574 vita
678 2551 833 2574 autonoma
860 2549 887 2573 di
910 2548 974 2574 Bari
1000 2548 1031 2573 fu

130 2590 278 2616 illustrato
296 2591 344 2616 dal
364 2591 580 2621 Cnmmnsn,
600 2590 735 2623 L’Apuli’a
759 2599 772 2614 e
789 2591 814 2615 il
837 2598 884 2615 suo
904 2592 1030 2620 comune,

132 2633 180 2658 tlt.
201 2641 229 2666 p.
249 2632 302 2667 378
320 2640 338 2658 a
356 2639 418 2666 390·
668 2655 671 2657 ,

222 2674 297 2701 ¹Cf.
321 2679 352 2708 p.
378 2681 427 2706 4¹2
454 2684 480 2701 n.
507 2676 533 2706 8,
560 2683 587 2709 p.
615 2683 667 2708 4¹3
693 2683 708 2700 e
737 2683 763 2700 n.
791 2675 814 2700 1.
851 2675 1032 2701 Wunuum

132 2717 273 2744 Transis
291 2718 560 2748 Aacmnscorus,
581 2718 704 2743 Historia
721 2719 765 2743 cu.
779 2718 829 2742 lib.
844 2717 855 2742 1
868 2725 891 2743 c.
909 2725 938 2742 ιι
952 2725 968 2743 e
981 2718 1032 2743 lib.

133 2759 172 2786 xi
185 2767 208 2785 c.
231 2767 252 2793 1,
267 2761 330 2786 dice
342 2760 495 2790 Tancredi,
509 2762 607 2786 sororis
621 2761 695 2789 filius
705 2761 733 2785 di
749 2759 932 2792 Boemondo3
945 2768 959 2785 e
972 2758 1033 2786 cosi

133 2811 203 2839 pure
221 2805 357 2831 Gummi·
374 2812 413 2830 nn:
432 2806 569 2834 Noun-m,
591 2805 670 2829 Gesta
690 2806 746 2830 Dei
759 2808 810 2837 per
826 2805 942 2830 Francos
966 2803 1034 2837 (Re-

132 2847 203 2872 mil
220 2847 265 2871 du
281 2847 423 2873 historiam
433 2848 466 2872 de
476 2847 606 2872 croisades
617 2846 675 2878 etc.)
689 2847 748 2872 vol.
761 2846 808 2871 [V.
844 2847 878 2871 In
896 2847 936 2872 D1
955 2847 1034 2878 Miro,

133 2889 246 2919 Annali.
265 2889 312 2919 IX.
333 2895 397 2920 ²00,
416 2891 439 2915 si
460 2891 584 2915 trovano
605 2890 677 2915 altre
697 2889 764 2914 utili
784 2890 894 2914 notizie
905 2889 957 2915 che
970 2897 1033 2923 pos-

135 2937 208 2956 tono
225 2932 422 2957 consu-oniam
441 2939 494 2957 con
513 2930 640 2961 Gutum,
668 2931 717 2955 Gli
737 2931 885 2956 Alo-anule!
902 2941 916 2956 e
934 2934 946 2955 d
963 2932 1034 2957 Nor-

136 2975 230 2998 mama'
245 2974 276 2998 dn
295 2974 391 2998 Sicilia
410 2983 424 2998 e
435 2973 504 2999 mlh
516 2973 620 3006 Pugile,
635 2974 665 2999 in
683 2974 838 2999 Centenan'o
850 2973 921 2999 della
934 2976 1035 2999 nasein

57 3025 104 3062 ι’·
135 3015 168 3040 de
181 3015 292 3040 uam·
309 3016 413 3047 Amat-i,
431 3015 573 3047 Paiermo,
599 3021 674 3049 1910,
694 3015 717 3047 1,
729 3023 758 3049 p.
771 3014 806 3048 48
818 3023 834 3041 e
847 3023 907 3050 agg.
922 3018 991 3042 nota
1007 3024 1032 3051 5.

1084 2379 1098 2393 ”
1108 2381 1212 2405 mensis
1240 2379 1365 2414 Augusti
1385 2381 1594 2415 redintegravit
1623 2382 1660 2407 ad
1689 2382 1947 2416 Archiepiscopum
1959 2400 1984 2415 „.

1085 2421 1132 2447 Cf.
1157 2429 1226 2455 pure
1250 2422 1366 2448 Pit-mus
1394 2423 1561 2454 Dmcomss,
1590 2424 1638 2455 IV,
1663 2423 1706 2454 61,
1731 2424 1769 2449 M.
1798 2425 1830 2449 G.
1861 2426 1907 2454 H„
1933 2424 1983 2450 SS.

1085 2463 1146 2494 vn,
1165 2469 1226 2497 791.

1172 2505 1184 2523 ⁶
1204 2506 1384 2533 wimannus
1397 2507 1539 2534 Tnutusis
1549 2509 1815 2540 Ammamscorus,
1827 2512 1881 2540 cta,
1891 2509 1940 2541 VI,
1951 2517 1983 2542 ²3

1084 2548 1167 2582 (Eiet.
1186 2550 1213 2575 d.
1235 2550 1318 2576 Crot't.
1338 2551 1358 2579 Ι,
1378 2551 1456 2584 492):
1471 2551 1484 2565 ‘⁴
1498 2551 1584 2576 Anno
1597 2552 1633 2576 ab
1646 2551 1847 2577 incarnatione
1861 2552 1978 2577 Domini

1087 2591 1101 2605 ²
1111 2591 1269 2617 Mille-imo
1288 2594 1443 2618 centesimo
1461 2593 1573 2619 declino
1585 2595 1696 2626 quarto,
1709 2595 1808 2619 tantus
1821 2596 1983 2620 universam

1088 2633 1101 2647 “
1111 2633 1222 2667 Syriam
1240 2636 1314 2660 terre
1327 2638 1431 2666 motus,
1446 2638 1476 2661 ut
1490 2636 1596 2661 multas
1610 2637 1691 2661 urbes
1703 2638 1732 2661 et
1746 2637 1854 2670 oppida
1870 2637 1985 2663 infinlta

1088 2676 1251 2702 “dix-rueret
1281 2679 1428 2708 funditus:
1456 2680 1580 2704 maxime
1609 2680 1704 2703 autem
1732 2679 1809 2704 circa
1837 2679 1983 2709 Ciliciam,
2013 2686 2044 2719 65

1087 2720 1251 2746 “Isauriam
1269 2724 1296 2747 et
1316 2720 1519 2754 coelesyriam.
1557 2721 1630 2747 Nam
1651 2722 1680 2746 in
1695 2720 1803 2746 Cilicia
1814 2721 1984 2747 Manen-tram

1088 2763 1175 2788 “cum
1194 2764 1293 2789 multis
1312 2764 1428 2798 oppidis
1454 2765 1518 2789 solo
1537 2766 1620 2789 tenus
1645 2765 1818 2796 prostravit5
1838 2764 1984 2789 Mansuram

1089 2804 1103 2818 ¹‘
1112 2812 1224 2838 quoque
1237 2806 1342 2831 delecit
1353 2813 1418 2831 cum
1431 2807 1602 2831 suburbanis
1615 2807 1682 2835 auls,
1697 2806 1737 2831 ita
1751 2808 1782 2830 ut
1795 2806 1983 2838 quorumdam

1090 2848 1103 2862 “
1115 2847 1163 2872 vix
1183 2849 1270 2873 etiam
1288 2850 1415 2874 estarent
1435 2849 1557 2882 vestigia
1569 2867 1665 2881 ......

1176 2888 1187 2907 ⁶
1206 2890 1317 2916 Nessun
1338 2891 1451 2916 ricordo
1471 2892 1499 2917 di
1521 2891 1558 2916 lei
1579 2892 1604 2917 si
1623 2892 1659 2917 ha
1680 2893 1724 2916 nei
1745 2891 1902 2924 Necrologi
1927 2899 1986 2917 cas·
2013 2906 2047 2931 70

1088 2934 1179 2958 sinese
1198 2940 1213 2957 e
1232 2934 1416 2958 salernitano.

1175 2973 1187 2991 ⁷
1206 2974 1227 3000 Π
1242 2983 1324 3000 nome
1338 2975 1519 3008 Gaiteigrinn
1533 2976 1559 3000 ci
1574 2976 1710 3001 richiama
1725 2984 1740 3001 a
1755 2977 1886 3009 samigiia
1900 2977 1986 3002 d’orl—

1087 3019 1153 3050 gine
1171 3017 1355 3051 langobarda.
1393 3017 1489 3044 Trovo
1511 3017 1659 3043 ricordato
1671 3025 1751 3044 come
1764 3017 1813 3052 ‘la
1827 3020 1922 3044 morto
1938 3019 1983 3044 nei

2012 2472 2047 2496 60
