2398 3470
259 391 305 412 iun.
323 394 346 412 16

245 551 339 574 c.2411

277 981 326 999 ¹¹7²

276 1139 324 1158 1¹7⁴

274 1190 331 1212 seph

283 1243 326 1260 oen

253 1300 272 1314 c.
288 1300 327 1319 21⁹
334 1301 349 1315 a

277 1403 326 1421 1168

1193 253 1505 290 CHRONICON
1907 259 1990 295 [ΑΛ.
2010 260 2043 288 c.
2066 261 2261 294 uos-11⁷⁴]

429 380 585 423 corporis
607 379 841 411 inualescente
865 377 1030 416 molestia,
1052 387 1143 410 anno
1166 376 1236 409 uite
1259 386 1319 409 sue
1342 375 1453 409 tercio
1477 375 1614 409 decimo
1629 381 1783 409 mortuus
1799 382 1863 415 est,
1879 382 1915 410 et
1928 376 1964 410 in
1980 377 2129 412 ecclesie
2146 382 2266 410 sancte

429 433 541 465 Marie
564 433 607 464 de
633 432 804 464 Panormo
825 431 919 463 iuxta
942 430 1163 473 sepulchrum
1186 429 1279 473 regis
1302 428 1450 473 Rogerii
1473 429 1529 461 aui
1551 428 1603 461 sui
1625 429 1814 462 honorifice
1839 435 1890 463 est
1912 431 2066 474 sepultus
2087 441 2180 464 anno
2195 430 2267 463 Do-

427 485 509 518 mini
533 483 737 517 MCLXXII
760 489 795 516 et
817 483 934 516 medio
958 492 1075 515 mense
1099 482 1199 520 Iunii,
1222 481 1418 515 indictione
1432 481 1454 514 ¹.
1501 481 1582 514 Rex
1605 486 1720 515 autem
1743 493 1822 515 cum
1845 482 2029 527 aliquantis
2051 483 2174 517 diebus
2204 483 2267 517 Sa-

428 538 513 571 lerni
537 548 667 570 moram
690 535 848 574 fecisset',
871 535 973 568 simul
996 546 1075 568 cum
1100 534 1279 568 Gualterio
1303 533 1492 567 uenerabili
1515 533 1762 568 Panormitano
1785 535 2060 580 archiepiscopo,
2076 542 2111 570 et
2124 536 2268 570 Matheo

426 590 716 624 uicecancellario
739 589 855 633 galeas
878 590 1053 632 ingressus
1076 588 1283 620 Panormum
1314 587 1428 626 rediit,
1458 587 1518 620 ubi
1547 587 1718 630 principis
1748 588 1866 621 fratris
1895 588 1946 621 sui
1975 595 2085 623 morte
2115 590 2268 635 cognita,
2313 587 2353 622 5⁴

427 644 550 687 primo,
573 643 661 676 sicut
684 643 812 680 debuit,
837 642 934 675 carni
958 647 993 674 et
1014 647 1136 674 nature
1160 651 1359 683 compassus
1381 640 1525 673 multum
1548 640 1670 679 doluit,
1694 640 1834 680 dehinc,
1864 641 1955 675 sicut
1983 642 2110 682 decuit,
2140 642 2268 676 rationi

428 702 463 729 et
486 706 623 729 suorum
646 695 797 729 fidelium
821 694 972 728 consiliis
996 695 1235 738 acquiescens,
1258 694 1310 726 sui
1333 693 1476 726 meroris
1498 694 1535 726 in
1557 693 1709 727 Domino
1733 694 2002 729 consolationem
2033 696 2180 739 accepit.

516 749 620 782 Anno
643 748 781 782 Domini
811 748 993 781 millesimo
1026 746 1209 780 CLXXIII
1241 747 1451 780 Fredericus
1481 753 1595 780 autem
1624 747 1862 781 Romanorum
1893 747 2083 791 imperator
2112 749 2271 783 recolens

428 809 463 836 et
484 803 554 836 alta
575 809 690 836 mente
713 802 899 835 revoluens
922 801 1065 834 iniurias
1086 800 1155 833 sibi
1178 811 1199 833 a
1221 799 1429 834 Lombardis
1451 800 1656 844 frequenter
1684 800 1809 840 illatas,
1839 806 1874 833 et
1904 802 1999 845 quod
2027 812 2118 845 pene
2148 808 2271 837 contra

427 868 505 889 eum
530 866 648 889 omnes
671 856 919 894 coniurassent,
943 861 978 887 et
1000 855 1095 898 quod
1117 853 1410 892 Mediolanenses,
1433 864 1475 887 eo
1497 853 1715 897 prohibente,
1737 854 1978 887 Mediolanum
2001 855 2271 896 reedificassent,

428 916 461 942 et
483 908 711 943 Alexandrini
736 909 911 941 ciuitatem
934 918 1030 941 suam
1054 908 1098 940 de
1121 917 1214 940 nouo
1238 907 1404 940 edificare
1427 907 1613 950 cepissent,
1635 907 1747 950 primo
1770 907 2002 941 Christianum
2027 909 2270 943 cancellarium

428 975 525 996 suum
548 969 583 996 et
605 962 845 1007 Maguntinum
869 961 1180 1004 archiepiscopum,
1202 960 1315 992 uirum
1338 960 1460 1004 utique
1490 960 1677 1003 prouidum
1708 966 1743 994 et
1773 961 1959 995 discretum
1992 967 2027 995 et
2055 961 2092 994 in
2121 962 2271 1008 negotiis

427 1016 564 1050 bellicis
586 1017 717 1059 aprime
742 1014 925 1054 eruditum,
949 1025 1011 1058 per
1033 1019 1198 1047 montana
1220 1013 1433 1047 Lombardie
1458 1019 1493 1046 et
1514 1014 1656 1047 Iamiam
1677 1024 1786 1058 usque
1801 1015 1838 1047 in
1854 1014 2044 1048 Thusciam
2059 1020 2094 1048 et
2107 1015 2272 1049 marciam

429 1069 575 1102 Ancone
599 1069 726 1102 direxit
737 1069 759 1102 ².
805 1069 942 1101 Dehinc
966 1067 1164 1100 marchione
1187 1066 1463 1100 Montisferrati’
1487 1072 1522 1100 et
1545 1067 1774 1110 Papiensibus
1798 1073 1832 1101 et
1854 1067 2059 1112 quibusdam
2076 1067 2155 1102 aliis
2167 1067 2274 1103 Lom-

2297 857 2336 888 10

398 1158 401 1161 ,
427 1123 543 1156 bardis
565 1123 675 1166 ipsum
698 1122 891 1154 affectuose
915 1121 1126 1165 rogantibus,
1150 1121 1300 1154 collecta
1322 1130 1449 1164 magna
1463 1121 1683 1154 multitudine
1700 1121 1962 1155 Brebitionum⁴
1978 1127 2013 1154 et
2027 1121 2175 1155 aliorum
2189 1131 2272 1156 con-
2299 1120 2338 1155 15

393 1875 406 1901 5

378 2087 410 2105 1()

432 1176 655 1209 ductitiorum
669 1174 680 1191 ⁵
703 1175 863 1213 militum,
888 1173 1023 1207 Italiam
1045 1179 1209 1217 potenter
1230 1173 1385 1206 intrauit.

519 1228 621 1262 Anno
645 1228 822 1261 dominice
845 1227 1093 1260 incarnationis
1108 1226 1291 1260 millesimo
1306 1226 1529 1269 [CLXXIIIJ.
1574 1227 1693 1261 Primo
1708 1233 1824 1261 autem
1839 1227 1998 1272 ingressu
2013 1237 2075 1261 suo
2090 1227 2275 1262 Asteneem

431 1283 607 1316 ciuitatem
619 1281 641 1321 ⁶,
665 1282 856 1314 Taurinum
880 1287 914 1314 et
937 1280 1085 1314 uicinas'
1110 1281 1276 1320 ciuitates,
1299 1281 1383 1323 ipsis
1409 1291 1446 1314 se
1478 1287 1600 1324 sponte
1629 1280 1865 1322 reddentibus,
1897 1281 2092 1325 occupauit.
2136 1281 2274 1316 Dehinc

432 1336 641 1370 marchionis
663 1335 918 1368 Montisferrati
940 1341 974 1367 et
1004 1334 1225 1376 Papiensium
1256 1334 1476 1378 suggestione
1502 1334 1751 1368 Alexandriam
1769 1335 1944 1368 ciuitatem
1961 1335 2099 1369 obsedit
2109 1334 2133 1368 ⁷.
2170 1335 2275 1369 Multi

429 1390 520 1422 enirn
544 1389 676 1422 nobiles
699 1395 735 1421 et
757 1388 943 1430 populares
965 1387 1032 1419 uiri
1056 1388 1099 1420 de
1123 1393 1216 1420 terra
1237 1386 1471 1430 prenominati
1502 1388 1713 1421 marchionis
1742 1388 1890 1427 oriundi,
1920 1388 2038 1431 plures
2067 1387 2209 1422 iniurias
2239 1395 2275 1423 et
2297 1390 2341 1422 20

431 1443 605 1476 molestias
628 1442 671 1475 ab
695 1451 737 1474 eo
761 1441 928 1484 perpessi,
952 1440 1044 1473 illius
1066 1441 1286 1474 insolentiam
1309 1441 1445 1484 perpeti
1468 1451 1538 1475 non
1561 1441 1729 1480 ualentes,
1752 1441 1883 1474 relictis
1905 1441 2179 1475 habitationibus
2207 1442 2279 1476 suis

429 1498 465 1529 in
489 1496 639 1540 quadam
662 1494 814 1537 planicie
836 1494 968 1537 pariter
990 1499 1237 1532 conuenerunt,
1261 1500 1296 1527 et
1318 1494 1562 1528 adiuuantibus
1586 1505 1646 1528 eos
1668 1494 1990 1528 Mediolanensibus
2014 1500 2049 1528 et
2072 1495 2148 1528 aliis
2169 1494 2275 1529 Lom-

429 1550 556 1588 bardis,
578 1550 615 1582 in
639 1549 759 1581 eadem
782 1548 934 1590 planicie
958 1548 1134 1581 ciuitatem
1157 1548 1201 1581 de
1223 1558 1317 1581 nouo
1340 1548 1505 1581 edificare
1529 1554 1710 1591 ceperunt,
1734 1555 1768 1581 et
1783 1558 1859 1581 eam
1877 1548 1922 1582 ob
1937 1548 2168 1582 reuerentiam
2184 1559 2276 1592 pape

2313 1224 2350 1232 vv

520 1704 543 1723 2.
564 1698 723 1731 sepulcrum
746 1697 768 1721 C
784 1705 798 1721 e
821 1697 911 1722 Arndt
930 1711 942 1715 -
967 1697 1083 1730 Rogerii
1106 1698 1141 1728 B,
1164 1697 1193 1727 C,
1212 1698 1293 1722 Sana
1311 1705 1325 1721 e
1343 1697 1436 1722 Arndt
1452 1710 1463 1716 -
1482 1698 1561 1722 Anni
1584 1697 1691 1726 Anum
1713 1699 1798 1723 anni.
1873 1698 1932 1722 ind.
1952 1697 1985 1727 V,
2003 1705 2098 1723 manca
2116 1697 2142 1722 B
2157 1706 2173 1722 e
2197 1697 2219 1722 C
2242 1711 2275 1717 —

433 1750 458 1773 4.
477 1741 648 1766 uenerabilis
668 1741 709 1770 A;
730 1741 759 1764 di
771 1740 863 1771 prima
882 1747 958 1764 'nano
971 1748 1065 1764 manca
1082 1739 1127 1763 Ce
1138 1740 1177 1773 su
1188 1741 1366 1771 :aprum-itta
1377 1741 1422 1765 col
1436 1739 1515 1765 solito
1533 1739 1678 1765 inclaiostro
1696 1740 1811 1766 sbiaeda'to
1829 1740 1974 1765 uenerabil
1993 1753 2002 1758 -
2023 1740 2122 1765 Matho
2140 1740 2172 1766 di
2182 1741 2277 1773 praua

432 1790 519 1814 mano,
538 1784 673 1816 aggiunto
692 1790 707 1807 e
725 1784 769 1808 col
783 1783 864 1807 solito
887 1783 1026 1807 inchiostro
1050 1782 1163 1807 sbiaddto
1192 1782 1214 1806 C
1236 1796 1268 1800 —
1295 1790 1319 1815 5.
1343 1783 1425 1807 fratri
1450 1782 1473 1806 C
1488 1796 1520 1800 —
1541 1781 1566 1807 6.
1586 1782 1680 1807 carnis
1702 1782 1724 1806 C
1741 1795 1774 1800 —
1794 1782 1818 1807 8.
1839 1781 1981 1808 CLXXIII
2000 1783 2136 1816 aggi-uto
2153 1782 2184 1807 ds*
2199 1789 2277 1808 nm

428 1826 583 1857 poster-'ors
600 1826 642 1854 A;
663 1833 738 1849 anno
750 1842 756 1849 .
769 1844 773 1849 .
785 1842 810 1849 ..
829 1832 924 1849 manca
944 1825 970 1848 B
987 1832 1000 1848 e
1023 1824 1045 1848 C
1061 1838 1093 1842 —
1112 1832 1137 1857 9.
1158 1832 1214 1856 quo
1237 1824 1259 1848 C
1276 1838 1309 1842 —
1331 1831 1370 1849 10.
1389 1824 1618 1849 rehedificassent
1641 1824 1663 1849 C
1679 1833 1693 1848 e
1711 1825 1803 1850 Arndt
1821 1838 1853 1842 —
1876 1832 1916 1850 11.
1940 1824 2091 1850 hedificare
2116 1824 2139 1849 C
2153 1832 2168 1849 e
2186 1825 2278 1850 Arndt

435 1868 443 1886 ἑ
464 1869 606 1901 cepiscent
628 1867 650 1891 C
670 1875 683 1891 e
700 1867 791 1892 Arndt
809 1881 839 1884 ——
868 1873 908 1891 12.
935 1867 1062 1899 negociis
1092 1866 1114 1890 C
1128 1874 1143 1891 e
1159 1867 1254 1892 Arndt
1272 1881 1303 1885 -—
1327 1874 1366 1899 13-
1387 1867 1515 1900 apprime
1534 1867 1560 1891 A
1578 1875 1593 1891 e
1613 1867 1693 1892 Semo
1712 1881 1722 1885 -
1742 1868 1908 1892 montanam
1930 1867 1953 1892 C
1970 1880 2002 1886 -
2024 1874 2064 1899 14.
2083 1867 2202 1892 Ancone
2224 1866 2247 1891 C
2265 1879 2276 1886 -

433 1918 527 1935 manca
540 1911 565 1934 A
578 1923 589 1929 -
603 1916 734 1934 marcone
746 1909 875 1941 diprima
886 1916 974 1937 mano,
988 1909 1060 1934 altri
1069 1910 1113 1934 001
1126 1910 1205 1934 solito
1222 1910 1365 1936 thebiostro
1382 1910 1496 1935 sbiads'to
1513 1910 1689 1941 capram-isse
1706 1910 1737 1934 hi
1759 1909 1791 1939 C;
1811 1909 1971 1934 Markionis
1991 1909 2082 1935 Arndt
2099 1923 2131 1927 —
2152 1915 2194 1942 15.
2211 1909 2276 1935 Bre-

433 1953 582 1978 bicionum
605 1953 626 1976 C
643 1961 657 1976 e
675 1952 766 1977 Arndt
784 1966 817 1970 —
839 1958 879 1985 17.
898 1952 985 1976 Anno
1005 1952 1160 1977 Millesimo
1176 1954 1202 1977 B
1219 1960 1232 1976 e
1251 1953 1333 1978 Sus-50
1352 1966 1360 1970 -
1381 1950 1537 1977 CLXXIIII
1555 1952 1659 1977 d’altra
1677 1959 1754 1977 mano
1772 1953 1806 1983 A,
1826 1961 1919 1978 manca
1941 1952 1964 1977 C
1980 1961 1993 1977 e
2011 1952 2103 1978 Arndt
2120 1965 2129 1970 —
2142 1953 2277 1978 Astenses

439 1995 461 2020 C
478 2008 508 2014 ——
532 2002 572 2028 19.
592 1994 751 2019 markionis
774 1994 796 2018 C
812 2003 826 2018 e
844 1994 938 2019 Arndt
954 2006 966 2013 -
985 1995 1141 2024 civitatem,
1159 2003 1252 2020 manca
1271 1995 1296 2019 B
1315 2008 1348 2014 —
1368 2001 1410 2020 20.
1430 1994 1589 2020 markionis
1610 1995 1634 2020 C
1650 2003 1663 2019 a
1680 1994 1772 2020 Arndt
1790 2008 1822 2013 -—
1843 2001 1885 2019 21.
1905 1995 1941 2020 ab
1958 2002 1992 2020 eo
2011 2002 2105 2021 manca
2122 1995 2148 2020 A
2167 2007 2178 2014 -
2200 1996 2277 2020 inso-

434 2038 558 2063 lenciam
581 2037 603 2061 C
619 2046 632 2061 e
651 2037 743 2062 Arndt
759 2050 791 2054 —
813 2043 855 2069 23.
873 2037 916 2061 De
928 2036 1108 2062 edificatione
1121 2037 1296 2063 Alexandrie
1316 2038 1444 2062 civitella
1463 2036 1634 2062 Lombardie
1653 2045 1729 2062 mano
1746 2041 1849 2063 recensa
1866 2038 1963 2063 scrisse
1981 2038 2009 2062 in
2026 2037 2048 2061 C
2064 2050 2075 2056 -
2088 2037 2278 2063 reverenciam

441 2080 463 2104 C
479 2088 492 2104 ε
511 2080 604 2104 Arndt

527 2194 535 2211 ¹
557 2196 635 2220 XVI
657 2196 718 2219 Kal.
742 2195 826 2219 lunii:
846 2195 987 2226 Depositio
1012 2196 1110 2220 domini
1138 2196 1252 2221 Henrici
1279 2198 1331 2221 Ca-

432 2242 582 2269 puanorum
597 2237 739 2268 principis,
754 2244 778 2262 a.
797 2237 832 2261 D.
846 2236 1042 2267 M.C.L.xxn,
1064 2238 1123 2262 ind.
1136 2236 1190 2267 V⁸;
1205 2238 1332 2267 Gutum,

443 2281 468 2304 Π
485 2279 650 2312 Necrologio
669 2280 715 2303 del
732 2279 791 2303 Lib.
813 2279 916 2312 Consr„
937 2286 985 2312 pp.
1004 2278 1039 2312 84
1057 2286 1072 2303 e
1085 2285 1146 2311 347.
1182 2280 1206 2304 11
1222 2282 1332 2306 Neerol.

441 2324 513 2347 Cass.
534 2320 569 2346 da
590 2322 610 2346 il
631 2323 735 2354 giorno
755 2329 769 2345 e
789 2322 810 2345 il
831 2328 913 2352 mese,
933 2328 977 2346 ma
988 2329 1045 2346 non
1060 2322 1165 2347 Panno,
1202 2323 1332 2348 Secondo

437 2365 599 2390 Romualdo
612 2365 726 2389 sarebbe
740 2366 810 2389 nato
824 2364 871 2388 nel
887 2369 963 2397 1159.
992 2365 1151 2397 L‘epitaffio
1163 2365 1239 2390 della
1258 2366 1331 2391 chie-

439 2416 468 2433 sa
494 2409 523 2433 di
544 2407 689 2432 Monreale
714 2406 788 2440 (Dm.
807 2405 946 2436 Gmmcs,
965 2407 995 2431 ΙΙ
1012 2407 1108 2438 tempio
1134 2408 1164 2432 di
1183 2409 1332 2438 Monreale,

438 2458 464 2484 p.
485 2458 532 2484 335
552 2450 648 2480 Pmm,
669 2450 723 2475 Sic.
743 2450 839 2478 Sacra,
858 2449 879 2478 1,
898 2456 924 2481 p.
945 2448 1008 2481 461)
1021 2449 1058 2473 ha
1072 2457 1109 2474 un
1124 2457 1217 2475 errore
1230 2458 1331 2476 crono-

439 2494 534 2526 logico
554 2493 599 2517 nel
625 2500 721 2517 verso:
751 2491 858 2516 “Mille
883 2491 977 2516 decem
1005 2491 1104 2520 decies,
1125 2493 1231 2524 septem
1250 2493 1332 2518 datus

441 2536 665 2567 “annus-...„.

526 2575 537 2593 ²
557 2578 644 2607 Boso,
658 2578 742 2602 Liber
754 2576 870 2609 Pontis„
881 2576 918 2607 11,
929 2584 955 2609 p.
970 2582 1036 2609 427:
1053 2576 1067 2590 “
1078 2576 1183 2602 Eodem
1198 2579 1332 2610 tempore.

440 2619 454 2632 ¹‘
467 2622 496 2644 in
515 2627 592 2645 anno
611 2619 664 2645 XV
682 2619 866 2653 pontificatus
885 2618 986 2643 domni
1005 2619 1165 2644 Alexandri
1178 2627 1259 2653 pape,
1271 2620 1334 2645 Fre-

441 2662 454 2675 “
465 2662 576 2686 dericus
596 2663 750 2694 imperator
769 2660 864 2686 dictus
876 2661 912 2685 ad
927 2661 1137 2694 suggestionem
1151 2661 1333 2694 Papiensium

439 2706 490 2729 “et
515 2705 690 2730 marchionis
710 2704 744 2729 de
762 2704 973 2729 Monteferrato
992 2704 1092 2736 quinta
1112 2705 1174 2729 vice
1193 2705 1223 2729 ln
1250 2706 1333 2730 Lom-

438 2747 452 2760 ¹‘
464 2747 591 2772 bardiam
604 2747 752 2771 hostiliter
765 2746 910 2771 remeavit.
942 2746 1092 2771 Transivit
1105 2747 1183 2771 enim
1196 2754 1245 2780 per
1258 2755 1335 2773 mon-

439 2788 453 2802 “
466 2791 521 2813 tem
541 2789 682 2813 Senisium
702 2790 729 2813 et
749 2789 779 2813 in
800 2788 987 2813 multitudine
1004 2789 1086 2822 gravi
1106 2788 1279 2814 descendens
1294 2791 1333 2815 ad

441 2830 626 2863 “planitiem,
644 2830 692 2859 111,
712 2830 768 2855 kal.
793 2831 920 2855 octobris
945 2831 1161 2855 castrametatus
1186 2832 1228 2855 est
1253 2831 1334 2856 iuxta

443 2872 616 2897 “Senusiam
627 2889 720 2903 ......

527 2913 539 2930 ³
558 2914 723 2948 Guglielmo
744 2915 757 2928 ¹‘
767 2916 895 2940 marchio
915 2916 948 2940 de
961 2915 1155 2940 Monteserato
1165 2933 1179 2947 „
1195 2923 1212 2940 o
1229 2915 1242 2928 “
1253 2916 1333 2940 Mon-

443 2957 602 2982 “tes-errato
613 2976 637 2989 η,
655 2959 678 2982 si
700 2958 807 2982 ritrova
826 2965 932 2990 spesso,
947 2958 990 2982 fra
1010 2959 1017 2982 i
1037 2957 1188 2982 testimoni
1207 2958 1235 2982 di
1251 2958 1332 2983 molti

380 3007 414 3033 30
441 2999 563 3032 diplomi
583 3000 644 3024 dati
663 3000 698 3024 da
717 2999 883 3024 Federicol
908 3000 938 3024 ln
964 3000 1067 3029 Pavia3
1092 3000 1138 3030 cf..
1163 3000 1236 3024 oltre
1260 2999 1333 3024 Ben-

440 3041 627 3066 Man-Fxcxan
649 3049 662 3065 e
686 3041 913 3073 menuurm,
935 3043 1056 3074 Regma
1085 3042 1203 3073 Imperii,
1230 3042 1255 3066 al
1283 3049 1332 3066 no-

378 2371 408 2398 15

378 2585 411 2603 20

379 2793 409 2819 25

1387 2204 1436 2226 me,
1455 2196 1801 2225 sensnm-Boxeuonsr‚
1822 2198 1879 2221 Zur
1908 2197 2061 2223 Geschiclete
2084 2198 2130 2222 des
2149 2197 2218 2222 XII
2229 2197 2284 2222 und

1388 2240 1472 2264 XIII
1482 2238 1681 2272 Jahrbnnderts
1707 2239 1827 2270 Diplom.
1855 2240 2052 2272 Forschungen,
2077 2239 2183 2268 Berlin,
2205 2237 2282 2272 1897,

1387 2290 1433 2314 pp.
1457 2289 1505 2315 143
1525 2290 1538 2306 e
1560 2280 1618 2307 166.

1475 2322 1487 2339 ⁴
1506 2323 1616 2349 Amr
1634 2325 1754 2348 annotat
1781 2325 2017 2353 Brabantinorum
2043 2325 2230 2355 Brabanponu
2255 2333 2282 2349 v.
2310 2325 2342 2353 35

1388 2368 1455 2392 Anu.
1476 2367 1801 2396 Maurimonasterienses,
1820 2367 1861 2391 M.
1885 2366 1917 2391 G.
1940 2367 1976 2391 H.
1998 2367 2048 2393 SS.
2067 2366 2154 2398 XVII,
2175 2364 2234 2398 181,
2253 2368 2282 2391 et

1387 2408 1456 2433 Anu.
1470 2409 1548 2434 Plac.
1563 2409 1597 2433 ad
1612 2416 1635 2433 a.
1652 2414 1726 2441 1174,
1740 2409 1781 2433 M.
1800 2409 1830 2434 G.
1848 2409 1883 2433 H.
1898 2409 1959 2439 SS„
1971 2408 2071 2440 xvm,
2087 2416 2134 2441 pp.
2147 2415 2209 2441 413,
2221 2407 2282 2440 462.

1474 2449 1486 2467 ⁶
1504 2451 1614 2476 Amen-r
1634 2453 1757 2476 annotat
1771 2452 1890 2476 mercede
1902 2452 2095 2476 conductorum.
2135 2449 2180 2477 Cf.
2199 2450 2283 2475 Liber

1388 2493 1502 2523 Pontis„
1521 2492 1556 2525 11,
1576 2500 1603 2526 p.
1622 2499 1690 2526 427:
1710 2493 1724 2506 ¹¹
1733 2493 1862 2518 Habebat
1874 2494 1950 2518 enim
1964 2490 2154 2525 (Fredericus)
2165 2493 2241 2517 circa
2253 2499 2283 2517 se

1389 2533 1403 2547 ‘⁴
1415 2535 1631 2560 multitudinem
1651 2535 1798 2568 copiosam
1817 2535 1963 2559 barbarice
1976 2535 2080 2567 gentis,
2092 2534 2224 2560 homines
2237 2541 2282 2559 as·
2309 2540 2345 2566 40

1389 2576 1403 2590 “
1414 2579 1508 2603 suetos
1523 2579 1552 2602 in
1567 2577 1680 2602 bellicIs
1694 2578 1811 2608 artibus,
1825 2579 1903 2602 viros
1917 2578 2114 2609 nequissimos,
2127 2584 2242 2610 rapaces
2255 2578 2283 2602 et

1388 2619 1585 2653 «desperatos,
1607 2627 1678 2652 quos
1703 2620 1737 2644 de
1761 2619 1899 2645 Flandria
1924 2621 1952 2644 et
1976 2620 2187 2652 circumpositis
2210 2618 2284 2644 locis

1390 2662 1403 2675 “
1414 2662 1575 2696 collegerat,
1594 2664 1622 2688 et
1640 2670 1711 2695 quos
1730 2664 1872 2687 neminem
1891 2663 2018 2687 amantes
2037 2663 2113 2687 amat
2131 2669 2214 2687 nemo
2223 2680 2248 2695 ,ν

1477 2702 1489 2720 ⁸
1503 2706 1544 2730 M.
1558 2701 1590 2729 G.
1607 2706 1642 2729 H.
1658 2705 1718 2736 SS„
1732 2704 1835 2736 XVIII,
1847 2712 1874 2738 p.
1889 2704 1949 2737 814,
1964 2705 2032 2729 Arm.
2048 2704 2124 2729 Bria.
2137 2711 2186 2730 ιιι.
2201 2709 2284 2736 ¹¹⁷⁵=

1389 2747 1462 2772 circa
1473 2748 1578 2780 festum
1604 2748 1692 2772 sancti
1716 2747 1860 2772 M'claaelis
1885 2750 1966 2778 capta
1992 2750 2032 2771 est
2056 2747 2155 2771 civitas
2179 2746 2244 2771 Asta·
2265 2754 2283 2771 a
2310 2747 2342 2774 45

1388 2790 1543 2814 Frederico.

1476 2830 1487 2847 ⁷
1506 2833 1592 2862 Boso,
1612 2833 1695 2857 Liber
1708 2832 1814 2866 Pontif-
1826 2832 1879 2857 loc.
1894 2833 1959 2857 cita
1974 2831 1988 2845 “
2000 2832 2069 2856 Asta
2080 2833 2177 2863 ltaque
2190 2829 2282 2855 sublu-

1390 2875 1404 2888 ¹¹
1414 2876 1489 2908 gata,
1508 2875 1583 2900 idem
1603 2875 1635 2900 F.
1654 2883 1682 2900 se
1702 2882 1785 2908 super
1803 2876 1926 2908 seipsum
1946 2874 2095 2905 extollens,
2115 2874 2150 2898 ad
2176 2873 2283 2898 destru-

1390 2917 1404 2931 ‘¹
1414 2918 1540 2942 ctionem
1553 2917 1683 2942 civitatis
1705 2917 1888 2946 Alexandrie,
1907 2924 1989 2949 quam
2004 2917 2118 2941 noviter
2129 2914 2281 2940 Lornbardi

1388 2958 1403 2972 ¹
1413 2959 1633 2984 construxerant
1646 2960 1679 2984 ad
1690 2959 1828 2984 honorem
1840 2959 1916 2983 beati
1927 2958 2015 2987 Petri,
2025 2965 2087 2982 cum
2097 2956 2284 2989 Pupiensibus
2312 2961 2346 2987 50

1389 3001 1402 3014 '¹
1412 3002 1439 3025 et
1465 3001 1628 3026 marchione
1647 3001 1855 3027 Montlsferrati
1877 3002 1997 3025 conatus
2015 3000 2059 3024 est
2078 3000 2212 3024 festinare
2224 3016 2246 3030 η.
