2398 3470
0 1117 15 1592 j

0 1997 12 2254 ἰ

0 2256 11 2425 ἱ

0 2421 14 2604 ἓ

0 2837 12 3014 g

0 3413 1 3420 ⁴
0 3328 4 3343 ν
0 3023 11 3316 ι--π-ῃτ-ν--ψεηυιννιι-ς-

153 255 238 292 [ΛΑ.
257 256 292 284 c.
313 256 503 292 uso-usal

734 250 1026 288 ROMUALDI
1054 250 1399 288 SALERNITAN
1401 250 1415 286 1

151 373 265 407 Terra
285 373 433 407 Laboris
455 380 490 407 et
512 373 643 417 Apulia
664 378 817 408 exortam
840 374 986 414 audiuit,
1009 374 1188 418 Aquinum
1212 374 1256 408 de
1279 373 1408 407 Moac'
1433 374 1469 406 in
1499 373 1647 407 Terram
1669 373 1817 408 Laboris
1838 372 1943 412 misit,
1967 379 2004 405 ut

152 426 278 460 milites
299 427 465 460 retineret
489 433 525 460 et
546 427 700 461 inimicis
722 427 792 461 suis
813 428 989 460 resisteret
1012 445 1054 451 -
1076 427 1147 460 iam
1179 428 1272 460 enim
1303 426 1466 460 Andreas
1496 427 1541 460 de
1571 426 1823 469 Rupe-canina
1853 426 2001 459 eandem

151 486 279 514 terram
301 490 346 513 ex
367 486 468 523 parte
490 481 667 514 inuaserat
689 499 731 505 —
757 491 874 514 comes
897 480 1001 514 etiam
1024 480 1226 515 Robbertus
1248 487 1374 514 terram
1398 480 1538 523 Apulie,
1561 480 1744 513 resistente
1767 480 1917 520 nemine,
1940 489 2001 513 oc-

152 533 314 577 cupabat.
362 532 433 572 Qui
457 533 639 567 Salernum
661 535 818 573 ueniens,
841 544 918 567 eam
942 533 1070 566 habere
1093 534 1256 567 credidit.

947 587 1084 620 Dehinc
1107 587 1348 620 Beneuentum
1370 587 1517 620 ueniens
1540 598 1559 620 a
1582 587 1839 620 Beneuentanis
1854 593 1907 620 est
1921 596 2000 619 cum

149 640 282 673 honore
305 646 477 683 receptus.
524 640 607 674 Post
633 641 698 674 hec
730 641 767 673 in
797 639 961 684 Apuliam
990 650 1168 684 regressus
1199 640 1390 673 Tarentum
1413 651 1523 683 usque
1546 640 1706 683 peruenit
1718 640 1740 673 ⁸.

151 692 383 736 W[ilhelmus]
405 704 496 737 pene
520 704 584 737 per
605 700 714 727 totam
737 699 878 727 estatem
901 694 938 726 in
961 693 1142 727 obsidione
1165 693 1307 726 Buterie
1330 699 1384 727 est
1407 699 1572 727 moratus.

109 586 127 618 5
150 587 346 626 existentes,
369 587 482 630 ipsum
504 588 662 630 recipere
684 587 868 621 noluerunt
878 587 901 619 ³.

1304 534 1375 567 Sed
1391 533 1601 567 Salernitani
1617 534 1694 578 regi
1710 533 1754 566 de
1770 543 1865 567 more
1881 532 2001 566 fideles

1786 641 1866 674 Rex
1889 646 2003 673 autem

149 747 220 781 loci
241 753 276 780 et
299 747 441 781 fortium
463 748 616 781 uirorum
640 748 887 782 numerositate
911 747 1077 780 munitam
1100 757 1302 790 expugnare
1325 758 1395 779 non
1418 754 1545 790 posset,
1562 747 1659 780 facta
1674 747 1884 786 con'cordia,
1900 748 1999 793 Rog-

146 801 279 845 gerium
305 800 515 834 Sclauonem
539 811 618 835 cum
642 800 848 834 Lombardis
878 801 969 833 ultra
998 810 1092 833 mare
1122 800 1238 833 illesos
1269 800 1321 833 ire
1352 800 1518 842 permisit.
1565 800 1645 843 Ipse
1676 807 1792 833 autem
1822 799 1999 834 Buteriam

86 854 124 886 10
147 853 343 892 dextruens,
365 859 473 887 totam
497 854 651 888 Siciliam
674 853 876 897 pacificauit
899 859 935 887 et
956 852 1164 886 Panormum
1189 859 1242 887 est
1263 864 1343 886 cum
1365 853 1542 896 triumpho
1565 863 1734 886 reuersus.

237 907 377 940 Interea
400 907 602 941 Alexander
623 918 717 950 papa
739 917 819 940 cum
833 907 929 950 apud
951 906 1173 951 Anagniam⁴
1198 912 1233 939 et
1247 907 1486 939 Terracenam
1502 907 1626 939 fuisset
1640 906 1819 950 aliquanto
1843 914 2001 950 tempore

151 961 354 994 demoratus
366 959 389 999 ⁵,
412 961 634 1005 suggestione
658 960 789 994 Uillani
813 959 929 992 Pisani
953 959 1221 1003 archiepiscopi,
1245 960 1303 1003 qui
1327 959 1373 993 ad
1397 971 1476 992 eum
1500 970 1578 992 cum
1602 971 1670 993 una
1692 960 1795 1004 galea
1818 967 1963 994 uenerat
1976 960 2000 1000 ⁸,

149 1014 304 1056 acceptis
327 1014 431 1047 etiam
461 1014 570 1058 galeis
600 1013 717 1057 regiis,
740 1023 819 1046 cum
851 1012 1085 1046 cardinalibus
1116 1013 1257 1046 Ianuam
1281 1013 1388 1052 uenit,
1416 1018 1452 1046 et
1473 1024 1494 1045 a
1516 1012 1744 1046 Ianuensibus
1768 1024 1846 1046 cum
1868 1025 2000 1047 summa

150 1073 203 1100 est
225 1067 412 1101 deuotione
435 1072 616 1110 susceptus
627 1065 651 1098 ⁷.
695 1066 834 1100 Dehinc
856 1077 935 1099 cum
951 1066 1062 1110 galeis
1078 1077 1198 1100 eorum
1213 1077 1323 1109 usque
1339 1065 1560 1100 Prouinciam
1576 1067 1742 1109 perrexit.

1788 1068 2002 1101 Octauianus

89 1121 126 1154 15
152 1126 278 1158 autem,
309 1121 367 1164 qui
390 1120 485 1163 apud
515 1119 679 1164 Segniam
710 1125 862 1153 moratus
894 1121 1018 1159 fuerat,
1050 1120 1192 1164 cognito
1213 1130 1356 1152 recessu
1387 1119 1594 1158 Alexandri,
1618 1120 1654 1152 in
1683 1120 1930 1154 Lombardiam
1952 1121 1999 1154 ad

148 1174 394 1217 imperatorem
424 1174 530 1212 uenit,
561 1185 582 1206 a
612 1184 681 1217 quo
711 1174 793 1207 satis
824 1173 1016 1207 honorifice
1047 1180 1100 1207 est
1130 1180 1302 1217 receptus.

1348 1173 1486 1206 Dehinc
1521 1174 1720 1216 imperator,
1756 1175 1999 1217 episcoporum

149 1234 325 1261 conuentu
348 1228 442 1270 apud
457 1227 603 1270 Papiam
625 1227 863 1270 sollempniter
885 1233 1111 1272 congregato,
1135 1227 1379 1266 Octauianum,
1403 1227 1462 1270 qui
1478 1227 1603 1260 Uictor
1618 1226 1812 1266 dicebatur,
1830 1228 1866 1260 in
1882 1228 2002 1261 catho-

148 1282 255 1315 licum
285 1291 412 1325 papam
435 1281 582 1324 recepit,
612 1281 818 1324 promittens
841 1280 981 1324 publice
1006 1287 1040 1314 et
1070 1281 1241 1326 legaliter,
1265 1280 1359 1325 quod
1389 1291 1457 1314 nec
1480 1281 1555 1324 ipse
1579 1291 1646 1314 nec
1678 1292 1901 1315 successores
1924 1283 1998 1314 eius

148 1334 352 1368 Alexandro
375 1334 433 1368 uel
456 1335 715 1368 successoribus
738 1335 813 1368 eius
834 1335 978 1368 ulterius
1009 1334 1192 1368 obedirent
1205 1334 1225 1367 ⁸.

1273 1335 1468 1377 Imperator
1490 1346 1586 1374 uero,
1617 1346 1696 1369 cum
1719 1346 1784 1378 per
1806 1336 2000 1379 quinquen-

81 1390 124 1421 20
149 1389 243 1422 nium
265 1388 505 1421 Mediolanum
534 1389 773 1432 inpugnasset,
803 1394 839 1422 et
862 1388 1039 1422 ciuitatem
1069 1388 1308 1422 resistentibus
1340 1388 1515 1422 bellicosis
1538 1389 1673 1422 ciuibus
1704 1400 1905 1433 expugnare
1929 1400 2000 1422 non

146 1442 325 1485 potuisset,
349 1441 488 1475 tandem
505 1451 585 1475 cum
601 1442 652 1475 eis
666 1442 715 1476 ad
730 1441 954 1475 concordiam
969 1442 1122 1480 deuenit,
1144 1443 1353 1485 promittens
1375 1442 1553 1475 ciuitatem
1568 1442 1740 1486 integram
1757 1448 1792 1475 et
1807 1443 1904 1476 ciues
1919 1453 1997 1475 cum

147 1495 252 1529 rebus
275 1496 345 1528 suis
367 1507 575 1539 permanere
598 1495 726 1529 illesos.

147 1555 183 1583 et
205 1550 303 1583 ciues
325 1549 370 1582 ab
386 1560 428 1582 ea
445 1550 610 1592 expulsos
625 1549 662 1582 in
677 1549 850 1583 casalibus
872 1560 1014 1583 manere
1036 1550 1208 1593 precepit.

773 1495 844 1534 Qui
867 1495 1087 1538 postmodum
1110 1505 1171 1529 sue
1194 1496 1431 1539 promissionis
1455 1495 1599 1534 oblitum
1624 1496 1801 1529 ciuitatem
1831 1496 1999 1530 destruxit

1255 1549 1336 1588 Qua
1353 1549 1499 1582 uictoria
1515 1549 1656 1592 potitus,
1679 1549 1877 1593 'imperator
1890 1550 1996 1584 Lom-

147 1602 305 1636 bardiam
328 1603 423 1646 cepit
452 1613 518 1646 pro
540 1613 603 1636 sua
634 1602 811 1637 uoluntate
841 1603 1040 1646 disponere,
1071 1603 1246 1636 ministros
1277 1608 1312 1636 et
1335 1602 1468 1636 baiulos
1498 1603 1535 1635 in
1558 1603 1710 1636 castellis
1741 1610 1776 1636 et
1799 1604 1999 1638 ciuitatibus

80 1655 122 1689 25
146 1656 310 1690 ordinare
322 1657 346 1695 ⁹,
370 1657 503 1700 regalia
518 1662 554 1690 et
569 1657 698 1690 tributa
721 1656 904 1701 exquirere
921 1662 956 1690 et
971 1667 1131 1700 magnam
1147 1662 1283 1699 partem
1306 1655 1518 1690 Lombardie
1533 1656 1570 1688 in
1587 1656 1748 1690 demanio
1770 1667 1833 1690 suo
1849 1667 1999 1690 conuer-

239 1803 260 1820 1.
280 1796 418 1829 Apuliam
441 1795 465 1820 C
480 1808 514 1815 —
533 1804 558 1828 4.
577 1795 625 1821 Set
648 1795 671 1820 C
686 1804 700 1820 e
717 1795 807 1820 Arndt
825 1809 858 1814 —
878 1802 903 1829 7.
922 1803 953 1821 ea
971 1796 997 1820 A
1015 1803 1029 1820 e
1050 1795 1074 1820 C
1090 1809 1123 1814 —
1142 1795 1167 1821 8.
1188 1796 1310 1821 forcium
1332 1795 1356 1820 C
1370 1804 1384 1820 e
1401 1796 1494 1821 Arndt
1513 1809 1545 1814 —-
1566 1803 1608 1821 11.
1628 1796 1783 1829 Anagnam
1803 1797 1838 1826 A,
1857 1797 1915 1826 ΑΙ,
1937 1798 1998 1827 Aa,

146 1839 214 1868 ΑΒ
234 1837 412 1871 Anangiiam
434 1839 458 1863 C
472 1845 487 1862 e
506 1838 598 1863 Arndt
615 1851 648 1856 —
670 1844 710 1863 12.
730 1840 868 1863 venerant
889 1838 912 1862 C
930 1852 962 1857 -
985 1845 1025 1871 ¹3·
1043 1837 1057 1863 1
1076 1838 1231 1864 nuensibus
1244 1838 1375 1870 du'pn'ma
1387 1846 1476 1870 mano,
1493 1839 1564 1864 altri
1579 1846 1626 1864 con
1644 1839 1788 1864 lnchtostro
1800 1839 1917 1864 abiudico
1929 1841 2000 1865 nella

146 1881 239 1914 spatio
257 1884 339 1906 vuoto
358 1881 494 1914 agg-{unu
511 1887 529 1906 a
549 1882 573 1906 C
590 1893 624 1899 —
646 1887 685 1914 15.
706 1882 735 1906 te
752 1881 797 1906 col
812 1889 894 1913 εαξη
912 1880 1133 1907 d’abbrevn'aeura
1152 1881 1182 1906 di
1199 1882 1293 1906 autem
1313 1878 1368 1906 3111
1380 1888 1481 1907 rasura
1502 1880 1526 1905 C
1542 1895 1576 1899 —
1598 1888 1638 1914 17.
1658 1882 1732 1914 apud
1753 1881 1872 1915 Papiam
1885 1882 1998 1907 sollem-

146 1923 243 1957 pniter
260 1930 291 1949 aa
309 1930 408 1949 rantra
429 1923 453 1949 C
470 1936 479 1941 -
499 1923 611 1948 Victori
632 1923 663 1948 da·
673 1924 768 1955 prium
786 1931 872 1954 mano,
891 1926 1008 1949 cornua
1027 1926 1216 1949 recensurus-nte
1232 1931 1263 1949 eu
1281 1930 1380 1949 rasura
1400 1924 1424 1948 C

101 2033 116 2059 5
233 2025 242 2043 ¹
263 2027 349 2052 Forse
368 2026 455 2059 padre
475 2027 503 2051 di
525 2025 659 2051 Goffredo
678 2027 708 2051 dl
729 2027 821 2055 Mose,
841 2027 892 2051 che
907 2027 936 2051 fu
949 2034 1044 2060 σεκρε-

144 2067 222 2101 τικός
240 2077 255 2094 e
275 2071 397 2094 maesti-o
417 2068 592 2094 Glustizlere
614 2068 646 2093 in
670 2068 786 2098 Sicilia3
813 2067 903 2097 Cum,
928 2068 948 2092 Ι
967 2068 1043 2101 Dipl.

139 2112 218 2144 greci
233 2111 267 2136 ea
283 2111 372 2136 Arabi
386 2111 443 2143 cit„
458 2118 505 2144 pp.
518 2110 654 2144 487-4883
667 2109 794 2143 Gutum,
809 2111 830 2136 I
838 2112 937 2136 docum.
950 2111 1049 2136 ineam

143 2154 203 2185 clt.,
221 2161 248 2186 p.
270 2159 328 2186 15²·

231 2194 243 2212 ²
256 2194 323 2221 Uoo
336 2195 506 2225 FALcnmo,
516 2203 543 2229 p.
557 2194 600 2227 80,
612 2197 769 2229 soggiunge
778 2197 828 2220 che
842 2197 853 2220 i
866 2195 1043 2221 Salernitani

85 2247 117 2266 xo
144 2238 304 2271 giursrono
325 2235 431 2263 fedelta
450 2245 466 2263 a
486 2238 580 2263 Mario
600 2238 741 2264 Bon—eno.

230 2278 242 2296 ⁸
259 2279 378 2305 Annales
399 2280 577 2310 Ceccanenses,
595 2279 634 2305 M.
657 2280 691 2306 G.
709 2279 755 2309 H„
774 2280 835 2310 SS..
853 2279 927 2312 xlx,
942 2287 969 2312 p.
984 2279 1044 2311 285.

230 2321 241 2339 ⁴
261 2322 438 2347 Ales-andro
463 2322 503 2347 111
528 2322 559 2347 {u
585 2323 619 2347 ad
646 2322 764 2355 Ansgui
790 2323 817 2347 la
843 2323 937 2355 prima
962 2323 1043 2347 volta

143 2364 190 2390 dal
209 2372 273 2398 gen.
295 2363 363 2389 1160
381 2365 486 2397 algen.
508 2363 584 2393 1161.
604 2364 755 2389 recaudosi
775 2364 902 2389 tutante
917 2365 946 2389 in
960 2366 1044 2390 tanto

143 2407 175 2432 ln
194 2406 314 2440 qualche
333 2407 408 2432 altro
428 2407 524 2440 luogo,
545 2414 634 2436 come,
654 2414 680 2439 p.
697 2414 744 2436 es„
757 2414 774 2431 a
792 2406 954 2432 Palestrina
972 2407 994 2431 il
1009 2412 1042 2440 27

85 2455 115 2483 15
141 2448 592 2482 giugnoeJAFFk-Losswammm,
605 2457 632 2474 n.
645 2448 740 2482 10667.
771 2449 810 2474 Di
822 2449 918 2483 quella
930 2450 1041 2475 dimora

143 2493 179 2517 ad
199 2491 315 2524 Anagni
337 2491 451 2517 ricordo
469 2491 549 2517 boile
567 2500 625 2517 non
646 2499 791 2525 comprese
805 2500 910 2518 ancora
925 2494 972 2517 nei
989 2494 1042 2518 Re-

139 2537 232 2567 gesta,
250 2533 327 2558 edite
340 2542 357 2558 ο
376 2535 532 2559 accennate
550 2534 587 2559 da
606 2534 636 2559 P.
655 2534 751 2566 Kmm,
771 2535 995 2566 Papsturkunden
1015 2536 1042 2560 in

146 2577 246 2608 Malta,
275 2577 303 2600 in
330 2576 588 2601 Nachrichten
614 2577 640 2601 d.
667 2577 701 2602 K.
727 2575 991 2602 Gesellschaft
1015 2577 1041 2602 d.

144 2618 368 2643 Wissensch.
392 2625 431 2643 zu
455 2616 683 2651 Gottingen,
705 2618 781 2652 1899,
807 2619 875 2644 Hert
894 2626 918 2652 3,
944 2626 970 2653 p.
989 2626 1042 2652 394

82 2669 116 2687 20
143 2667 158 2684 e
177 2667 234 2693 sg.=
254 2659 344 2686 ‘'Dat.
369 2660 503 2692 Anagnis
528 2661 566 2685 VI
588 2660 629 2686 id.
643 2661 773 2694 Januarii
801 2660 935 2694 (1160)„;
954 2661 1039 2693 insu,

144 2719 219 2728 .....
240 2703 267 2727 in
287 2703 337 2727 der
351 2703 499 2736 Romagna
518 2704 573 2728 und
583 2704 633 2728 den
654 2704 769 2728 Marken
789 2705 819 2728 ln
839 2704 935 2729 Nach
945 2712 966 2729 r.
981 2705 1038 2736 cit„

146 2744 222 2778 1898,
248 2745 315 2770 Hert
336 2752 362 2772 ι.
386 2753 412 2778 p.
436 2752 470 2778 34
495 2754 508 2770 e
534 2753 594 2779 sg.=
623 2746 713 2772 “Dat.
740 2746 875 2779 Anagnie
899 2746 953 2772 vn
976 2746 1040 2772 Kal.

146 2787 159 2800 ⁸
171 2787 255 2812 Mart.
281 2786 374 2819 (1160)
385 2797 412 2818 ,ς
439 2787 524 2819 Inna,
546 2789 586 2812 Le
606 2789 684 2813 Belle
704 2789 844 2822 pontificis
862 2789 996 2814 anem'ori
1013 2791 1044 2814 al

143 2830 210 2863 1198
222 2830 267 2854 che
280 2829 305 2854 si
316 2837 480 2855 conservam»
498 2830 685 2856 nell'archn'vio
698 2830 729 2855 dn*
740 2831 945 2860 Montecassino,
958 2831 1040 2856 Mon-

81 2876 113 2903 25
143 2872 294 2903 tecasslno,
324 2870 400 2904 1899,
426 2879 452 2906 p.
473 2870 508 2896 80
526 2879 541 2897 e
565 2880 622 2906 sg.:
650 2873 740 2898 ¹Dat.
760 2873 895 2906 AnagnIe
919 2873 946 2898 11
964 2873 1040 2900 Non.

145 2913 255 2939 “Mart.
273 2912 406 2946 (116o)„;
431 2913 516 2946 lusu,
542 2915 686 2946 Papsturk.
713 2916 739 2940 in
767 2916 890 2945 Floret-z,
918 2917 946 2940 in
972 2915 1039 2941 Na-

142 2956 299 2981 chricht⁴
315 2956 372 2985 cit..
390 2962 467 2989 1901,
480 2957 547 2982 uest
560 2965 585 2990 3,
600 2965 626 2989 p.
640 2964 693 2990 3²⁰
705 2965 719 2982 e
733 2965 787 2989 sg.:
803 2957 816 2970 ²
828 2957 1040 2991 Dat.Anagn1e

146 2998 159 3011 ‘⁴
172 2998 222 3023 XV
242 2997 304 3023 Kal.
326 2998 473 3024 Februarii
492 2998 621 3031 (1161)„.

232 3042 243 3058 ⁵
263 3040 349 3069 noso.
372 3041 430 3066 [Ab.
450 3041 563 3074 Pontis„
583 3041 616 3073 11,
639 3050 664 3075 p.
679 3050 739 3076 404,
760 3050 879 3068 accentu
894 3049 910 3067 a
923 3045 1038 3075 quattro

1098 2027 1168 2051 navi
1187 2028 1349 2060 appi-estate
1367 2027 1402 2052 da
1422 2034 1452 2051 re
1471 2026 1637 2060 Guglielmo
1655 2026 1670 2051 Ι
1687 2027 1715 2051 al
1738 2033 1826 2060 papa;
1853 2028 1921 2052 navi
1946 2028 1998 2052 che

1097 2076 1147 2102 per
1166 2077 1222 2094 una
1241 2071 1378 2103 tempests
1399 2070 1424 2094 si
1437 2076 1685 2102 sconquassarono
1699 2078 1713 2094 e
1726 2072 1888 2095 tornai-ono
1902 2078 1917 2095 a
1931 2070 1997 2095 Ter-

1099 2113 1197 2138 racina
1217 2113 1262 2137 col
1282 2119 1356 2146 papa
1375 2119 1390 2138 e
1411 2112 1594 2138 “domestica
1616 2113 1726 2138 familia
1745 2112 1892 2145 pontificis
1902 2130 1927 2146 η.

1188 2152 1200 2170 ⁶
1213 2155 1378 2180 Bsaruano
1390 2155 1600 2187 Mfflnoorm,
1616 2155 1736 2181 Annales
1749 2156 1855 2186 Pisani,
1869 2163 1914 2180 an.
1931 2163 1941 2181 ι
1950 2155 1997 2180 162

1099 2197 1136 2231 (a.
1156 2206 1178 2223 c.
1201 2196 1290 2231 1161),
1310 2199 1351 2223 M.
1365 2197 1397 2223 G.
1415 2199 1451 2223 H.
1467 2199 1527 2230 SS„
1539 2198 1614 2231 XIX,
1630 2206 1658 2231 p.
1672 2204 1738 2231 247:
1753 2198 1864 2224 “Anno
1877 2199 1997 2224 Domini

1100 2238 1114 2252 “
1128 2239 1203 2269 1162,
1217 2240 1433 2272 decImoquinto
1446 2240 1511 2266 Kal.
1524 2241 1634 2266 ianuar.
1649 2240 1695 2273 (18
1709 2241 1779 2274 dec.)
1798 2242 1933 2266 Villsnus
1953 2240 1998 2266 Pi-

1101 2282 1114 2295 “
1126 2289 1210 2306 sanus
1229 2281 1462 2315 archiepiscopus
1476 2289 1539 2307 cum
1550 2290 1608 2307 una
1621 2282 1703 2315 galea
1722 2284 1832 2308 armata
1845 2283 1881 2307 ad
1895 2290 1996 2315 papam

1099 2323 1113 2337 ‘⁴
1122 2323 1319 2348 Alexandrum
1333 2330 1420 2356 usque
1433 2323 1618 2349 Terracinam
1632 2326 1793 2357 navigavit.
1822 2325 1931 2350 Videns
1943 2325 1996 2350 hoc

1099 2366 1287 2391 “Alexander
1306 2374 1370 2391 cum
1389 2367 1495 2399 gaudio
1515 2367 1761 2401 archiepiscopum
1780 2369 1886 2400 recepit
1899 2369 1928 2392 et
1948 2374 1996 2392 na-

1100 2408 1240 2434 “tivltate
1259 2409 1378 2434 Domini
1400 2410 1508 2434 ibidem
1528 2417 1584 2434 una
1605 2410 1821 2435 celebraverunt
1831 2427 1854 2442 „-

1187 2452 1275 2482 Boso,
1294 2452 1354 2477 Lib.
1375 2453 1489 2485 Pontis„
1507 2452 1541 2484 11,
1563 2453 1617 2477 loc.
1637 2453 1695 2484 cit„
1714 2455 1775 2478 tace
1794 2455 1894 2485 questo
1908 2454 1996 2485 parti-

1097 2495 1204 2524 colare;
1224 2494 1287 2519 dice
1307 2495 1369 2519 solo
1393 2495 1444 2520 che
1470 2495 1574 2520 furono
1600 2496 1727 2528 riparate
1751 2496 1778 2520 le
1804 2496 1881 2527 navi,
1909 2503 1937 2520 se
1963 2503 1997 2520 ne

1096 2538 1269 2570 aggiunsero
1290 2537 1362 2562 altre
1381 2545 1396 2562 e
1414 2538 1439 2562 si
1458 2535 1535 2570 parti
1555 2538 1590 2562 da
1604 2537 1770 2567 Terracina,
1793 2538 1899 2563 “iuxta
1917 2546 1996 2563 mon-

1099 2579 1112 2592 “
1122 2581 1180 2604 tem
1193 2579 1345 2612 Circeium,
1361 2581 1392 2605 in
1406 2580 1539 2605 faucibus
1557 2580 1664 2612 Legule
1684 2579 1828 2612 (Olivola)
1839 2599 1844 2604 .
1857 2599 1862 2605 .
1875 2599 1880 2605 .
1892 2598 1898 2604 .
1919 2580 1997 2605 Infra

1099 2621 1112 2634 ‘⁴
1123 2623 1240 2647 octavas
1258 2621 1433 2646 Nativitatis
1452 2621 1606 2646 Dominice
1616 2638 1642 2653 ,μ

1184 2661 1195 2678 ⁷
1216 2662 1332 2688 Csmuu
1352 2664 1472 2689 Annales
1494 2665 1643 2695 Ianuenses,
1663 2664 1706 2688 ed.
1727 2664 1757 2688 L.
1777 2664 1809 2689 T.
1825 2664 1996 2693 BRLGRANO,

1094 2705 1212 2731 Istltuto
1230 2706 1304 2732 Stor.
1323 2706 1461 2735 Italiano,
1481 2707 1538 2732 vol.
1559 2707 1580 2736 Ι,
1599 2713 1625 2739 p.
1649 2713 1706 2731 120.

1184 2747 1271 2780 Boso,
1293 2748 1352 2773 Lib.
1374 2749 1487 2782 Pontifi,
1500 2748 1535 2779 11,
1550 2749 1606 2773 loc.
1619 2749 1680 2778 cit..
1694 2750 1854 2782 soggiunge
1867 2749 1926 2778 che,
1942 2748 1955 2761 “
1966 2749 1995 2773 in

1098 2789 1111 2803 ⁹
1124 2790 1196 2815 festo
1209 2792 1306 2815 sancte
1319 2791 1442 2823 Agnetis
1455 2791 1529 2823 apud
1544 2790 1672 2821 Ianusm,
1685 2792 1844 2824 remigante
1860 2791 1996 2819 DomIno,

1098 2832 1110 2846 ¹‘
1122 2833 1295 2866 applicav1t;
1315 2833 1362 2858 ubi
1378 2835 1477 2858 contra
1492 2833 1697 2865 proibitionem
1712 2833 1856 2859 Fredericl
1871 2840 1995 2867 persecu-

1096 2874 1193 2900 “toris
1212 2876 1330 2901 ecclesie
1350 2877 1384 2900 ab
1404 2876 1539 2900 universo
1557 2876 1636 2901 clero
1648 2878 1677 2901 et
1696 2876 1805 2909 populo
1826 2883 1887 2901 cum
1900 2876 1996 2909 gloria

1098 2918 1149 2943 “et
1168 2919 1277 2943 honore
1297 2919 1443 2950 susceptus
1464 2919 1505 2943 est
1525 2920 1609 2950 atque
1628 2920 1767 2944 tractatus
1779 2936 1803 2951 η.

1183 2958 1195 2976 ⁸
1214 2961 1324 2985 Annua·
1337 2963 1457 2985 annota:
1481 2960 1494 2973 ‘¹
1507 2962 1538 2985 V.
1559 2962 1699 2992 epistolam
1716 2962 1831 2987 concilii
1845 2962 1994 2992 Papi-ensis,

1097 3003 1136 3027 M.
1160 3003 1193 3028 G.
1218 3004 1261 3034 H.,
1285 3004 1352 3034 LL..
1372 3003 1404 3031 11,
1429 3002 1511 3034 ηδ»,

1184 3044 1196 3060 ⁹
1216 3045 1291 3070 IDEM
1311 3047 1432 3070 annota:
1460 3045 1472 3057 “
1487 3046 1614 3071 Nomina.
1634 3053 1731 3070 eorum
1758 3046 1843 3071 refert
1870 3046 1995 3071 Acerba:

1618 694 1691 727 Sed
1715 703 1793 726 cum
1825 704 1902 726 eam
1934 694 2012 726 situ·

2026 2035 2061 2062 30

2026 2247 2057 2275 35

2025 2460 2060 2485 40

2026 2673 2057 2699 45

2025 2882 2059 2908 50

1923 251 1997 286 249
2009 262 2085 285 Mum,
2101 267 2134 282 ce.
2150 267 2238 286 τος-ιω

2083 764 2103 777 c.
2119 757 2178 782 ³58⁶

2108 973 2155 991 1161

2083 1081 2147 1098 man.
2164 1083 2188 1102 25

2106 1133 2158 1151 1160

2072 1185 2126 1205 iebr.
2143 1191 2188 1210 5-11

2078 1239 2136 1259 sehr.
2154 1245 2176 1258 12

2106 1405 2152 1421 1101

2083 1457 2147 1474 mart.
2165 1459 2175 1478 7

2078 1567 2097 1582 c.
2113 1567 2177 1586 :joa
