2398 3470
211 262 283 284 Mun»,
300 267 319 282 c.
336 268 373 287 207
415 251 485 286 ‘254

225 656 244 671 c.
263 655 301 673 26²
309 649 321 668 b

225 1455 244 1469 C·
260 1454 300 1473 ²4³
307 1454 321 1468 α

354 2317 386 2334 10

356 2530 384 2555 15

355 2739 388 2756 20

357 2950 387 2975 25

1176 247 1490 284 CHRONICON
2038 253 2089 290 [Α.
2109 254 2143 282 c.
2165 252 2258 289 11⁶0}

409 384 500 406 mum
523 377 717 405 ueneratus.
764 370 966 413 Cappellam
990 370 1102 402 sancti
1126 368 1235 408 Petri,
1259 379 1326 412 que
1350 373 1425 401 erat
1447 368 1484 400 in
1507 368 1648 411 palatio,
1671 368 1838 402 mirabilis
1852 370 1990 404 musidii
2012 370 2097 404 fecit
2119 370 2255 413 pictura

410 426 564 469 depingi,
589 431 623 457 et
653 424 725 457 eius
750 423 900 467 parietes
930 423 1083 466 preciosi
1115 421 1292 454 marmoris
1322 422 1490 454 uarietate
1514 421 1653 454 uestivit
1684 427 1720 454 et
1743 431 1819 454 eam
1843 423 2053 456 ornamentis
2082 423 2196 457 aureis
2220 429 2255 456 et

407 478 580 522 argenteis
604 483 639 510 et
661 476 874 509 uestimentis
898 475 1057 519 pretiosis
1080 475 1206 508 ditauit
1229 474 1414 518 plurimum
1433 481 1468 508 et
1483 473 1620 507 ornauit
1634 474 1655 507 ².
1702 473 1861 508 elericos
1874 475 1912 508 in
1927 486 1971 508 ea
1984 476 2110 511 multos
2126 483 2160 510 et
2175 487 2256 520 pre-

410 532 542 564 bendas
564 530 721 568 instituit,
745 535 779 562 et
802 529 958 562 diuinum
983 529 1017 560 in
1042 528 1101 561 illa
1124 528 1273 561 officium
1305 528 1474 561 decenter
1497 533 1532 560 et
1555 527 1731 561 tractatim
1754 533 1789 560 et
1811 538 1888 561 cum
1913 529 1979 562 Dei
2002 530 2198 563 reuerentia
2220 535 2256 563 et

408 586 528 618 timore
552 582 721 616 celebrari
746 581 936 625 disposuit!

498 638 579 676 Quo
602 637 781 676 defuncto,
798 636 1029 678 W[ilhelmus]
1048 636 1136 668 filius
1152 636 1226 668 eius
1242 636 1363 675 maior,
1381 640 1480 668 natus
1495 645 1606 668 annos
1622 635 1820 674 duodecim,
1836 635 1887 668 illi
1902 636 1939 669 in
1954 646 2064 681 regno
2079 637 2257 671 successit.

410 690 479 722 Hic
502 696 617 722 autem
641 690 796 722 secundo
820 688 877 721 die
899 695 978 731 post
1000 694 1147 722 mortem
1171 689 1289 731 patris,
1314 699 1359 721 ex
1382 689 1545 721 mandato
1573 688 1703 732 regine,
1734 688 1883 722 consilio
1914 689 2258 734 archiepiscoporum

415 751 449 778 et
472 745 714 787 episcoporum
739 749 772 776 et
795 742 964 775 baronum
988 749 1022 775 et
1045 743 1167 785 populi
1194 743 1231 774 in
1260 751 1380 786 regem
1411 748 1465 775 est
1494 748 1682 785 promotus.
1728 742 1818 775 Nam
1849 752 1891 775 eo
1922 743 1979 776 die
2004 753 2082 777 cum
2111 743 2260 777 maxima

407 797 520 842 gloria
544 803 579 830 et
602 802 770 839 apparatu
793 796 891 840 regio
914 797 959 828 acl
983 795 1166 828 ecclesiam
1190 795 1291 828 beate
1315 792 1430 828 Marie
1455 795 1500 828 de
1523 794 1696 828 Panormo
1719 795 1873 834 ueniens,
1895 796 2131 830 assistentibus
2153 797 2259 840 pluri-

409 852 472 884 mis
495 850 771 893 archiepiscopis
795 856 828 882 et
863 849 1038 892 episcopis
1073 855 1108 882 et
1141 848 1338 887 baronibus,
1372 860 1393 881 a
1427 848 1652 891 R[omualdo]
1687 849 1843 883 secundo
1874 847 2094 883 Salernitano
2124 850 2260 884 arehie-

407 905 552 947 piscopo
574 905 611 936 in
634 913 753 947 regem
776 909 900 936 unctus
923 908 974 935 est
999 909 1033 935 et
1056 908 1242 935 coronatus
1255 901 1278 934 ².
1325 900 1552 935 Postmodum
1574 912 1660 935 uero
1685 912 1763 935 cum
1787 912 1914 946 magno
1937 903 2068 936 honore
2092 909 2127 937 et
2154 904 2260 937 totius

407 957 527 1000 populi
550 956 678 1001 gaudio
703 962 739 989 et
762 956 870 989 letitia
894 956 939 988 ad
962 955 1127 998 palatium
1150 954 1257 988 rediit
1280 961 1475 988 coronatus.
1522 955 1663 999 Regina
1677 966 1775 996 uero,
1790 961 1912 999 utpote
1928 955 2054 989 mulier
2068 955 2209 1000 sapiens
2224 962 2262 990 et

409 1011 569 1049 discreta,
593 1010 775 1043 manifeste
799 1019 1025 1054 cognoscens,
1049 1009 1184 1042 animos
1207 1008 1327 1051 populi
1349 1008 1413 1051 sui,
1435 1014 1581 1051 propter
1603 1009 1779 1042 molestias
1802 1019 1888 1053 quas
1911 1020 1932 1042 a
1947 1019 2031 1053 rege
2046 1009 2260 1053 W[ilhelmo]

406 1065 497 1107 passi
521 1064 670 1103 fuerant,
694 1063 878 1106 plurimum
901 1073 975 1095 esse
999 1062 1163 1101 turbatos,
1186 1062 1264 1094 illos
1287 1063 1332 1094 ad
1355 1072 1507 1095 amorem
1531 1067 1567 1094 et
1589 1062 1794 1096 fidelitatem
1820 1062 1881 1095 filii
1903 1062 1956 1095 sui
1979 1062 2157 1096 beneficiis
2184 1073 2260 1097 cre-

408 1117 497 1151 didit
519 1117 773 1160 prouocandos.
819 1116 907 1149 Inde
931 1122 992 1157 est,
1017 1116 1111 1158 quod
1133 1115 1274 1148 salutari
1297 1126 1360 1148 usa
1383 1115 1540 1154 consilio,
1564 1125 1725 1149 carceres
1748 1117 1895 1159 aperuit,
1920 1115 2076 1159 captiuos
2091 1116 2260 1160 plurimos

409 1171 581 1208 liberauit,
604 1170 757 1202 liberatis
779 1175 889 1202 terras
912 1169 1070 1207 restituit,
1095 1167 1216 1201 debita
1238 1168 1417 1207 relaxauit‚
1442 1168 1586 1201 comites
1608 1174 1643 1201 et
1673 1168 1831 1209 barones,
1845 1164 1915 1212 'qui
1945 1169 1990 1202 de
2013 1179 2122 1212 regno
2147 1169 2260 1203 exula-

408 1230 540 1264 uetant,
564 1224 744 1257 reuocavit
767 1223 801 1255 in
823 1233 979 1267 regnum,
1004 1229 1038 1255 et
1061 1223 1112 1255 eis
1135 1228 1245 1255 terras
1267 1222 1420 1255 sublatas
1442 1222 1608 1256 reddidit.
1654 1222 1833 1262 Ecclesiis,
1850 1222 2045 1262 comitibus,
2061 1222 2261 1263 baronibus,

407 1277 575 1311 militibus
597 1284 707 1310 terras
729 1277 851 1309 multas
873 1277 970 1319 regia
997 1276 1206 1309 liberalitate
1238 1276 1421 1309 concessit.
1468 1276 1531 1308 His
1562 1281 1676 1309 autem
1708 1283 1743 1310 et
1773 1276 1929 1319 plurimis
1961 1276 2038 1310 aliis
2067 1277 2260 1318 beneficiis,

408 1331 514 1365 totius
535 1331 656 1373 populi
678 1330 731 1363 sui
753 1329 885 1362 animos
909 1330 943 1361 in
967 1329 1165 1362 fidelitatem
1192 1336 1227 1362 et
1250 1329 1474 1363 dilectionem
1497 1329 1557 1362 filii
1580 1329 1633 1362 sui
1655 1330 1883 1363 uehementer
1906 1330 2077 1373 accendit,
2100 1330 2151 1363 ita
2166 1331 2261 1374 quod

410 1386 454 1418 de
478 1384 636 1418 fidelibus
659 1383 836 1416 fideliores
860 1389 895 1416 et
919 1382 963 1415 de
981 1383 1117 1416 deuotis
1133 1383 1330 1416 devotiores
1345 1381 1501 1416 effecst'.

410 1439 495 1472 chus
518 1444 554 1471 et
575 1436 743 1480 magister'
768 1436 976 1468 camerarius
998 1435 1121 1478 palatii
1144 1446 1222 1469 curn
1246 1435 1451 1480 quibusdam
1476 1436 1552 1469 aliis
1575 1436 1694 1480 fugam
1717 1436 1828 1479 petiit,
1852 1442 1888 1469 et
1911 1436 1956 1468 ad
1970 1446 2089 1480 regem
2105 1437 2149 1471 de
2165 1436 2261 1470 Mor-

408 1492 517 1525 rocho
538 1491 682 1524 ueniens
704 1490 845 1523 multam
869 1500 987 1522 secum
1010 1490 1195 1532 pecuniam
1223 1489 1474 1532 transportauit
1487 1489 1511 1522 ⁴.

496 1544 700 1578 Emmanuel
722 1549 837 1576 autem
860 1543 1051 1586 imperator
1066 1543 1484 1586 Constantinopolitanus‚
1499 1543 1640 1587 cognita
1657 1550 1767 1577 morte
1783 1543 1876 1589 regis
1891 1543 2106 1588 W[ilhelmi],
2121 1544 2260 1578 nuntios

409 1609 489 1631 suos
510 1599 557 1632 ad
578 1608 698 1641 regem
721 1596 971 1638 W[ilhelmum]
995 1596 1166 1629 iuniorem
1191 1597 1227 1629 in
1251 1595 1406 1630 Siciliam
1430 1597 1531 1635 misit,
1554 1597 1724 1630 mandans
1746 1598 1841 1641 quod
1862 1597 2016 1631 libenter
2041 1607 2165 1640 pacem
2182 1607 2260 1631 cum

2286 851 2326 883 10

2286 1116 2324 1150 15

1548 1382 1683 1416 Eodem
1699 1389 1855 1426 tempore
1871 1390 1996 1428 gaytus
2012 1383 2136 1417 Petrus
2151 1393 2260 1418 eunu-
2283 1385 2327 1417 20

407 1663 449 1685 eo
473 1653 663 1690 innouaret,
688 1656 722 1683 et
745 1650 850 1682 filiam
873 1661 970 1683 suam
993 1650 1131 1683 unicam
1155 1655 1191 1683 et
1214 1650 1380 1683 heredem
1403 1651 1455 1683 sui
1476 1651 1615 1694 imperii
1639 1651 1741 1683 simul
1765 1661 1844 1684 cum
1866 1651 2013 1694 imperio
2036 1650 2087 1684 illi
2108 1651 2145 1684 in
2175 1661 2260 1684 uxo-
2283 1650 2325 1684 25

407 1716 479 1738 rem
501 1706 655 1738 traderet
668 1703 691 1737 ⁶.
736 1704 817 1737 Rex
840 1710 963 1737 autem.
981 1709 1017 1736 et
1039 1704 1170 1748 regina,
1193 1703 1313 1737 habito
1338 1704 1495 1743 consilio,
1519 1704 1724 1748 frequentes
1747 1715 1811 1747 pro
1826 1705 1893 1738 hoc
1909 1704 2051 1748 negotio
2065 1704 2200 1748 legatos
2214 1704 2261 1738 ad

407 1760 649 1802 imperatorem
672 1757 763 1790 misit
786 1764 821 1790 et
843 1758 985 1809 recepit,
1008 1767 1132 1800 pacem
1156 1768 1234 1790 cum
1257 1767 1299 1791 eo
1323 1758 1503 1800 pristinam
1527 1757 1720 1797 innouauit,
1743 1758 1884 1802 negotio
1905 1758 2086 1801 parentele
2115 1764 2259 1802 propter

500 1879 522 1896 1.
542 1871 669 1896 mirabili
688 1872 731 1902 A3
751 1871 867 1895 mirabil
889 1871 912 1895 C
929 1883 962 1889 —
981 1878 1007 1902 3.
1027 1871 1164 1903 preciosis
1187 1873 1210 1897 C
1227 1879 1240 1895 e
1259 1871 1351 1896 Arndt
1369 1884 1402 1889 —
1422 1878 1477 1903 3-4.
1496 1871 1654 1903 prebendos
1675 1871 1699 1896 C
1715 1884 1748 1889 —
1768 1879 1793 1903 4.
1812 1872 1930 1896 tractari
1953 1872 1977 1897 C
1991 1878 2006 1895 ε
2022 1871 2113 1896 Arndt
2130 1884 2163 1890 -
2176 1876 2201 1903 5.
2219 1877 2260 1896 ce-

409 1916 516 1940 lebrare
535 1915 559 1938 A
581 1928 613 1932 --
634 1913 659 1938 6.
678 1914 765 1938 Anno
785 1914 821 1938 ab
839 1913 1043 1938 incarnatione
1061 1914 1200 1939 Domini.
1274 1914 1396 1946 septimo
1416 1913 1463 1938 dle
1481 1913 1575 1938 Madil
1593 1914 1668 1938 circa
1688 1914 1758 1938 hora
1778 1921 1855 1938 nona
1875 1915 1913 1942 C;
1932 1913 2092 1938 Defunctus
2110 1915 2154 1939 est
2166 1914 2259 1939 autem

409 1965 457 1982 rex
477 1957 638 1982 Willelmus
658 1964 736 1981 anno
755 1956 815 1981 vite
834 1963 882 1980 sue
901 1955 1001 1985 XLVI,
1022 1963 1098 1980 anno
1118 1958 1212 1981 autem
1230 1956 1312 1988 regni
1332 1957 1375 1980 sui
1395 1963 1453 1988 quo
1470 1963 1534 1980 cum
1553 1957 1633 1989 patre
1653 1963 1705 1980 suo
1724 1958 1753 1981 et
1766 1963 1845 1989 perse
1858 1957 2026 1989 regnaverat
2040 1956 2100 1985 XV,
2114 1955 2258 1981 mensibu·

410 2001 513 2024 decem.
550 1998 614 2028 Quo
634 1999 770 2024 defuncto
782 2015 807 2024 ..
818 2015 843 2023 ..
862 1999 890 2022 Β
910 2011 942 2016 -
962 1997 987 2023 8.
1006 2000 1035 2022 et
1052 2007 1146 2023 manca
1167 1999 1191 2023 C
1208 2012 1240 2016 —
1262 2005 1303 2023 11.
1321 2000 1416 2023 tocius
1437 2000 1461 2025 C
1477 2007 1490 2022 ε
1509 1998 1601 2023 Arndt
1617 2011 1650 2016 —
1673 2004 1713 2022 12.
1733 1998 1876 2030 palacium
1898 1999 1921 2023 C
1937 2006 1952 2022 e
1969 1998 2061 2023 Arndt
2073 2012 2105 2017 —-
2122 2004 2162 2030 13.
2173 1998 2218 2023 16⁸
2230 2005 2262 2023 w

409 2049 507 2067 rasura
518 2049 581 2066 sono
594 2041 714 2067 risorittae
731 2041 766 2065 da
784 2048 861 2066 mano
880 2044 984 2065 recente
1004 2041 1028 2065 C
1045 2053 1055 2058 -
1076 2040 1233 2065 Guilielmo
1252 2041 1279 2065 B
1295 2049 1310 2065 e
1328 2040 1411 2066 Sauo
1430 2053 1463 2059 —
1484 2047 1528 2065 20.
1547 2040 1712 2065 devociores
1734 2042 1756 2066 C
1774 2048 1788 2064 e
1799 2040 1893 2066 Arndt
1905 2053 1938 2058 -
1952 2047 1994 2065 21.
2008 2040 2096 2074 peciit
2111 2041 2159 2066 Cu
2170 2039 2262 2066 Arndt

410 2098 441 2101 —
462 2090 504 2116 23.
522 2083 659 2108 Emanuel
683 2084 707 2109 C
722 2092 737 2108 e
753 2083 844 2108 Arndt
861 2096 872 2101 -
892 2081 1046 2107 Guilielmi
1066 2083 1093 2107 Β
1108 2090 1122 2106 e
1142 2083 1223 2108 Saeso
1242 2096 1274 2101 -
1295 2089 1337 2115 ²4·
1357 2082 1544 2108 Gullielmum
1566 2084 1593 2107 B
1608 2092 1622 2107 e
1634 2083 1716 2109 Sasso
1728 2095 1740 2102 -
1753 2089 1821 2115 pace
1836 2083 1860 2109 C
1871 2095 1904 2101 -—
1919 2081 1960 2107 26.
1974 2082 2094 2114 negocio
2108 2082 2157 2108 ce
2169 2081 2261 2108 Arndt

502 2185 508 2200 ¹
530 2186 574 2211 Cf.
595 2194 620 2217 p.
642 2192 692 2218 ²3²
715 2193 740 2210 n.
763 2191 785 2217 5.
822 2185 908 2210 Dalla
923 2185 1153 2210 testimonianza
1172 2185 1201 2209 di
1222 2186 1258 2210 R.
1274 2187 1309 2209 ri-

413 2230 488 2254 sulta
510 2230 559 2253 che
580 2230 587 2252 i
614 2229 733 2253 musaici
759 2236 773 2253 e
798 2229 809 2252 i
835 2227 1028 2252 rivestimenti
1055 2228 1207 2252 marmorei
1234 2228 1311 2252 delle

413 2272 503 2303 pareti
523 2271 598 2295 della
618 2270 758 2303 Cappella
776 2269 909 2294 Palatina
930 2272 1036 2294 turono
1055 2270 1177 2302 eseguiti
1197 2277 1247 2302 per
1266 2277 1313 2294 or-

1366 2187 1460 2210 tesoro
1480 2185 1560 2215 reale,
1578 2185 1709 2210 coll’aria
1728 2185 1758 2209 di
1778 2185 1824 2210 chi
1844 2193 1932 2210 avevs
1957 2185 2115 2218 preveduto
2133 2184 2157 2210 u
2175 2185 2264 2210 tradi—

1366 2230 1472 2260 mento,
1491 2230 1583 2261 punto
1602 2228 1756 2253 curandos}
1769 2228 1820 2253 che
1840 2228 1868 2252 la
1880 2229 1981 2260 regina
2000 2228 2072 2252 s’era
2091 2227 2234 2252 affrettata
2246 2234 2264 2252 a

1368 2272 1502 2296 smentire
1521 2271 1543 2295 11
1563 2271 1643 2295 furto
1662 2271 1708 2295 del
1727 2271 1830 2295 tesoro.

2290 2278 2326 2304 30

413 2314 478 2338 dine
498 2314 527 2338 di
547 2313 712 2346 Guglielmo
731 2313 752 2337 Ι.
791 2312 836 2337 Cf.
858 2319 927 2346 pure
951 2311 1125 2343 Ganos-sno,
1151 2313 1246 2337 Tabul.
1276 2314 1312 2336 R.

413 2365 445 2381 ac
465 2358 561 2387 Impar.
590 2357 674 2387 Capp.
697 2356 800 2388 Colleg.
827 2356 888 2380 divi
907 2354 990 2379 Petri
1014 2355 1040 2378 in
1064 2355 1098 2378 R.
1118 2355 1312 2379 Panormitano

416 2400 532 2430 Palatio,
553 2398 694 2428 Palermo,
715 2397 793 2430 1835,
815 2405 841 2430 p⁴
863 2403 897 2421 20
915 2405 930 2421 e
950 2404 990 2429 sg.

501 2439 513 2457 ²
531 2440 654 2466 Calcolo
674 2441 702 2465 la
721 2440 954 2473 proclamazione
972 2439 1001 2464 al
1027 2446 1114 2470 regno
1141 2439 1194 2464 due
1212 2440 1311 2472 glorni

413 2484 488 2516 dopo
508 2483 535 2507 la
562 2483 668 2507 notizia
692 2482 812 2507 ufficiale
838 2482 913 2506 della
935 2483 1024 2506 morte
1043 2481 1074 2506 di
1100 2481 1264 2514 Guglielmo
1290 2481 1311 2505 Ι.

416 2526 454 2549 Dx
473 2525 551 2553 Meo,
571 2525 680 2554 Annali,
700 2525 733 2556 X,
755 2530 813 2557 293,
835 2522 951 2548 osservo
964 2524 1035 2548 bene
1054 2524 1104 2547 che
1125 2522 1228 2548 “nella
1242 2523 1313 2549 Cro-

415 2567 428 2580 “
443 2575 511 2591 naca
536 2567 579 2591 dei
606 2567 735 2599 Princlpi
759 2567 789 2591 di
813 2567 931 2591 Salerno
957 2566 1001 2590 del
1028 2565 1194 2598 Pellegrino
1214 2573 1242 2590 se
1269 2566 1310 2598 gli

416 2608 534 2633 “danno
555 2609 581 2633 al
600 2616 687 2642 regno
707 2609 748 2642 (di
768 2607 914 2633 Gulielmo
933 2608 969 2639 ΙΙ)
984 2608 1053 2632 anni
1068 2613 1099 2639 23
1114 2615 1128 2632 e
1147 2609 1215 2632 mesi
1237 2607 1262 2635 6.
1276 2609 1309 2632 ecl

415 2651 558 2675 “essendo
585 2653 678 2675 morto
698 2659 713 2675 a
735 2650 768 2675 16
789 2651 818 2675 di
839 2650 1000 2675 Novembre
1019 2650 1064 2674 del
1087 2648 1163 2682 1189,
1192 2657 1270 2682 prese
1289 2650 1311 2674 il

418 2692 527 2717 “trono
547 2693 575 2717 ai
598 2692 630 2716 16
648 2694 677 2717 di
697 2694 812 2725 maggio
833 2693 861 2717 di
882 2693 983 2724 questo
1003 2690 1104 2724 (anno)
1117 2710 1139 2724 η.

502 2735 610 2759 Errano
629 2735 669 2768 gli
690 2736 810 2760 Annales
830 2735 919 2761 Casin.
940 2735 1110 2768 riportando
1137 2734 1164 2758 la
1193 2741 1310 2759 corona-

417 2777 502 2800 zione
521 2777 579 2808 agli
602 2777 641 2800 idi
663 2777 691 2801 di
713 2777 827 2810 Luglio.

504 2816 516 2833 ⁸
533 2818 599 2843 Uoo
618 2819 785 2850 Fammno,
799 2828 824 2853 p.
845 2826 887 2851 90,
901 2819 1044 2843 concorda
1064 2819 1093 2842 in
1115 2820 1211 2849 questa
1226 2820 1306 2850 parte

418 2868 471 2884 con
491 2860 525 2884 R.

504 2904 515 2920 ⁴
534 2902 568 2926 R.
588 2904 648 2927 tace
658 2904 725 2928 tutti
740 2904 782 2935 gli
797 2904 918 2936 intrighi
939 2904 969 2928 di
983 2905 1062 2927 corte
1075 2909 1089 2926 e
1109 2902 1308 2935 l’importanza

416 2944 466 2968 che
492 2943 607 2968 codesto
633 2951 750 2975 eunuco,
778 2947 898 2969 maestro
934 2943 1099 2969 Camerario
1125 2944 1153 2967 di
1180 2943 1307 2974 Palam,

415 2987 532 3011 avi-ebbe
550 2987 640 3011 avuto
661 2987 999 3012 nell'amministrazlone
1013 2986 1058 3011 del
1073 2994 1169 3019 regno,
1184 2987 1307 3011 secondo

414 3029 435 3052 il
455 3028 607 3058 Falcando,
627 3037 640 3053 e
660 3035 782 3054 accenna
802 3030 935 3055 soloralla
950 3037 998 3054 sua
1013 3029 1083 3061 suga
1097 3035 1151 3052 con
1170 3030 1251 3062 parte
1264 3028 1308 3052 del

1455 2312 1580 2338 Codesto
1605 2312 1712 2342 PIetro,
1735 2311 1825 2344 opino
1851 2312 1920 2336 bene
1947 2312 2069 2337 l’Amari
2095 2309 2201 2344 (Storia
2219 2311 2265 2336 den·

1366 2356 1447 2386 Mus„
1466 2355 1515 2387 111,
1534 2362 1581 2388 pp.
1601 2354 1737 2388 495-496),
1762 2354 1930 2379 s’identifica
1949 2362 2004 2379 con
2023 2354 2153 2384 Achmet,
2172 2354 2264 2387 orlgl-

1367 2398 1450 2422 nario
1470 2397 1543 2422 delle
1563 2396 1662 2426 Gerbe,
1677 2397 1728 2421 che
1741 2397 1769 2421 al
1783 2396 1844 2421 dire
1857 2397 1886 2421 di
1901 2394 2081 2421 Ibn-Kaldfin
2102 2394 2176 2428 (Bit.
2190 2396 2262 2421 Ara-

1365 2440 1512 2469 bmSa'cuIa,
1531 2439 1566 2469 ΙΙ,
1595 2438 1653 2470 166,
1678 2439 1750 2473 238),
1773 2439 1921 2472 Ruggiero
1948 2439 2069 2464 avrebbe
2095 2439 2208 2464 elevato
2233 2438 2260 2462 ai

1366 2480 1469 2506 servizi
1488 2481 1565 2506 dello
1585 2481 1674 2506 Stato.
1711 2481 1785 2513 Egli,
1806 2481 1911 2506 caduto
1938 2482 1966 2505 in
1987 2481 2131 2514 disgrazls
2150 2487 2201 2513 per
2218 2479 2261 2512 gli
2289 2490 2323 2517 35

1364 2523 1490 2556 intrlghi
1508 2524 1537 2548 dl
1564 2524 1650 2552 corte,
1670 2523 1784 2547 sarebbe
1811 2523 1924 2555 fugglto
1944 2529 1959 2547 a
1978 2522 2082 2547 Tunlsi
2101 2530 2116 2547 e
2134 2522 2164 2547 di
2185 2518 2214 2545 ld
2233 2520 2261 2545 al

1363 2564 1505 2594 Marocco,
1525 2565 1598 2590 dove
1617 2565 1685 2590 ebbe
1705 2564 1752 2589 d'al
1773 2563 1871 2589 Califo
1885 2565 1972 2597 Jusuf
1990 2565 2011 2589 u
2031 2565 2171 2589 comando
2186 2563 2262 2588 della

1368 2607 1466 2633 slotta.

1453 2650 1506 2674 Nel
1527 2657 1622 2675 marzo
1642 2649 1687 2674 del
1701 2648 1742 2682 ’67
1762 2649 1888 2674 Maestro
1908 2648 2075 2674 eumen-ario
2088 2649 2117 2674 di
2137 2644 2262 2674 Palazzo

1365 2699 1411 2716 era
1429 2693 1510 2724 gaito
1523 2692 1631 2721 Ricon;
1646 2692 1681 2716 cf.
1697 2691 1868 2720 GARoFALo,
1885 2691 1978 2716 Tabul.
1994 2692 2029 2717 R.
2048 2700 2080 2716 ac
2095 2692 2160 2723 Imp.
2176 2692 2262 2723 Capp.
2290 2700 2325 2726 4⁰

1367 2735 1471 2767 colleg.
1492 2735 1554 2760 divi
1571 2735 1653 2759 Petri
1669 2736 1727 2764 eit„
1746 2742 1773 2768 p.
1794 2740 1836 2767 24.

1453 2775 1464 2792 ⁶
1475 2778 1633 2808 Dmnoro,
1647 2780 1688 2808 op.
1702 2777 1747 2801 cit.
1761 2777 1791 2801 in
1807 2777 1976 2806 Muxsi-om,
1991 2777 2050 2802 RR.
2069 2778 2108 2802 II.
2125 2777 2185 2806 SS„
2200 2776 2262 2806 ΧΠ,

1365 2819 1425 2852 289.
1460 2820 1498 2844 Di
1519 2820 1620 2849 Maria,
1639 2819 1719 2853 figlia
1733 2819 1778 2844 del
1799 2818 1965 2851 Commeno,
1987 2818 2119 2852 s’occupo
2133 2827 2149 2844 a
2170 2820 2260 2852 lungo

1365 2861 1385 2884 il
1405 2861 1563 2893 Ducauon,
1585 2862 1720 2887 Familiae
1741 2861 1918 2894 Byzantina,
1937 2870 1963 2895 p.
1980 2868 2045 2895 1553
2066 2861 2261 2891 emmam«.

1363 2906 1404 2934 op.
1422 2904 1476 2933 αἳ..
1494 2904 1542 2935 111,
1565 2911 1625 2937 359,
1639 2912 1666 2929 n.
1689 2911 1710 2932 ι,
1731 2905 1820 2936 opina
1838 2911 1892 2928 con
1909 2904 2003 2929 molta
2022 2901 2197 2937 probabiliti
2211 2903 2261 2928 che
2288 2910 2320 2937 45

1362 2946 1475 2970 codeste
1492 2947 1644 2971 trattatlve
1664 2947 1693 2971 di
1709 2946 1897 2971 matrimonio
1911 2946 1996 2971 furon
2016 2946 2090 2972 fatte
2103 2945 2261 2971 nell’estate

1364 2986 1409 3010 del
1431 2986 1482 3011 ’66.
