2398 3470
85 286 170 324 [ΛΑ.
183 294 223 317 m.
238 287 377 322 ³⁷⁵o-(u.
392 294 418 315 c.
432 286 602 322 534-540)]
864 267 1183 316 CHRONICON
1905 274 1954 314 35

1237 352 1961 359 mmm-m—

84 416 295 450 mentionem
325 413 538 458 Jerom‘mus.
584 414 669 448 Post
695 412 820 472 fugam
852 417 887 445 et
917 416 1066 445 mortem
1096 411 1251 445 Seleucii
1275 411 1474 452 Gallicini¹,
1502 413 1571 446 duo
1602 412 1667 445 filii
1696 413 1771 458 ejus
1794 382 1963 445 Seleucus

85 474 317 514 cognomento
341 468 533 508 Ceraunos,
548 472 584 500 et
606 455 814 504 Antiochus,
839 465 900 508 qui
923 464 1118 508 appellatus
1142 471 1194 498 est
1216 465 1367 509 Magnus
1390 466 1577 508 prouocati
1600 476 1662 508 spe
1686 465 1845 504 uicton’e,
1870 470 1905 496 et
1927 463 1963 496 in

83 523 215 556 ultione
245 522 410 565 parentis,
442 520 600 555 exercitu
632 523 847 564 congregato
878 519 1046 551 aduersus
1076 519 1298 552 Ptolomeum
1329 518 1602 563 Phylopatorem
1636 529 1731 551 arma
1759 517 1960 561 corripiunt.

15 603 18 606 Α
84 576 242 620 Cumque
265 575 435 609 Seleucus
456 574 568 619 major
591 574 700 606 frater
723 572 827 605 tertio
859 582 951 604 anno
982 572 1122 615 imperii
1155 572 1294 605 occisus
1318 577 1411 605 esset
1442 573 1480 604 in
1503 572 1532 605 F
1534 572 1633 616 rigia,
1657 583 1723 615 per
1754 571 1871 605 dolum
1895 571 1961 604 Ni-

14 628 61 664 5
85 629 222 663 canoris
256 635 291 662 et
313 626 711 671 Eupatorisexercitus,
735 625 795 669 qui
830 631 905 658 erat
939 626 976 658 in
1012 625 1126 670 Syria,
1149 625 1349 659 Antiochus
1383 625 1492 659 frater
1527 625 1601 670 ejus
1631 636 1776 669 magnus
1799 625 1895 658 uenit
1918 624 1964 657 de

83 682 264 728 Babylone
288 682 326 714 in
350 682 498 726 Syriam,
522 690 589 724 que
612 690 654 713 eo
678 685 835 722 tempore
860 679 1045 712 tenebatur
1069 689 1089 711 a
1112 678 1295 712 Ptolomeo
1319 678 1546 722 Philopatore
1577 679 1648 711 filio
1680 678 1877 722 Euergetis,
1901 677 1962 721 qui

85 742 225 780 quartus
247 735 421 780 regnabat
437 735 473 767 in
489 734 639 779 Egypto.
686 732 845 776 Cumque
861 738 1052 777 pugnasset
1067 732 1234 766 aduersus
1257 733 1383 765 ducem
1400 733 1486 777 ejus,
1503 732 1610 765 immo
1626 732 1824 775 proditione
1841 732 1962 764 Theo-

86 789 160 824 doti
190 789 395 832 optinuisset
426 788 575 833 Syriam,
605 797 673 831 que
698 797 762 829 per
792 786 1049 819 successionem
1080 787 1150 831 jam
1175 797 1195 818 a
1217 785 1360 830 regibus
1390 786 1522 831 Egypti
1552 786 1746 826 tenebatur,
1769 786 1808 818 in
1831 791 1962 819 tantam

86 843 266 877 audaciam
291 848 491 885 contempta
521 841 657 874 luxuria
679 839 937 885 Phylopatoris‚
962 845 998 872 et
1021 839 1167 884 magicis
1191 839 1332 879 artibus,
1358 839 1483 883 quibus
1506 839 1679 872 inseruire
1703 838 1901 877 dicebatur;
1926 845 1964 872 ut

24 897 64 932 10
85 896 175 931 ultro
191 896 356 941 Egyptiis
372 896 502 930 bellum
519 899 705 928 conaretur
721 894 866 926 inferre.
905 893 1109 927 Ptolomeus
1125 899 1360 938 cognomento
1376 893 1604 937 Phylopator,
1623 893 1746 926 amissa
1763 893 1867 937 Syria
1881 903 1963 936 pro-

87 950 209 985 ditioni
231 948 419 988 Theodoti,
444 948 675 993 congregauit
697 946 954 980 multitudinem
977 946 1162 990 plurimam
1185 946 1294 979 multo
1312 947 1492 992 majorem,
1510 957 1615 991 quam
1638 946 1744 989 prius,
1768 957 1963 990 properans

85 1014 164 1038 cum
179 1003 335 1036 exercitu
351 1012 488 1046 magno,
505 1007 541 1035 et
558 1000 697 1045 opibus'
721 1000 837 1033 nimiis
853 1006 977 1033 contra
993 1000 1213 1033 Ptolomeum
1238 999 1522 1044 Phylopatorem.
1571 999 1654 1038 Quo
1677 1006 1813 1033 mortuo
1836 999 1963 1033 Antio-

88 1057 173 1091 chus
194 1056 303 1090 mouit
326 1055 516 1089 exercitum
540 1056 707 1089 aduersus
729 1054 837 1088 filium
854 1054 1010 1100 ejusdem
1034 1053 1219 1093 Ptolomei‚
1243 1053 1302 1097 qui
1326 1059 1410 1087 tunc
1433 1064 1491 1086 1111
1514 1063 1685 1088 annorum
1703 1058 1788 1093 erat,
1806 1059 1841 1087 et
1857 1064 1963 1087 uoca-

86 1110 187 1145 batur
208 1110 410 1144 Ptolomeus
432 1108 637 1154 Epyphanis
650 1107 673 1142 ².

26 1217 65 1252 15
943 1215 1102 1249 Orosius:

176 1297 280 1331 Anno
305 1298 348 1331 ab
371 1296 469 1331 Urbe
494 1297 638 1330 condita
660 1292 879 1330 DXXXIIII'
893 1295 1049 1329 Annibal
1072 1296 1247 1330 Penorum
1271 1296 1473 1339 imperator,
1488 1297 1691 1330 uicesimum
1707 1308 1835 1329 annum
1851 1306 1960 1341 agens

89 1353 190 1386 etatis
201 1351 225 1393 ³,
248 1351 441 1396 Saguntum
464 1350 746 1384 florentissimum
769 1350 909 1393 Ispanie
933 1350 1112 1383 ciuitatem
1135 1350 1283 1383 amicam
1314 1357 1398 1383 tunc
1429 1350 1551 1394 populi
1581 1351 1746 1390 Romani,
1776 1350 1820 1384 ob
1845 1351 1963 1384 odium

87 1405 326 1440 Romanorum
339 1405 353 1424 ⁴
375 1405 469 1438 bello
493 1405 684 1447 impetitam
709 1403 891 1438 obsidione
916 1410 1077 1437 cunctam
1095 1410 1129 1437 et
1145 1404 1238 1437 fame
1255 1404 1493 1437 excruciatam
1506 1403 1529 1445 ⁵,
1546 1411 1671 1438 octauo
1688 1404 1828 1438 demum
1843 1415 1963 1437 mense

91 1459 231 1493 deleuit.
279 1459 346 1492 Hic
368 1459 440 1503 jam
465 1458 597 1491 dudum
620 1457 789 1490 Amilcari
811 1458 902 1501 patri
923 1457 1110 1506 jurauerat,
1135 1468 1214 1491 cum
1238 1456 1354 1490 adhuc
1378 1467 1505 1490 nouem
1528 1464 1619 1492 esset
1643 1469 1823 1498 annorum,
1855 1469 1892 1491 se
1923 1464 1962 1491 ut

24 1513 67 1546 20
89 1513 237 1556 primum
259 1519 377 1556 posset
402 1511 567 1545 aduersus
589 1512 770 1545 Romanos
793 1517 1035 1555 pugnaturum,
1060 1517 1097 1544 et
1121 1521 1199 1544 cum
1223 1511 1273 1543 eis
1296 1522 1472 1556 nunquam
1495 1522 1617 1555 pacem
1634 1518 1829 1545 acturum.
1807 1511 1819 1528 ⁶
1875 1512 1963 1546 Inde

2014 287 2091 313 Mun..
2108 292 2128 309 c.
2140 287 2203 312 38·39

2012 1017 2032 1031 c.
2047 1016 2097 1036 55¹²

2014 1226 2091 1250 Mun„
2108 1231 2134 1251 39

2010 1312 2032 1327 u.
2048 1312 2069 1327 c.
2083 1312 2123 1332 534

0 1509 3 1545 1

0 1546 5 1631 1
90 1566 258 1600 Pireneos
281 1573 417 1599 montes
439 1572 682 1610 transgressus,
706 1566 797 1598 inter
821 1565 1057 1598 ferocissimas
1081 1565 1263 1598 Gallorum
1278 1571 1411 1610 gentes,
1428 1566 1525 1599 ferro
1541 1567 1633 1598 uiam
1655 1566 1789 1610 aperuit
1812 1572 1847 1599 et
1870 1577 1963 1599 nono
1997 1598 2001 1603 ,

3 1633 6 1669 4
43 1618 45 1622 ’
91 1619 149 1654 die
172 1632 194 1654 a
215 1612 368 1654 Pireneo
393 1621 438 1654 ad
460 1619 571 1663 Alpes
593 1620 766 1664 peruenit,
789 1619 848 1652 ubi
880 1625 1060 1653 montanos
1092 1619 1213 1652 Gallos
1243 1619 1416 1663 repellere
1448 1619 1646 1653 obnitentes
1676 1626 1828 1664 superat,
1859 1626 1964 1665 atque

3 1677 7 1695 ¹
92 1673 201 1707 inuias
223 1685 328 1717 rupes
351 1674 424 1718 igni
446 1674 612 1717 ferroque
634 1673 842 1712 rescindit⁷3
868 1673 987 1716 quinto
1011 1672 1152 1706 demum
1176 1672 1232 1705 die
1257 1684 1336 1706 cum
1352 1673 1502 1706 maximo
1520 1673 1638 1707 labore
1656 1673 1700 1707 ad
1716 1674 1822 1717 plana
1837 1674 1937 1708 Italie
1951 1673 1964 1694 ⁸

4 1749 8 1778 ὁ
90 1727 197 1760 uenit.
242 1728 362 1761 Fuisse
386 1727 421 1759 in
445 1727 599 1760 exercitu
622 1728 697 1772 ejus
721 1733 859 1760 centum
884 1726 980 1759 milia
1002 1726 1171 1770 peditum,
1195 1726 1351 1771 equitum
1382 1737 1466 1759 uero
1498 1726 1621 1771 uiginti
1651 1727 1759 1766 milia,
1792 1728 1964 1761 elefantos

4 1783 9 1820 1
25 1779 66 1812 25
91 1789 222 1813 xxxvn
245 1780 411 1813 definiunt
423 1779 445 1813 ⁹.
485 1779 606 1823 Scipio
629 1786 714 1813 tunc
730 1780 851 1813 consul
868 1779 985 1823 magni
1000 1779 1176 1822 Scipionis
1191 1785 1293 1822 pater
1301 1778 1334 1819 ¹⁰,
1358 1778 1526 1812 Annibali
1542 1791 1621 1813 cum
1645 1780 1815 1814 Romanis
1830 1781 1963 1824 primus

7 1831 10 1881 ᾗ
91 1834 253 1873 occurrit,
270 1840 305 1867 et
329 1833 511 1867 commisso
535 1833 647 1877 prelio
671 1834 765 1877 apud
781 1833 943 1866 Ticinum
958 1832 992 1873 ¹¹,
1016 1833 1126 1866 omnis
1143 1843 1235 1876 pene
1257 1843 1423 1866 romanus
1440 1834 1615 1877 exercitus
1638 1844 1740 1867 cesus
1763 1840 1815 1868 est
1827 1833 1861 1868 ¹².
1893 1834 1963 1868 Pu-

8 1889 12 1932 1
89 1893 232 1932 gnatum
256 1887 396 1927 deinde,
423 1888 546 1920 eodem
562 1886 716 1927 consule,
733 1885 827 1930 apud
842 1887 971 1920 flumen
987 1886 1159 1927 Trinium,
1173 1893 1208 1919 et
1224 1887 1377 1920 Romani
1393 1887 1567 1930 superati.'
1614 1887 1696 1921 Alio
1713 1898 1851 1932 quoque
1868 1888 1962 1921 bello

9 1937 13 2015 ⁴
91 1941 184 1984 apud
208 1942 356 1975 eundem
380 1941 523 1974 fluuium
546 1941 632 1974 uicti
655 1947 745 1974 sunt.
793 1939 930 1979 Quarto
962 1940 1056 1974 bello
1081 1941 1127 1973 ad
1157 1941 1285 1974 flumen
1318 1941 1477 1980 Sarnum,
1502 1941 1537 1973 in
1565 1952 1635 1985 quo
1668 1942 1808 1975 oculum
1838 1942 1962 1975 amisit.

11 2016 14 2047 ι
91 1993 224 2034 Quinto
241 1994 334 2028 bello
350 1995 444 2038 apud
459 1995 703 2028 Trasimenum
718 1995 844 2028 lacum.
893 1995 1000 2028 Sexto
1018 1995 1114 2038 apud
1130 1994 1271 2028 Cannas
1286 1994 1416 2038 Apulie
1433 1996 1566 2029 uicum:
1591 1996 1626 2028 in
1643 2006 1712 2040 quo
1729 1996 1964 2041 quadraginta

0 2049 69 2096 2230
90 2058 148 2082 1111
169 2048 265 2081 milia
286 2049 524 2082 Romanorum
548 2049 738 2081 interfecta
761 2054 840 2082 sunt
854 2047 889 2088 ¹³,
906 2048 1020 2082 Varro
1037 2048 1157 2082 consul
1173 2059 1251 2081 cum
1268 2059 1291 2081 L
1307 2048 1481 2092 equitibus
1497 2050 1689 2082 Venusium
1713 2050 1825 2094 fugiit.
1856 2049 1962 2083 Anno

0 2103 16 2141 q
91 2101 135 2135 ab
156 2102 254 2136 Urbe
271 2102 413 2136 condita
426 2102 526 2135 DXL
539 2101 562 2119 ¹⁴
583 2101 739 2135 Annibal
760 2103 797 2135 in
813 2102 1046 2135 testimonium
1062 2102 1208 2135 uictorie
1231 2112 1293 2135 sue
1308 2108 1379 2135 tres
1402 2103 1537 2136 modios
1554 2103 1758 2137 annulorum
1775 2113 1960 2136 aureorum

0 2143 18 2216 1
90 2154 309 2200 Cartaginem
322 2156 424 2197 misit,
441 2166 527 2200 quos
543 2166 588 2189 ex
602 2155 762 2189 manibus
783 2156 1047 2189 interfectorum
1071 2156 1227 2200 equitum
1250 2156 1502 2196 Romanorum,
1519 2164 1785 2201 senatorumque
1802 2158 1962 2191 detraxe-

16 2240 20 2272 1

15 2274 20 2308 1

2 2412 24 2464 1

181 2294 205 2323 1.
222 2298 398 2324 menclonem
416 2298 443 2322 B
456 2297 480 2322 C
495 2310 506 2317 -
525 2297 658 2323 Seleucus
669 2297 696 2322 A
709 2311 721 2317 -
733 2296 887 2323 Seleuchus
899 2297 926 2321 B
940 2296 964 2322 C
974 2310 1008 2316 -·
1021 2303 1047 2330 3.
1060 2297 1176 2322 ulcione
1195 2297 1222 2321 B
1232 2297 1255 2322 C
1266 2310 1300 2315 —
1314 2305 1338 2330 4.
1353 2297 1504 2323 Seleuchus
1522 2297 1547 2321 Α
1558 2298 1584 2321 Β
1597 2297 1621 2322 C
1630 2311 1642 2316 -
1660 2297 1752 2323 tercio
1770 2297 1794 2321 C
1804 2311 1837 2316 —
1853 2303 1878 2330 7.
1892 2305 1958 2332 pro·

93 2338 207 2364 ἀπίοι-ιο
224 2339 284 2364 Bc
300 2352 332 2358 —
351 2347 376 2374 9.
397 2340 518 2373 maglcls
535 2340 628 2365 rtibus
647 2339 706 2372 (sic)
726 2340 751 2365 Α
771 2353 805 2358 -
827 2347 869 2365 10.
889 2340 1023 2365 ammissa
1043 2340 1069 2364 B
1082 2339 1106 2364 C
1122 2353 1156 2358 —
1180 2347 1270 2365 10-11.
1289 2340 1454 2374 prodicioni
1473 2353 1506 2358 —
1529 2346 1572 2366 11.
1591 2341 1698 2366 maiore
1721 2340 1745 2364 C
1762 2353 1795 2358 —
1818 2346 1859 2372 13.
1879 2340 1961 2374 quat-

92 2381 158 2406 tuor
173 2380 235 2406 Bc
250 2395 284 2400 —
305 2387 347 2413 17.
365 2382 501 2415 Hlspanie
518 2382 546 2407 B
565 2395 576 2401 -
594 2383 688 2408 amica
711 2382 756 2406 C·
776 2382 812 2408 ab
831 2382 899 2408 odio
919 2381 978 2415 (sic)
998 2382 1023 2406 A
1036 2396 1070 2402 —
1093 2383 1133 2408 18.
1153 2382 1308 2414 inpetltam
1332 2382 1378 2406 C·
1390 2382 1574 2409 obsidione.
1583 2400 1606 2408 ..
1626 2383 1821 2408 excruciatam
1840 2390 1888 2407 om.
1902 2383 1929 2406 B
1948 2395 1959 2401 -

92 2422 197 2457 mense]
216 2424 306 2449 morte
323 2424 347 2449 C
357 2437 390 2442 —
410 2430 455 2449 πο.
475 2432 629 2458 numquam
646 2424 674 2448 B
686 2424 737 2448 C-
756 2426 906 2450 aucturum
929 2424 952 2449 C
962 2438 996 2443 —
1010 2431 1053 2449 22.
1073 2425 1123 2450 ubi
1141 2425 1207 2449 dum
1231 2424 1260 2456 C,
1279 2425 1331 2449 cosi
1350 2425 1385 2449 luz
1404 2425 1542 2456 Oxos-uus,
1561 2424 1614 2454 IV,
1633 2431 1676 2454 14,
1695 2431 1713 2455 4
1731 2438 1761 2442 —
1776 2424 1962 2450 26.0ccutr1t

2 2465 25 2509 ‘³
47 2467 63 2496 5
94 2461 153 2498 (stc)
175 2465 225 2490 C·
242 2467 312 2500 aput
330 2466 357 2490 B
369 2466 393 2491 C
402 2479 437 2485 -
450 2465 657 2499 27.Tr1n1u=n]
679 2467 811 2492 Trebiam
830 2469 940 2491 corretto
958 2474 989 2491 m
1001 2466 1027 2491 Α
1039 2467 1071 2490 di
1088 2475 1164 2491 mano
1178 2466 1223 2491 del
1238 2466 1318 2491 secolo
1337 2466 1446 2491 XVII·
1459 2468 1588 2501 superati
1606 2469 1673 2492 sunt
1691 2467 1718 2491 B
1731 2467 1754 2491 C
1766 2480 1799 2485 —
1819 2473 1863 2499 29·
1881 2468 1960 2492 tran-

90 2513 256 2534 sumennum
277 2508 306 2541 C,
325 2509 376 2534 cosi
394 2509 430 2534 ha
443 2512 514 2542 pure
537 2508 626 2534 Oro-rio
646 2523 680 2528 -
698 2515 743 2542 30.
763 2510 840 2535 Varo
857 2509 921 2534 AB
939 2523 973 2528 —
993 2517 1035 2542 3¹·
1055 2516 1105 2546 sug
1123 2510 1148 2534 Α

4 2522 10 2552 ἰ
23 2526 26 2552 1

24 2596 29 2650 ι
176 2594 187 2613 ¹
209 2596 346 2627 Gallicini,
363 2597 425 2625 dice
442 2598 642 2632 Hleronymus.
1045 2598 1093 2630 IV,
1116 2606 1157 2631 14,
1178 2598 1215 2631 4).

176 2636 188 2654 ¹
206 2639 306 2666 Auche
323 2640 374 2674 qui
392 2647 411 2665 R
431 2642 512 2675 parte
531 2641 682 2674 rlproduce
703 2640 757 2665 alla
775 2640 885 2672 lettera,
909 2642 991 2675 parte
1134 2639 1147 2658 ⁸
1165 2642 1245 2667 Italic
1263 2641 1278 2668 ὲ
1297 2644 1437 2677 aggiunto
1457 2643 1494 2669 da
1514 2650 1541 2668 R.

24 2657 29 2704 1
88 2680 171 2715 eopia
189 2682 226 2707 da
244 2682 456 2714 Hxnonmus,
481 2686 522 2715 op.
547 2683 605 2712 cit..
623 2683 659 2715 V,
678 2682 730 2715 706
755 2691 770 2708 e
789 2683 991 2716 707,M1G1m,
1135 2682 1147 2700 ⁹
1168 2685 1306 2716 ORosms‚
1325 2685 1375 2716 IV,
1404 2693 1445 2718 14,
1466 2691 1479 2717 5
1507 2685 1582 2710 dice:
1610 2684 1816 2711 “....centum
1841 2684 1956 2710 milibus

14 2712 66 2748 110
90 2722 144 2749 vol.
161 2724 219 2755 eit„
238 2732 284 2758 pp.
305 2723 365 2756 561,
385 2725 446 2756 562.
1044 2726 1199 2760 “peditum
1218 2728 1248 2752 et
1266 2728 1373 2760 viglntl
1392 2727 1506 2752 milibus
1525 2728 1651 2760 equitum
1672 2727 1813 2752 definiunt
1822 2744 1849 2759 ,,.

11 2780 32 2801 «φ
175 2762 188 2782 ³
209 2766 346 2799 Onost,
364 2767 413 2798 IV,
435 2773 476 2800 14,
498 2774 521 2798 x,
541 2774 656 2793 manca:
678 2766 870 2793 “vicesimum
883 2775 990 2794 annum
1124 2767 1146 2785 1⁰
1165 2769 1199 2794 In
1218 2769 1323 2795 Orosio
1344 2777 1446 2795 manca
1464 2770 1478 2784 ¹⁴
1490 2770 1588 2802 magni
1606 2770 1751 2803 Sclpionls
1771 2771 1852 2804 pater
1863 2788 1886 2803 η.

12 2802 33 2843 ῑ1
90 2806 200 2841 ‘ngenn
218 2810 304 2835 etatis
315 2826 340 2841 ,μ
1123 2808 1145 2827 ¹¹
1165 2811 1224 2841 Qui
1242 2820 1262 2837 R
1281 2813 1389 2837 omette
1408 2813 1488 2844 quasi
1507 2820 1546 2837 un
1573 2813 1668 2837 lntero
1689 2812 1808 2846 perlodo
1828 2812 1873 2839 del
1895 2812 1910 2845 g
1928 2811 1955 2838 6.

30 2846 32 2858 ¹
175 2849 187 2867 ⁴
209 2850 245 2876 Ob
262 2852 352 2876 odium
371 2851 554 2877 Romanorum
573 2850 588 2877 δ
607 2854 746 2886 aggiunto
765 2853 802 2879 da
820 2860 848 2879 R.
1123 2852 1146 2870 ¹2
1166 2855 1211 2879 Da
1220 2857 1321 2888 questo
1331 2856 1423 2887 punto
1436 2855 1465 2879 iu
1481 2857 1529 2889 poi
1542 2862 1561 2880 R
1574 2856 1658 2880 sunta
1668 2854 1716 2887 ug
1731 2859 1746 2886 7
1757 2855 1803 2881 del
1817 2862 1878 2890 cap.
1888 2856 1955 2882 xlv

175 2891 187 2910 ⁶
204 2895 283 2927 aqui
301 2895 338 2920 ha
350 2902 477 2920 omesso·
499 2895 672 2928 “omniaque
685 2895 804 2921 fortiter
816 2897 990 2930 contempla·
1044 2904 1060 2923 e
1078 2898 1157 2922 tutto
1176 2898 1271 2922 intero
1290 2898 1311 2922 il
1329 2905 1389 2931 cap.
1410 2897 1472 2923 XV.

13 2941 20 2958 e
49 2937 64 2966 ς
89 2933 190 2961 ‘tione
202 2934 274 2967 fidel,
286 2942 369 2969 quam
381 2936 505 2963 Romani
517 2937 698 2968 devoverant,
712 2937 799 2971 digna
818 2939 991 2972 indlgnaque
1124 2937 1146 2955 ¹³
1165 2947 1184 2965 R
1203 2941 1288 2965 sunta
1307 2940 1373 2964 dall’
1381 2940 1482 2965 ultimo
1504 2939 1657 2973 paragrafo
1676 2940 1719 2965 del
1738 2947 1800 2972 cap.
1815 2941 1868 2966 XV
1882 2948 1897 2965 e
1917 2942 1955 2965 ri-

6 2975 22 3011 1}
91 2974 279 3003 ‘tolerantem
291 2995 314 3010 ,,.
1044 2981 1169 3015 produce
1187 2982 1235 3006 un’
1243 2982 1337 3007 intera
1357 2983 1431 3008 smne
1453 2982 1497 3007 del
1518 2982 1533 3015 ἓ
1552 2989 1565 3007 2
1587 2983 1633 3007 del
1651 2990 1712 3016 cap.
1734 2983 1812 3009 XVI.

174 3016 186 3035 ⁰
204 3026 223 3045 κ
241 3021 321 3053 parte
342 3022 435 3052 sunta,
453 3023 535 3054 parte
557 3021 707 3055 purast-asa
730 3023 740 3047 i
760 3022 791 3056 ἐξ
811 3029 825 3048 2
846 3030 861 3048 e
881 3029 907 3056 3.
1123 3023 1147 3040 ¹⁴
1168 3023 1279 3049 L'anno
1299 3025 1349 3057 qui
1368 3033 1426 3050 non
1446 3022 1460 3049 ὲ
1479 3026 1557 3050 stato
1578 3027 1698 3058 segnato
1716 3025 1789 3058 nel§
1806 3033 1817 3050 1
1833 3025 1862 3051 di
1881 3026 1955 3052 Oro-

176 3059 188 3078 '1
206 3069 226 3088 a
243 3063 346 3089 omette
366 3063 380 3078 ‘⁴
390 3064 578 3098 quadriduum
597 3066 812 3099 commoratus„
835 3064 989 3099 (Onosws,
1044 3065 1098 3096 slo,
1116 3065 1162 3091 dal
1181 3065 1261 3099 quale
1280 3073 1299 3090 R
1318 3066 1404 3100 copia
1424 3066 1454 3090 dl
1474 3073 1541 3100 peso
1561 3066 1640 3092 tutto
1656 3066 1674 3091 il
1688 3066 1703 3100 g
1719 3071 1732 3099 5
1748 3067 1792 3092 del
1806 3067 1953 3100 cap.XV1.

2012 1903 2032 1918 c.
2046 1897 2094 1922 55⁶

2012 2119 2034 2134 u.
2050 2119 2070 2135 c.
2084 2119 2124 2139 540

1985 2644 2019 2663 20

1983 2857 2017 2884 ²5

1982 3073 2018 3099 30
