2398 3470
899 209 1254 245 PREFAZIONE
1836 210 2004 246 XXXV

138 335 320 372 canonici
350 334 566 373 dell’antico
595 335 771 383 Capitolo
800 334 838 371 di
867 334 1026 383 Siponto
1054 335 1217 371 abbiano
1245 334 1378 370 voluto
1398 334 1579 383 lasciargli
1600 349 1647 371 un
1674 335 1825 372 ricordo
1844 349 2006 385 perenne

139 403 237 440 della
264 402 469 452 pregevole
499 404 613 440 storia
643 402 840 440 dell'Italia
867 402 1130 439 Meridionale.

226 471 322 506 Pure
351 482 372 506 a
399 471 459 518 pie
489 470 527 506 di
554 470 688 518 pagina
715 470 751 504 in
782 469 988 506 minuscola
1017 470 1165 506 corsiva
1185 469 1285 506 dello
1304 476 1421 506 stesso
1449 470 1580 507 secolo
1609 471 1700 508 XIV
1728 472 1788 509 v’e
1817 483 1888 507 una
1916 478 2006 508 nota

136 538 172 574 la
202 539 260 575 cui
288 538 532 586 importanza‚
560 550 628 585 per
657 538 715 574 chi
745 535 952 573 s'interessa
982 535 1019 572 di
1049 537 1223 573 curiosita
1247 537 1407 573 storiche
1427 538 1650 582 Dantesche‚
1671 540 1754 574 sara
1774 539 1963 584 illustrata,
1985 551 2005 574 e

136 605 183 643 da
213 618 278 653 par
306 617 386 650 suo,
419 605 632 642 dall’amico
660 606 704 642 P.
737 604 890 640 Fedele.
946 605 988 640 Io
1019 605 1071 640 mi
1100 605 1221 641 limito
1250 616 1270 640 a
1298 607 1503 652 riportarne
1533 605 1665 642 alcune
1694 606 1841 653 parole:

229 673 244 691 “
263 674 314 709 Et
342 678 398 709 est
420 673 612 709 sciendum
630 673 731 722 quod
750 673 941 709 Robertus
959 671 1175 718 viscardus,
1196 672 1243 708 de
1263 684 1338 720 quo
1357 672 1486 709 scribit
1504 674 1647 710 Dantes
1665 679 1778 720 poeta
1797 675 1834 709 in
1853 674 2004 710 Inferno

143 741 232 776 “cc.
263 741 311 775 28
343 740 392 789 [v.
429 739 502 787 14],
531 752 595 776 sua
631 740 819 788 probitate
857 741 1050 787 acquisivit
1086 752 1244 787 regnum
1281 739 1407 775 Sicilie
1446 746 1483 776 et
1519 740 1681 788 Apulee.
1739 741 1827 781 Quo
1856 747 2003 778 mortuo

140 809 158 828 “
174 808 352 844 successit
379 808 415 843 in
444 808 547 844 dicto
575 819 692 856 regno
721 807 908 844 Henricus
937 808 1016 843 eius
1043 808 1138 843 filius
1167 807 1233 857 [sic
1249 805 1273 855 l]
1303 820 1369 844 rex
1397 807 1537 855 probus
1557 814 1595 844 et
1614 809 1811 854 virtuosus,
1842 814 1881 845 ut
1900 809 2004 846 vide-

142 874 157 892 ‘
174 880 233 911 tur
260 875 297 910 in
327 887 360 912 c.
391 877 493 912 20..
510 901 519 910 .
537 901 546 910 .
575 876 625 911 Et
652 874 729 911 hoc
757 881 811 910 est
840 875 942 924 quod
972 876 1092 923 tangit
1121 875 1241 911 dictus
1277 877 1398 912 Poeta
1426 876 1570 912 Dantes
1607 877 1645 911 in
1674 875 1778 912 dicto
1816 882 1924 913 canto
1953 877 2004 924 (3,

140 942 155 960 “
173 955 210 979 v.
245 943 332 989 118)
361 942 542 979 Paradisi:
578 942 722 986 Quest’b
750 942 788 977 la
817 942 895 978 luce
923 942 967 978 de
994 944 1032 979 la
1056 955 1161 992 gran
1197 943 1388 989 Castanea,
1422 941 1440 992 ΙΙ
1471 943 1534 978 che
1562 943 1625 978 del
1647 944 1795 979 secondo
1823 947 1924 980 vento
1963 945 2004 980 de

141 1009 157 1028 ¹⁶
174 1009 288 1046 Soave
319 1008 337 1060 Η
364 1011 502 1060 gener&
530 1009 560 1045 ’l
581 1011 677 1045 terzo
705 1012 739 1047 et
765 1010 910 1046 [ultima
933 1013 1132 1056 possanza.
1188 1011 1299 1047 Unde
1321 1011 1462 1047 dictum
1481 1012 1688 1047 Henricum
1706 1018 1821 1048 vocat
1839 1019 2003 1057 ventum,

140 1077 313 1114 “ratione
350 1078 559 1114 transitorie
595 1077 714 1125 glorie
753 1083 789 1114 et
827 1079 1015 1125 dignitatis
1052 1079 1254 1126 imperialis
1291 1085 1329 1115 et
1365 1079 1521 1115 aliarum
1558 1079 1660 1116 istius
1696 1080 1836 1115 mundi.
1893 1082 2006 1117 Unde

140 1147 350 1196 “Jeremiae
378 1147 508 1182 Brevis
536 1151 591 1182 est
611 1146 717 1184 huius
735 1147 812 1182 vite
833 1146 1000 1193 felicitas,
1021 1146 1172 1183 modica
1190 1147 1295 1184 huius
1314 1147 1429 1183 seculi
1449 1147 1580 1193 gloria.
1637 1148 1781 1183 Ventus
1799 1148 1920 1183 tenuis
1949 1154 2004 1184 est

141 1211 156 1231 ⁸
172 1214 339 1262 potentia
366 1213 580 1262 temporalis
596 1240 629 1262 „.

221 1281 250 1316 Il
279 1280 423 1317 Codice
455 1281 557 1318 4933
587 1280 683 1317 della
711 1281 920 1318 Biblioteca
948 1282 1158 1319 Nazionale
1179 1282 1216 1318 di
1235 1282 1371 1329 Parigi,
1393 1282 1621 1329 comprende
1643 1283 1801 1319 diciotto
1821 1284 2001 1330 quaterni,

133 1349 171 1385 di
200 1348 259 1385 cui
286 1349 311 1384 il
339 1349 611 1396 quindicesimo
640 1348 678 1385 di
706 1354 799 1385 sette
830 1349 934 1396 fogli,
963 1350 1143 1386 numerati
1171 1362 1239 1398 per
1266 1351 1303 1388 ff.
1339 1349 1424 1395 174,
1454 1351 1585 1387 invece
1617 1351 1654 1386 di
1689 1353 1773 1396 143,
1805 1352 1851 1386 da
1888 1363 2000 1387 mano

132 1416 195 1464 pin
223 1428 244 1452 a
272 1418 333 1451 noi
364 1416 488 1452 vicina
516 1417 584 1452 che
614 1423 900 1454 erroneamente
928 1418 1038 1464 passo
1069 1416 1127 1452 dal
1148 1418 1174 1453 f.
1196 1418 1245 1454 29
1266 1418 1299 1453 al
1323 1419 1384 1454 60.
1430 1408 1462 1454 E
1481 1418 1675 1455 anch’esso
1694 1419 1827 1455 mutilo
1848 1433 1868 1456 e
1889 1431 1999 1455 come

132 1483 159 1519 il
188 1482 332 1519 Codice
363 1483 460 1519 della
492 1483 707 1530 capitolare
737 1483 772 1518 di
802 1484 840 1520 S.
869 1484 1010 1530 Pietro,
1040 1485 1100 1520 col
1129 1486 1237 1533 quale
1265 1486 1312 1521 ha
1342 1498 1503 1522 comune
1532 1486 1567 1522 la
1595 1487 1696 1523 fonte
1730 1485 1872 1534 perfino
1904 1487 2000 1523 nelle

131 1551 429 1598 interpolazioni,
460 1551 591 1587 chiude
621 1551 655 1587 la
693 1551 867 1588 Cronaca
902 1552 937 1597 al
981 1551 1077 1592 1177
1118 1553 1213 1588 colle
1249 1554 1398 1601 parole:
1436 1554 1450 1571 ‘⁴
1470 1559 1507 1589 et
1540 1554 1701 1591 electum
1731 1555 2000 1591 Guarmacien-

139 1619 155 1637 “
174 1629 278 1654 sem.
295 1644 304 1653 .
321 1644 331 1654 .
349 1646 358 1654 .
376 1647 408 1666 „.
465 1620 481 1654 I
509 1619 599 1666 fogli
627 1620 665 1655 di
694 1630 919 1667 pergamena
946 1632 1013 1655 son
1050 1632 1140 1668 pure
1180 1632 1290 1657 come
1327 1621 1452 1658 l'altro
1490 1621 1598 1657 divisi
1635 1623 1671 1656 in
1710 1621 1782 1658 due
1821 1622 2002 1669 colonne3

134 1686 217 1723 solo
245 1687 281 1722 la
318 1687 489 1724 scrittura
517 1689 537 1723 ὲ
566 1688 723 1733 diversa,
753 1688 820 1724 che
853 1689 891 1723 in
919 1694 1050 1737 questo
1079 1691 1099 1726 e
1129 1689 1166 1723 in
1194 1688 1295 1725 bella
1323 1701 1343 1725 e
1372 1688 1487 1724 nitida
1514 1689 1724 1726 minuscola
1752 1690 1900 1726 italiana
1930 1703 2001 1726 con

135 1755 361 1803 capolettere
390 1756 554 1801 miniate,
582 1755 762 1791 tracciata
789 1755 838 1791 da
866 1756 975 1792 unica
1003 1768 1129 1802 manc,
1158 1756 1196 1791 in
1223 1757 1397 1803 generale
1425 1757 1488 1804 pin
1518 1762 1692 1793 accurata
1719 1758 1816 1793 nella
1840 1757 2000 1804 dizione,

134 1834 196 1858 ma
223 1835 298 1858 non
326 1824 432 1869 priva
461 1822 626 1868 d'errori,
666 1824 817 1859 corretti
847 1822 893 1858 da
921 1835 1034 1860 mano
1063 1825 1125 1871 pin
1152 1831 1316 1870 recente,
1346 1825 1443 1861 forse
1472 1824 1594 1872 quella
1623 1825 1682 1861 del
1713 1825 1898 1872 Martene,
1929 1839 2001 1862 con

132 1890 336 1926 inchiostro
364 1891 454 1926 assai
483 1890 656 1927 sbiadito.

220 1957 334 1993 Nella
362 1958 482 2005 prima
512 1960 614 1994 meta
643 1959 704 1995 del
733 1958 861 1995 secolo
889 1960 966 1996 XV
995 1971 1078 1996 esso
1097 1965 1325 2007 appartenne
1344 1972 1363 1996 3
1387 1973 1433 1996 33
1453 1960 1650 2007 Giacomo,
1672 1961 1739 1997 che
1771 1973 1792 1997 a
1813 1974 1846 1997 c.
1872 1960 1943 1999 174
1961 1961 2003 1997 Β

133 2024 172 2060 13
198 2024 369 2061 scrittura
398 2026 615 2061 umanistica
644 2029 804 2063 annoto:
840 2026 1000 2062 Cronica
1028 2028 1101 2063 mei
1127 2027 1261 2073 Jacobz',
1290 2039 1400 2075 quam
1421 2028 1493 2064 emi
1508 2041 1532 2063 a
1542 2027 1633 2075 filio
1652 2029 1788 2064 scilicet
1806 2029 1999 2064 Bernardi

133 2091 176 2127 de
207 2091 418 2128 casalorcio
445 2093 607 2141 quinque
635 2093 810 2130 denariis.
865 2095 925 2130 Da
954 2100 1087 2142 questo
1119 2095 1308 2131 Giacomo
1336 2094 1434 2131 nella
1463 2095 1535 2131 fine
1573 2095 1674 2132 dello
1712 2102 1827 2133 stesso
1865 2098 1995 2133 secolo

130 2161 238 2208 passo
267 2159 313 2196 ad
340 2173 389 2196 un
418 2166 523 2197 certo
552 2161 777 2206 Benedusi0‚
808 2174 917 2198 come
947 2163 976 2198 si
1009 2162 1118 2210 legge
1157 2162 1254 2199 nella
1291 2163 1454 2199 seconda
1487 2163 1660 2209 colonna,
1698 2164 1848 2200 rimasta
1884 2172 1999 2201 vuota

131 2226 228 2264 della
255 2234 368 2263 stessa
399 2240 432 2263 c.
468 2227 537 2267 174
556 2229 612 2264 B:
643 2229 722 2264 Ista
759 2229 929 2265 croniclza
957 2234 1009 2265 est
1034 2230 1240 2266 Benedusii
1266 2230 1418 2266 condam
1454 2231 1615 2267 Domini
1650 2232 1808 2268 Zuliani
1844 2232 1887 2267 de
1933 2232 1997 2267 Ve-

130 2307 222 2331 rona
236 2293 258 2331 ¹.
288 2296 354 2331 Pin
383 2295 478 2332 tardi
508 2308 657 2343 ancora,
686 2309 748 2333 ma
778 2297 877 2334 nello
905 2303 1023 2334 stesso
1051 2298 1194 2343 secolo,
1215 2297 1307 2335 altra
1328 2310 1442 2334 mano
1460 2301 1611 2335 scrisse:
1648 2300 1805 2336 Cronica
1833 2300 1999 2336 solemnis

128 2361 337 2398 abbreviata
365 2363 409 2399 de
438 2364 656 2400 cancellarie
683 2365 856 2401 Romana
884 2365 1083 2401 biblioteca.

217 2430 330 2467 Nella
359 2431 477 2479 prima
505 2433 606 2468 meta
634 2432 693 2468 del
724 2434 856 2469 secolo
886 2432 1035 2469 decimo
1066 2439 1197 2470 ottavo
1226 2434 1250 2470 il
1282 2434 1426 2470 Codice
1455 2446 1517 2470 era
1553 2436 1613 2483 gia
1650 2435 1746 2471 nella
1783 2436 1997 2473 Biblioteca

130 2497 166 2534 di
194 2498 326 2546 Parigi,
356 2497 455 2536 dove
483 2498 509 2534 11
539 2500 783 2536 benedettino
802 2501 988 2546 Martem,
1007 2500 1144 2537 allievo
1165 2501 1225 2537 del
1244 2502 1442 2547 Mabillon,
1462 2502 1549 2538 vide
1569 2503 1630 2539 nel
1650 2515 1778 2538 mezzo
1810 2503 1996 2540 dell’anno

135 2564 232 2601 1125
262 2565 298 2601 la
324 2572 501 2613 seguente
529 2572 634 2603 nota:
665 2567 728 2603 Ab
757 2567 819 2604 hoc
847 2568 922 2604 loco
949 2568 1161 2605 adiunctum
1189 2571 1243 2604 est
1268 2568 1353 2605 huic
1380 2570 1546 2606 chronice
1571 2575 1641 2618 per
1667 2571 1915 2606 Romoaldum
1942 2583 1993 2606 se-

129 2632 286 2668 cundum
314 2632 652 2682 Archiepiscopum,
683 2647 704 2670 e
732 2637 937 2682 sentenzib,
967 2649 988 2673 a
1016 2641 1117 2673 torto
1146 2637 1299 2673 insieme
1334 2637 1395 2673 col
1433 2637 1601 2683 Durand‚
1641 2638 1708 2674 che
1747 2637 1782 2673 la
1821 2639 1993 2675 Cronaca

129 2699 205 2736 fino
232 2700 267 2736 al
302 2699 394 2736 1125
423 2701 460 2737 fu
489 2702 616 2738 scritta
645 2701 1000 2740 dall’Arcivescovo
1028 2704 1244 2741 Romualdo
1272 2705 1290 2740 I
1320 2717 1340 2740 e
1369 2704 1395 2740 il
1423 2710 1523 2741 resto
1552 2705 1600 2741 da
1627 2705 1842 2742 Romualdo
1869 2704 1939 2742 11².

218 2944 226 2960 ¹
240 2945 347 2976 Questa
362 2948 471 2973 notizia
487 2949 517 2973 su
530 2948 597 2974 data
611 2949 798 2980 dall’Ammr,
813 2954 853 2982 op.
868 2951 922 2981 cit„
937 2959 964 2983 p.
978 2958 1029 2985 397
1089 2952 1258 2978 Casalorcio
1276 2953 1414 2986 risponda
1428 2954 1603 2978 all’odlerno
1618 2953 1785 2985 Casalorzo,
1799 2954 1829 2979 in
1842 2953 1993 2979 Dei-overe.

130 2995 157 3012 n.
176 2987 219 3018 62,
239 2988 273 3014 ne
292 2997 343 3014 ora
362 2997 412 3024 per
431 2991 555 3016 l’azione
575 2992 620 3016 del
635 2995 776 3025 reagente,
789 2993 839 3018 che
853 2991 928 3018 servi
942 3001 991 3027 per
1003 2994 1032 3019 la
1177 2993 1188 3011 ²
1207 2994 1360 3021 ΜΑκτὲΝΕ
1379 3003 1416 3020 ΕΤ
1436 2997 1576 3028 DunANx),
1598 2997 1774 3028 Amplissima
1796 2997 1926 3028 collectio,
1944 2996 1993 3026 1v,
2023 2999 2036 3026 5

129 3029 242 3062 lettura,
255 3030 271 3057 ὲ
284 3031 334 3066 pii:
347 3033 485 3066 possibile
500 3034 530 3059 di
544 3035 743 3060 controllarla.
782 3026 804 3060 ὲ
818 3036 968 3068 probabile
982 3037 1033 3062 che
1087 3037 1245 3068 Praefatio,
1265 3045 1291 3071 p.
1313 3045 1358 3063 111.
