2398 3470
0 927 1 948 ¹
37 917 52 927 ⁸
803 927 878 970 DE
917 927 1228 971 ETATIBUS

366 1314 522 1347 braicam
544 1313 730 1348 ueritatem
752 1314 848 1347 mille
871 1320 1058 1351 sexcentos
1074 1314 1330 1359 quinquaginta
1352 1324 1423 1354 seX,
1440 1315 1538 1363 juxta
1560 1314 1782 1358 septuaginta
1803 1325 1889 1348 uero
1905 1315 1958 1347 in-

365 1373 538 1412 terpretes
561 1366 632 1400 duo
655 1367 751 1400 milia
773 1366 944 1400 ducentos
960 1366 1193 1412 quadraginta
1215 1368 1320 1406 duom
1346 1367 1592 1412 generationes
1607 1378 1694 1401 uero
1709 1367 1807 1411 juxta
1828 1373 1960 1401 utram-

44 1424 64 1459 5
367 1432 435 1468 que
459 1421 650 1454 editionem
672 1431 817 1454 numero
841 1420 978 1460 decem,
1002 1431 1070 1465 que
1094 1421 1283 1454 uniuersali
1307 1426 1360 1454 est
1383 1421 1500 1455 deleta
1523 1420 1668 1462 diluuio,
1699 1421 1789 1454 sicut
1811 1421 1960 1465 primam

89 1477 256 1522 cujusque
279 1477 429 1512 hominis
454 1474 589 1508 obliuio
618 1475 825 1518 demergere
856 1474 1042 1508 consueuit
1064 1479 1192 1509 etatem
1205 1476 1228 1508 ¹.

183 1533 198 1550 “
211 1532 369 1565 Fuerunt
392 1529 472 1562 Noe
495 1528 558 1561 filii
579 1533 652 1560 tres
676 1537 720 1560 ex
742 1527 867 1571 quibus
890 1528 940 1560 ita
962 1532 1042 1561 sunt
1066 1533 1142 1561 orte
1165 1534 1300 1572 gentes.
1347 1528 1402 1562 De
1420 1528 1547 1572 Japhet
1563 1528 1777 1572 quindecim,
1794 1527 1839 1561 de
1858 1527 1960 1561 Chan

95 1585 111 1603 ⁸
122 1584 276 1629 triginta,
300 1585 345 1618 de
370 1583 453 1617 Sem
474 1591 591 1614 xxvn.
636 1580 720 1613 Sem
743 1591 852 1614 annos
876 1580 964 1614 duos
979 1586 1060 1624 post
1076 1581 1247 1614 diluuium
1263 1582 1384 1625 genuit
1398 1581 1560 1616 Arfaxad
1575 1593 1597 1615 a
1620 1593 1690 1626 quo
1707 1588 1786 1615 sunt
1798 1581 1958 1616 Chaldei.

9 1650 11 1666 ι
96 1638 112 1656 ⁸
123 1637 285 1671 Arfaxad
307 1636 430 1682 genuit
454 1635 570 1668 Salem
587 1645 608 1667 a
624 1644 694 1678 quo
718 1633 890 1668 Samarite
907 1641 943 1668 et
958 1634 1047 1667 Indi.
1095 1634 1213 1668 Salem
1235 1635 1357 1679 genuit
1378 1634 1511 1675 Heber‚
1528 1646 1548 1668 a
1564 1646 1633 1680 quo
1649 1635 1792 1669 Hebrei.
1839 1634 1960 1668 Heber

8 1668 12 1740 1¹
28 1690 68 1723 10
95 1691 111 1709 ⁸
123 1691 247 1736 genuit
268 1692 298 1724 F
299 1690 411 1730 alech,
435 1689 533 1722 cuius
555 1694 715 1732 tempore
738 1688 844 1721 turris
868 1688 1052 1722 edificatur
1067 1694 1102 1721 et
1117 1688 1313 1732 linguarum
1329 1688 1455 1722 diuisio
1471 1689 1526 1722 sit.
1558 1689 1598 1722 In
1614 1689 1690 1722 solo
1706 1689 1828 1722 Heber
1842 1688 1960 1732 prisca

9 1743 12 1768 Ι
94 1743 111 1761 “
125 1742 444 1786 τειιιειιιείτᾙιιςιια,
467 1741 551 1786 quia
570 1741 608 1773 in
630 1751 674 1773 ea
697 1740 955 1784 conspiratione
968 1751 1039 1774 non
1055 1740 1132 1774 fuit.
1178 1741 1303 1774 Turris
1326 1752 1413 1775 uero
1437 1742 1585 1775 altitudo
1601 1740 1672 1775 duo
1688 1741 1783 1774 milia
1804 1751 1958 1774 cnxxnn

8 1775 13 1844 i
98 1796 256 1830 ‘dicitur
277 1806 450 1839 passuum.
496 1795 598 1828 Hanc
621 1793 784 1827 Nebroth
807 1795 907 1838 gigas
930 1795 1134 1828 construxit.
1181 1795 1259 1828 Hac
1282 1800 1376 1829 etate
1401 1795 1586 1840 Scytarum
1601 1806 1750 1840 regnum
1765 1795 1876 1829 oritur
1898 1795 1960 1828 ubi

11 1845 14 1895 ξ
97 1850 257 1894 “primus
273 1850 432 1894 regnauit
447 1849 626 1882 Thannus.
671 1848 775 1881 Tunc
792 1854 828 1881 et
842 1858 990 1892 regnum
1005 1848 1228 1893 Egiptiorum
1245 1848 1304 1881 ubi
1319 1849 1452 1893 primus
1467 1850 1630 1894 regnauit
1644 1849 1776 1882 Thoes.
1821 1848 1959 1882 Dehinc

95 1904 111 1922 ¹‘
123 1913 269 1948 regnum
291 1902 526 1948 Assyriorum,
549 1902 610 1935 ubi
633 1901 766 1944 primus
788 1901 950 1945 regnauit
964 1902 1083 1942 Belus,
1100 1912 1203 1945 quem
1219 1901 1341 1935 dicunt
1357 1902 1544 1936 Saturnum
1561 1903 1718 1948 quidam;
1743 1901 1872 1935 deinde
1894 1902 1959 1935 Ni-

11 1939 66 1998 ιζ15
96 1957 189 1989 ‘nus
211 1955 272 2000 qui
294 1954 469 1990 condidit'
494 1955 670 1988 Niniuem.
716 1955 796 1988 Hoc
818 1960 978 1998 tempore
1001 1954 1180 1988 Abraham
1203 1955 1367 1995 nascitur,
1385 1961 1421 1989 et
1436 1962 1516 1998 post
1538 1961 1687 1990 mortem
1710 1956 1795 1989 Nini
1811 1966 1832 1988 a
1848 1955 1958 1989 Semi-
2036 1965 2114 1990 Mun„
2132 1967 2145 1986 s

14 2015 16 2056 g
96 2008 256 2042 ‘ramide
278 2009 401 2054 regina
423 2008 653 2041 rehedificata
675 2012 728 2041 est
743 2007 940 2048 Babilonia,
963 2007 1024 2041 ubi
1045 2009 1208 2052 regnauit
1230 2019 1340 2042 annos
1362 2007 1641 2053 quadraginta„¹
1643 2033 1652 2042 .

178 2062 344 2096 Secunda
366 2067 440 2095 etas
462 2072 484 2094 a
506 2061 586 2095 Noe
607 2072 717 2106 usque
741 2060 788 2094 ad
810 2061 966 2094 Abraam
982 2062 1227 2106 generationes
1240 2062 1341 2106 juxta
1355 2062 1558 2095 hebraicam
1573 2063 1757 2098 ueritatem
1774 2062 1958 2106 complexa

89 2115 224 2155 decem,
248 2126 357 2149 annos
379 2120 496 2149 autem
526 2115 696 2148 ducentos
727 2115 918 2159 nonaginta
948 2114 1078 2154 du0s³;
1109 2115 1216 2158 porro
1246 2116 1346 2160 juxta
1379 2116 1601 2160 septuaginta
1633 2116 1846 2160 interpretes
1874 2116 1956 2149 anni

87 2167 255 2202 unm‘.
301 2168 554 2202 Generationes
585 2178 672 2201 uero
702 2177 742 2200 Χι
766 2168 855 2201 haec
887 2178 973 2201 uero
1005 2168 1103 2211 quasi
1142 2168 1361 2212 pueritiafuit
1384 2169 1622 2212 generationis
1660 2169 1783 2213 populi
1820 2169 1899 2208 Dei,
1923 2175 1959 2202 et

17 2220 67 2267 220
87 2221 171 2256 ideo
193 2222 230 2255 in
251 2222 371 2266 lingua
392 2222 537 2254 inuenta
558 2226 611 2254 est
634 2220 786 2260 Hebrea‚
810 2231 831 2253 a
854 2221 1003 2264 pueritia
1025 2231 1176 2265 namque
1200 2221 1305 2255 homo
1328 2221 1454 2265 incipit
1476 2231 1579 2255 nosse
1601 2222 1710 2267 loqui,
1734 2232 1802 2266 que
1818 2221 1955 2256 idcirco
1975 2242 1984 2271 l
2033 2242 2046 2250 x

89 2274 263 2319 appellata
285 2281 348 2315 est,
372 2274 468 2319 quod
490 2274 559 2308 fari
582 2285 653 2308 non
674 2279 792 2318 potest
805 2273 827 2308 ⁵.
873 2273 932 2308 Ab
954 2274 1070 2308 Adam
1092 2274 1211 2319 itaque
1235 2285 1345 2320 usque
1369 2275 1415 2308 ad
1430 2274 1610 2313 Abraham
1624 2275 1723 2319 juxta
1737 2275 1955 2309 hebraicam'

129 1238 295 1431 p
352 1269 450 1294 RIMA
473 1259 594 1294 mundi
618 1265 693 1293 etas
720 1266 773 1294 est
796 1260 840 1294 ab
863 1259 979 1294 Adam
1007 1270 1117 1304 usque
1141 1260 1187 1294 ad
1210 1259 1393 1301 diluuium,
1416 1261 1600 1293 continens
1627 1270 1748 1300 annos,
1771 1261 1870 1305 juxta
1893 1261 1956 1294 he-
2032 1249 2140 1301 {fug-‚¹²7

177 2423 204 2450 4.
223 2416 313 2442 mima
329 2417 357 2442 B
373 2430 386 2437 -
403 2417 615 2450 generationes]
634 2417 834 2443 condiclonem
858 2417 881 2442 C
898 2431 930 2436 —
947 2421 1020 2449 7-15.
1040 2417 1067 2441 B
1083 2425 1098 2441 e
1114 2417 1138 2442 C
1150 2419 1264 2450 portuno
1282 2420 1372 2449 questo
1390 2418 1472 2442 bruno
1490 2417 1631 2451 vir-galato,
1650 2417 1696 2442 che
1715 2418 1747 2442 dt·
1762 2425 1839 2442 mano
1858 2417 1903 2442 del
1919 2425 1958 2442 se-

89 2457 142 2485 colo
161 2458 277 2484 111112
294 2461 360 2484 stato
378 2460 522 2492 riprodotto
540 2460 571 2485 in
590 2463 651 2485 nota
668 2459 819 2492 marginale
837 2460 867 2484 in
885 2460 910 2484 Α
930 2473 963 2478 -
983 2464 1008 2491 7.
1027 2460 1058 2484 {n
1080 2459 1103 2484 C
1118 2460 1145 2483 si
1161 2459 1197 2483 ha
1215 2459 1375 2492 qusst‘altra
1394 2459 1508 2485 lesione.-
1526 2461 1655 2486 Secunda
1674 2461 1736 2486 etas
1753 2467 1771 2486 a
1789 2459 1852 2486 Noe
1872 2466 1958 2493 usque

89 2498 293 2528 sd'Abx-aham.
327 2502 455 2528 Fuerunt
472 2501 533 2528 Noe
551 2503 605 2528 etc.
625 2515 660 2521 —
679 2502 704 2528 8.
723 2501 825 2535 xxvn]
838 2509 892 2528 xxx
915 2502 939 2527 C
954 2516 987 2521 —-
1007 2509 1035 2534 9.
1054 2502 1223 2535 Arphasaht
1240 2509 1254 2526 e
1272 2502 1365 2528 Salam
1384 2503 1428 2531 Β,-
1446 2510 1496 2527 om.
1520 2502 1544 2527 C
1559 2515 1573 2523 ·-
1590 2503 1664 2529 Eher
1682 2501 1743 2537 (sic)
1765 2502 1788 2527 C
1799 2516 1833 2521 —
1849 2509 1890 2528 10.
1909 2503 1959 2528 he-

88 2540 217 2568 due-tm·
238 2542 305 2568 0-
321 2550 362 2569 11.
382 2543 462 2569 milia
479 2544 506 2568 B
525 2557 558 2563 —
580 2550 621 2570 η.
641 2551 740 2578 passus
763 2544 808 2568 C·
821 2544 980 2570 Nembroth
998 2545 1025 2568 B
1043 2556 1056 2563 -
1073 2545 1176 2577 gigans
1199 2543 1266 2568 C—
1289 2551 1331 2577 13.
1351 2544 1481 2577 Thanus]
1503 2545 1620 2571 Chanus
1643 2544 1666 2569 C
1681 2552 1695 2569 e
1713 2544 1758 2569 nel
1775 2546 1909 2577 margine,
1928 2545 1961 2569 di

43 2588 57 2615 5
87 2590 164 2610 nano
175 2584 221 2610 del
235 2584 314 2611 secolo
325 2585 357 2610 X
360 2585 387 2611 V
388 2594 398 2611 .·
419 2586 551 2617 Thanusg
571 2586 694 2612 secondo
713 2587 803 2616 Bam,
823 2587 867 2612 De
885 2587 1064 2621 temporibus
1083 2586 1164 2618 liber,
1183 2589 1241 2618 cap.
1260 2586 1372 2616 XVIII,
1390 2586 1415 2611 il
1431 2594 1506 2611 nome
1523 2587 1646 2611 sarebbe:
1667 2587 1779 2612 Thai-us
1798 2595 1812 2611 o
1831 2587 1927 2612 Thera
1945 2600 1956 2606 -

86 2624 118 2652 ef
133 2634 183 2652 om.
206 2627 230 2652 C
245 2640 257 2647 -
277 2628 356 2662 prlua
373 2627 396 2652 C
411 2640 423 2647 -
441 2628 538 2654 Clloes
555 2628 579 2653 C
595 2642 628 2647 —-
650 2635 690 2662 14·
709 2630 877 2654 Axii-iorum
900 2629 924 2653 C
939 2642 952 2648 -
969 2629 1051 2661 prius
1075 2628 1098 2653 C
1115 2642 1148 2647 -
1172 2627 1260 2661 15·16.
1279 2629 1502 2654 Assemitamide
1521 2629 1544 2653 C
1562 2642 1594 2647 -—
1617 2633 1658 2661 17.
1677 2629 1822 2654 Abraham
1841 2629 1867 2653 B
1881 2629 1905 2654 C
1922 2643 1954 2648 —

91 2674 133 2703 ¹9.
150 2667 354 2696 Generaclonis
375 2670 399 2695 C
415 2683 448 2689 -
469 2676 512 2696 πο.
532 2670 659 2705 puericia
677 2671 704 2695 B
717 2670 740 2696 C
757 2684 769 2690 ·
789 2678 905 2697 noscere
923 2671 950 2695 B
963 2671 987 2696 C

16 2274 20 2303 ε

19 2344 21 2370 Ι

20 2416 22 2431 k

20 2548 26 2639 i

21 2645 26 2692 ἑ

23 2708 27 2738 ι

23 2772 28 2788 b

24 2797 29 2826 ι

173 2766 184 2786 ¹
200 2769 234 2795 In
252 2771 352 2802 que-ta
370 2771 464 2805 prima
482 2771 572 2804 parte,
586 2779 603 2797 ο
623 2771 751 2805 proemio
770 2771 814 2797 del
831 2771 987 2802 chronicon,
1044 2770 1058 2784 “
1069 2772 1238 2798 centeslmus
1251 2772 1504 2806 quinquagesimus
1517 2773 1611 2798 sextus
1621 2790 1645 2804 „.
1672 2771 1719 2798 Cf.
1738 2772 1875 2799 Sam-crus
1885 2773 1954 2797 Hm-

25 2827 28 2850 5
85 2815 106 2836 ι
127 2811 210 2844 copi·
233 2811 270 2837 ds.
294 2812 376 2844 Beda,
395 2813 438 2838 De
461 2814 620 2846 temporibus
646 2813 713 2838 liber
738 2813 862 2847 (Μιοιτιι,
887 2814 988 2841 Ραὶνσῐ.
1041 2821 1194 2846 κοιτγκυε,
1206 2814 1351 2847 Appendix
1363 2816 1400 2839 ad
1411 2815 1464 2840 div.
1477 2814 1670 2844 bibliothecam,
1684 2815 1853 2839 Abbreviatio
1871 2815 1953 2839 Chro-

42 2859 60 2878 ο
84 2851 145 2882 lat„
162 2853 219 2880 vol.
236 2853 371 2886 XC,‘eol‚
391 2854 454 2888 288)
473 2863 536 2889 cap.
549 2855 617 2881 XVI
629 2862 644 2880 e
656 2856 746 2887 XVII,
759 2856 898 2882 mutando
911 2857 988 2890 qual·
1041 2857 1115 2881 m‘cae
1133 2857 1165 2883 ln
1184 2858 1299 2888 Μιοιιε,
1318 2858 1419 2884 Patrol.
1438 2858 1498 2887 lat„
1518 2857 1574 2882 vol.
1594 2857 1696 2889 XXIX,
1715 2858 1768 2883 col.
1787 2858 1849 2890 871.

83 2891 251 2931 eis-'parda
269 2896 314 2921 nel
331 2897 437 2922 bruno:
458 2897 472 2911 ⁶
481 2904 552 2930 quae
577 2898 639 2922 tota
657 2898 745 2930 perlis:
770 2897 888 2930 diluvio,
914 2898 989 2924 sicut
1129 2897 1142 2915 ²
1160 2899 1271 2930 Questo
1289 2901 1380 2926 brano
1394 2901 1569 2934 interpolato
1584 2901 1636 2925 ner
1645 2900 1738 2925 codici
1750 2901 1777 2924 B
1789 2907 1804 2925 e
1820 2900 1844 2925 C
1854 2898 1869 2925 ὲ
1883 2900 1954 2925 rica-

85 2934 262 2964 “leuntiam
281 2945 405 2972 mergere
424 2940 496 2964 solet
514 2939 624 2965 oblivio
634 2957 659 2971 ,μ
696 2939 772 2965 Beda
785 2940 821 2965 ha
840 2941 986 2966 evidente·
1040 2942 1109 2967 vato
1130 2941 1166 2967 da
1178 2941 1263 2973 Beda,
1282 2945 1322 2974 op.
1333 2943 1389 2971 cit„
1408 2950 1470 2976 cap.
1484 2941 1592 2967 XVIII:
1608 2942 1622 2956 ¹‘
1633 2943 1676 2967 De
1690 2942 1812 2967 secunda
1823 2942 1917 2967 aetate
1927 2959 1952 2973 η.
1983 2951 2017 2971 20

85 2979 180 3004 nante
197 2986 280 3013 preto
300 2980 336 3006 ds.
348 2987 399 3006 san
412 2980 561 3007 Girolamo
576 2981 596 3006 11
608 2982 741 3007 concetto
754 2981 828 3008 della
842 2982 984 3009 divislone
1128 2981 1140 2999 ³
1160 2985 1251 3016 Bana,
1270 2987 1310 3016 op.
1330 2986 1387 3013 cit„
1406 2992 1466 3018 cap.
1487 2984 1564 3010 XVI.

84 3017 132 3045 dol
150 3020 254 3047 mondo
273 3021 304 3047 in
322 3022 364 3047 sel
383 3021 439 3054 eta,
453 3023 481 3048 dl
500 3023 548 3048 cul
566 3023 592 3048 la
611 3024 704 3057 prima
723 3031 758 3049 va
776 3023 813 3049 da
830 3023 942 3050 Adamo
957 3025 984 3050 al
1129 3024 1142 3042 ⁴
1162 3027 1254 3058 ΒηιιΑ,
1274 3029 1315 3059 op.
1333 3028 1391 3056 cit..
1410 3035 1471 3061 cap.
1490 3027 1581 3053 XVII.

44 3066 58 3094 5
85 3060 192 3089 diluvio
210 3070 225 3090 e
243 3065 328 3091 conta
340 3072 410 3100 pure
425 3064 438 3078 “
450 3072 581 3094 numerus
593 3072 734 3092 annorum
748 3063 911 3093 millesimus
924 3074 984 3093 sex-
1129 3067 1141 3084 ⁵
1162 3069 1252 3100 Bana,
1272 3072 1311 3103 op.
1331 3069 1388 3098 cit„
1407 3076 1468 3104 cap.
1489 3069 1565 3096 XVI.
