2398 3470
106 241 160 276 [Α.
177 242 204 271 c
231 241 389 275 ενι-355]
697 233 985 270 ROMUALDI
1014 232 1377 270 SALERNITANI

112 307 139 314 0-
140 306 486 314 ------------------------------------
489 307 493 310 ·
497 303 1895 313 .......................................................................................................................................................
1896 302 1958 310 n.—

105 364 207 397 pane,
231 354 360 387 deinde
377 354 453 386 aliis
470 353 630 387 omnibus
659 352 747 386 cibis
761 363 804 385 ac
822 353 962 395 potibus
977 353 1186 385 abstinendo
1201 352 1239 384 in
1254 358 1388 384 tautum
1404 351 1575 383 ieiunasse
1590 351 1799 394 perhibetur
1814 358 1851 383 ut
1867 351 1962 383 nulla

107 406 244 450 penitus
266 406 424 449 corporis
446 407 610 439 alimenta
632 405 846 450 percipiens,
868 406 943 438 sine
967 405 1061 438 omni
1083 405 1199 438 uictus
1222 404 1410 443 desiderio,
1432 404 1572 446 plenum
1597 404 1782 436 triennium
1808 404 1961 447 comple-

107 459 197 493 uerit
210 459 231 492 ¹.
257 459 338 498 Quo
359 465 518 502 tempore
542 460 720 504 Eugenius
741 469 834 508 papa
858 459 1017 492 decessit.

132 552 136 555 .
195 513 238 545 In
259 513 357 546 cuius
379 512 494 545 locum
518 511 786 545 Ualentinianus
819 511 987 544 diaconus
1012 522 1033 544 a
1055 511 1227 544 Romanis
1261 511 1395 543 electus
1418 516 1453 543 et
1484 516 1720 550 consecratus,
1755 511 1807 543 uis
1842 511 1963 543 decem

15 588 17 592 ι
43 566 62 599 5
108 575 244 598 menses
265 565 304 598 in
326 566 530 609 pontificatu
553 564 760 608 compleuit;
783 564 842 596 hic
866 570 981 596 autem
1004 564 1228 598 Ludouicum
1252 564 1433 596 coronauit
1455 564 1699 606 imperatorem
1713 563 1736 596 ².

195 617 276 657 Quo
299 618 371 652 uita
393 619 590 651 decedente
619 620 634 636 “
647 617 836 662 Gregorius
870 618 1052 661 presbyter
1076 617 1166 650 tituli
1188 617 1300 650 sancti
1334 616 1448 649 Marci
1472 627 1493 648 a
1516 617 1688 649 Romanis
1723 617 1867 656 electus,

113 673 127 690 ⁸
139 681 210 704 non
231 671 328 714 prius
349 682 443 715 papa
458 677 511 704 est
525 670 704 704 ordinatus
719 680 822 714 quam
841 670 975 713 legatus
989 670 1164 703 Ludouici
1179 670 1398 714 imperatoris
1413 669 1563 702 Romam
1579 670 1675 702 uenit
1699 676 1733 702 et
1758 669 1964 702 electionem

111 726 127 742 ⁸
139 724 261 767 populi
283 724 396 768 qualis
417 730 509 757 esset
532 723 744 757 examinauit
756 747 772 763 „
790 723 814 756 ³.

194 777 397 811 Ludouicus
413 781 527 810 autem
542 778 732 820 imperator
745 782 869 809 natura
887 777 1184 815 clementissimus,
1202 776 1358 821 quamuis
1373 776 1408 808 in
1424 776 1559 820 magnis
1574 776 1683 809 seculi
1699 776 1966 809 sublimitatibus

106 831 312 864 constitutus
334 837 426 863 esset
449 830 643 863 humilitate
667 836 783 863 tamen
808 829 911 862 altius
934 830 1119 869 eminebat,
1143 830 1203 874 qui
1225 830 1326 863 initio
1350 830 1401 862 sui
1425 829 1563 872 imperii
1588 839 1710 861 causas
1740 829 1965 862 ecclesiarum

106 882 266 928 diligenti
290 893 375 916 cura
397 889 626 926 pertractans,
650 882 828 916 constituit
851 890 889 915 ut
911 883 1040 916 Christi
1063 883 1212 916 ministri
1234 893 1305 915 non
1328 888 1443 915 essent
1465 882 1616 914 humane
1640 882 1802 914 seruituti
1825 881 1966 914 obnoxii

107 941 142 968 et
164 945 374 979 unaqueque
398 936 549 968 ecclesia
570 946 651 968 suos
674 934 820 969 haberet
842 941 1000 978 sumptus
1024 935 1165 968 uiuendi
1190 935 1429 973 communiter,
1454 945 1498 967 ne
1523 934 1670 967 alicuius
1686 935 1836 966 auaritia
1859 934 1963 966 mini-

105 989 209 1022 sterio
232 988 473 1022 ecclesiastico
497 989 543 1021 ad
557 989 738 1031 proprium
754 988 955 1021 abuteretur
971 996 1140 1032 questum,
1158 998 1224 1021 nec
1240 994 1384 1031 propter
1400 988 1556 1030 inopiam
1574 987 1687 1020 cultus
1703 987 1966 1031 negligerentur

14 1072 18 1075 .
106 1040 219 1074 diuini
243 1047 278 1074 et
299 1041 368 1074 hoc
393 1051 497 1084 opere
521 1041 657 1074 curauit
679 1041 837 1074 similiter
860 1047 895 1074 et
918 1040 989 1083 per'
1006 1041 1141 1084 singula
1157 1041 1306 1074 cenobia
1321 1041 1496 1074 ordinauit
1511 1040 1690 1083 stipendia
1705 1040 1966 1078 monachorum,

13 1119 15 1122 Α
45 1093 83 1126 15
105 1094 382 1138 elemosynarum
405 1094 507 1127 etiam
540 1094 726 1137 largitione
748 1094 971 1137 plurimarum
1009 1094 1073 1127 sed
1097 1101 1132 1127 et
1162 1105 1340 1128 seruorum
1362 1093 1494 1127 Christi
1522 1093 1720 1127 orationum
1755 1093 1965 1130 instantiam,

105 1146 229 1190 quibus
251 1157 388 1190 semper
410 1157 447 1180 se
470 1147 747 1186 commendabat,
771 1147 927 1191 quotidie
952 1148 1171 1180 diuinitatem
1194 1147 1260 1180 sibi
1283 1148 1425 1190 placare
1456 1146 1629 1180 studebat.
1676 1146 1746 1178 Hic
1777 1156 1868 1178 anno
1898 1145 1972 1177 eius

105 1200 242 1243 imperii
263 1200 379 1244 XVJ⁴
401 1200 593 1233 indictione
616 1200 711 1244 VIJ.,
727 1201 790 1233 sed
814 1207 850 1232 et
873 1211 963 1233 anno
988 1201 1163 1233 dominice
1187 1200 1438 1233 incarnationis
1460 1199 1703 1234 DCCCXXX.
1730 1200 1823 1242 apud
1838 1198 1966 1242 Aquis-

104 1263 249 1296 granum
284 1253 381 1287 iussit
415 1253 623 1297 congregari
656 1253 843 1297 synodum'
876 1255 1121 1297 episcoporum
1154 1254 1476 1297 catholicorumque
1499 1260 1535 1286 et
1565 1253 1781 1286 laudatorum
1813 1253 1964 1284 uirorum

105 1306 313 1339 clericorum
337 1316 380 1339 ac
403 1306 572 1339 laicorum
595 1313 741 1349 propter
763 1313 889 1340 statum
913 1313 1018 1350 atque
1042 1307 1225 1339 utilitatem
1251 1308 1344 1346 fidei,
1367 1307 1516 1339 maxime
1541 1306 1721 1350 regiminis
1736 1305 1965 1338 ecclesiarum

14 1361 81 1392 ’20
105 1359 183 1399 Dei,
205 1360 405 1402 presidente
430 1360 601 1403 Gregorio
624 1370 728 1403 papa,
752 1366 787 1393 et
807 1361 896 1392 inter
919 1360 1027 1393 multa
1050 1371 1117 1403 que
1141 1360 1229 1393 iuste
1256 1369 1290 1393 et
1313 1360 1370 1403 pie
1394 1360 1445 1393 ibi
1469 1365 1596 1393 statuta
1619 1365 1710 1398 sunt,
1734 1359 1770 1391 in
1795 1358 1966 1391 mandatis

19 1416 21 1419 ’
105 1413 286 1446 decretum
309 1419 362 1446 est
382 1418 421 1445 ut
455 1413 614 1456 episcopi
638 1421 673 1446 et
696 1413 817 1446 clerici
852 1414 1022 1456 pretiosas
1045 1414 1304 1458 exquisitasque
1340 1419 1455 1446 uestes
1478 1423 1521 1446 ac
1544 1413 1685 1450 sericas,
1722 1418 1782 1445 aut
1817 1412 1968 1445 bracteis

104 1467 217 1499 aureis
240 1477 301 1499 seu
324 1467 469 1510 gemmis
491 1467 594 1499 cultis
624 1474 784 1500 oneratas
821 1468 1049 1510 deponerent,
1085 1477 1152 1500 nec
1183 1468 1328 1500 ulterius
1363 1467 1491 1500 talibus
1526 1467 1741 1500 ornamentis
1772 1473 1965 1499 uterentur:

103 1520 261 1553 similiter
275 1525 310 1552 et
325 1521 479 1563 pretiosa
495 1520 647 1565 cingula,
662 1522 736 1554 siue
751 1520 950 1554 huiusmodi
966 1521 1120 1563 pretiosa
1135 1532 1178 1554 ac
1195 1522 1363 1554 deaurata
1379 1521 1621 1558 calciamenta;
1638 1527 1791 1553 monstro
1816 1529 1963 1562 namque

104 1573 206 1606 simili
229 1573 358 1606 dicitur
380 1579 416 1607 et
438 1573 628 1616 impietatis
652 1574 791 1607 crimini
816 1575 1012 1616 deputatur,
1037 1574 1066 1607 si
1085 1574 1324 1607 ecclesiastice
1341 1574 1472 1606 familie
1490 1575 1673 1617 deputatus
1690 1573 1843 1616 aspirare
1862 1582 1966 1605 cone-

40 1626 81 1659 25
106 1633 161 1659 tur
184 1626 230 1659 ad
251 1627 450 1660 huiusmodi
473 1637 603 1670 pompe
627 1627 794 1660 secularis
817 1627 964 1671 gloriam
979 1627 1000 1660 ⁵.

193 1679 298 1713 Anno
322 1681 498 1713 dominice
522 1681 772 1714 incarnationis
795 1681 1132 1724 DCCCXXXVIIJ‚
1157 1680 1349 1714 indictione
1373 1681 1421 1724 1J,
1447 1691 1573 1724 corpus
1597 1681 1689 1713 beati
1723 1680 1964 1714 Bartholomei'

104 1731 251 1774 apostoli
275 1732 320 1765 de
342 1732 472 1776 Lypari
496 1732 608 1765 insula
631 1732 668 1764 in
691 1732 932 1765 Beneuentum
957 1733 1159 1765 translatum
1184 1739 1248 1772 est,
1271 1733 1492 1775 principante
1516 1739 1600 1765 tunc
1624 1733 1662 1764 in
1687 1732 1808 1764 eadem
1826 1731 1969 1763 ciuitate

104 1783 252 1817 Sicardo
276 1784 397 1828 quinto
419 1785 487 1816 iam
511 1785 836 1818 Beneuentanorum
860 1785 1021 1827 principe
1045 1785 1116 1817 filio
1141 1785 1280 1818 Siconis
1302 1784 1472 1828 principis
1485 1783 1507 1818 ⁶.

30 1868 34 1875 ,
192 1837 298 1871 Anno
321 1837 495 1870 dominice
518 1838 766 1871 incarnationis
788 1838 991 1876 DCCCXL,
1015 1839 1208 1872 indictione
1233 1838 1302 1882 11J,
1324 1838 1533 1871 'Ludouicus
1548 1839 1739 1881 imperator
1763 1838 1850 1870 obiit
1874 1848 1965 1869 anno

36 1891 82 1922 30
105 1891 176 1922 uite
198 1901 260 1923 sue
282 1891 433 1934 LXIHJ,
456 1890 594 1934 imperii
616 1901 701 1923 uero
723 1891 878 1934 XXVIJ,
911 1891 1101 1935 Aquitanie
1137 1897 1250 1924 autem
1273 1891 1405 1934 prefuit
1429 1902 1492 1932 per
1524 1902 1630 1924 annos
1653 1891 1829 1935 XXXVJ,
1851 1891 1967 1933 sepul-

26 1939 31 1966 ἶ
105 1948 229 1987 tuaque
252 1950 304 1976 est
327 1944 434 1977 Metis
455 1944 491 1975 in
515 1943 658 1976 basilica
681 1944 793 1977 sancti
819 1944 991 1987 Arnulphi
1005 1943 1028 1976 ⁷.
1075 1944 1208 1977 Eodem
1232 1955 1323 1977 anno
1340 1945 1436 1977 facta
1452 1951 1504 1977 est
1519 1945 1668 1989 eclypsis
1684 1945 1766 1977 solis
1781 1944 1869 1976 feria
1886 1945 1968 1987 IIIJ,

104 2001 184 2030 ante
208 1997 446 2030 ascensionem
470 1997 622 2036 Domini,
646 1998 733 2030 hora
757 1998 827 2030 diei
852 2008 954 2035 nona,
979 1998 1021 2030 ΙΙ.
1053 2008 1162 2031 nonas
1185 1998 1293 2031 madii
1307 1997 1329 2031 ⁸.
1381 1998 1578 2031 “vertente
1603 1998 1707 2041 igitur
1731 2007 1822 2030 anno
1847 1998 1883 2029 in
1915 1997 1973 2029 die

19 803 24 811 ”
43 831 83 863 ιο

197 2146 221 2164 2.
241 2140 356 2172 plenum
375 2141 503 2165 triennio
525 2140 550 2165 0
566 2155 598 2160 -
619 2142 743 2174 imagnis
764 2143 788 2167 C
805 2155 838 2160 —-
861 2149 902 2167 10.
922 2142 953 2167 ln
973 2142 1062 2167 initio
1083 2143 1110 2167 B
1128 2150 1142 2167 e
1163 2143 1244 2168 Sasso
1264 2156 1297 2160 —
1320 2150 1359 2176 13.
1381 2143 1596 2176 neglegerentur
1618 2143 1641 2168 C
1659 2156 1691 2161 —-
1715 2147 1754 2174 15.
1780 2142 1969 2167 comendabat

108 2184 216 2209 cotidie
236 2185 260 2210 C
278 2198 298 2202 —
332 2183 372 2210 16.
391 2185 633 2218 eleemosynarum
654 2187 680 2211 B
699 2195 712 2210 e
734 2186 813 2211 Sasso
834 2199 866 2204 --
890 2185 969 2218 17—18
988 2186 1206 2219 Aquasgranum
1228 2188 1253 2213 C
1270 2200 1302 2205 —-
1323 2193 1365 2212 21.
1385 2187 1505 2212 bratteis
1525 2189 1617 2212 aureis
1637 2188 1661 2213 C
1674 2201 1705 2204 —
1721 2193 1763 2219 ²3·
1777 2187 1968 2211 calceamenta

110 2226 136 2251 B
154 2235 167 2250 ε
187 2226 267 2251 Sasso
288 2228 312 2252 C
329 2241 362 2244 —
389 2233 431 2260 24.
456 2227 607 2261 deputatus
629 2224 738 2253 familie
760 2229 783 2254 C
800 2242 833 2246 -
854 2227 895 2253 26.
910 2229 997 2253 Anno
1019 2229 1231 2254 incarnationis
1244 2229 1324 2254 uerbi
1338 2228 1572 2259 DCCCXXXIX,
1587 2231 1651 2255 C—
1664 2236 1706 2263 29.
1718 2229 1878 2254 indictione
1889 2228 1929 2253 111
1945 2230 1968 2253 C

107 2277 200 2294 manca
211 2282 244 2286 —
256 2275 299 2302 31.
312 2269 438 2294 Meti-iti·
452 2270 477 2295 C
489 2283 496 2288 -
511 2270 624 2295 Arnum
640 2271 663 2296 C
681 2285 713 2289 —
734 2277 776 2303 32.
796 2270 885 2302 Magii
909 2273 933 2298 C

43 2347 58 2375 5
196 2342 203 2359 ¹
223 2343 408 2376 Enurmus,
426 2345 555 2377 Annales,
573 2353 599 2370 a.
613 2345 645 2370 82
650 2354 663 2379 5
684 2354 699 2370 e
711 2346 832 2371 Annales
847 2347 1009 2380 Quedlibnr-

103 2393 212 2419 genus,
232 2386 290 2412 vol.
309 2387 358 2412 cit.
378 2387 433 2412 loc.
452 2388 502 2412 eit.

1066 2347 1150 2371 '‘ind.
1169 2346 1182 2371 1
1207 2353 1308 2380 corpus
1335 2346 1362 2372 S.
1388 2347 1565 2372 Bartolomei
1596 2347 1721 2380 apostoli
1751 2348 1784 2372 ad
1812 2347 1970 2372 Beneventi

1067 2387 1081 2401 ‘⁴
1093 2389 1188 2413 urbem
1209 2389 1379 2414 translatum
1392 2391 1436 2414 est
1455 2397 1505 2422 per
1523 2397 1624 2414 manus
1636 2407 1642 2414 .
1653 2406 1660 2414 .
1674 2409 1678 2414 .
1690 2407 1697 2415 .
1708 2407 1731 2421 η.
1752 2388 1799 2415 Cf.
1818 2388 1879 2413 Lao
1899 2388 1968 2414 Osr-

0 2551 80 2580 ἰο

48 2980 83 3001 ω

194 2426 206 2444 ¹
226 2429 258 2453 L.
278 2429 319 2457 Ρ..
338 2429 383 2460 Π.,
402 2428 461 2457 Qui
480 2429 514 2454 R.
528 2430 674 2455 accumula
687 2430 771 2456 molti
786 2430 1009 2455 errori=Valen-

106 2470 171 2495 tino
191 2470 290 2496 “sedit
309 2471 369 2496 dies
388 2471 463 2503 XL„
485 2480 499 2496 e
518 2471 669 2497 Ludovlco
690 2472 721 2497 fu
735 2475 875 2498 coronato
891 2474 1008 2507 impera-

105 2513 168 2537 tore
187 2512 222 2537 ἀι
242 2511 362 2538 stefano
382 2512 430 2538 111.
450 2513 496 2539 Cf.
516 2521 584 2546 pure
610 2514 795 2543 Emmanus,
811 2515 937 2544 Annales,
963 2523 1009 2540 an.

106 2553 172 2587 8172
199 2555 294 2580 all’an.
314 2561 380 2589 717¹,
408 2563 423 2581 e
453 2556 600 2582 Chrom'con
631 2557 657 2582 S.
688 2557 793 2588 Skopie.
814 2557 885 2582 Cod.
917 2558 1009 2584 Vatic.

107 2596 165 2627 lat„
184 2604 264 2630 4339,
282 2604 307 2622 c.
329 2604 361 2623 ιο
380 2598 416 2628 Α,
435 2598 532 2623 all’an.
552 2597 613 2631 817.

194 2637 206 2654 ³
222 2639 406 2669 Emuunus,
427 2641 555 2672 Annales,
576 2649 620 2666 an.
640 2640 703 2672 827.

193 2681 202 2697 ⁴
219 2682 305 2707 Anno
318 2681 393 2713 XVI,
405 2683 520 2716 Imperii
531 2683 605 2708 idest
618 2684 654 2708 ab
667 2684 755 2708 incar.
769 2682 1008 2714 DCCCXXVIII,

106 2723 271 2749 Ludovicus
290 2724 358 2750 Plus
377 2724 515 2759 placitum
536 2727 647 2750 tantum
667 2726 757 2750 edidtt
777 2725 953 2759 Aqui-grani
975 2727 1008 2751 de

107 2765 282 2790 celebrandis
301 2768 425 2798 quatuor
444 2767 595 2795 Conciliis.
616 2769 647 2791 ut
666 2773 702 2792 ex
714 2767 820 2792 Labbeo
839 2769 868 2792 et
886 2768 1008 2794 Balutio.

108 2806 178 2832 Cos)
198 2810 307 2833 anneta
326 2807 421 2834 Sasso.

196 2849 208 2866 ⁵
227 2850 411 2880 Eum-uanus,
431 2851 508 2876 Ann.
528 2853 576 2876 cit.
596 2859 642 2876 an.
662 2851 723 2884 830.

195 2891 208 2908 ⁵
227 2891 351 2922 ΡΑυιυΒ,
373 2894 544 2919 continuatio
569 2893 618 2924 111,
643 2894 718 2926 §7¹-
746 2895 803 2919 vol.
822 2895 872 2920 clt.
899 2903 925 2929 p.
955 2901 1004 2927 215

106 2934 229 2960 Annales
249 2935 443 2967 Beneventani,
463 2943 509 2961 an.
529 2935 591 2969 838,
611 2937 653 2962 M.
678 2936 708 2962 G.
721 2936 766 2967 A„
786 2931 901 2968 SS.111,
914 2945 941 2970 p.
958 2942 1006 2970 173

110 2977 255 3002 Οἰνοπίωνι
275 2978 395 3002 Cavense
414 2976 479 3010 838:
500 2976 584 3002 “Hoc
605 2985 681 3003 anno
702 2986 795 3004 mense
814 2982 936 3012 augusto
959 2987 1008 3013 per

1065 2430 1084 2462 1,
1100 2437 1149 2464 24:
1164 2430 1178 2445 “
1189 2431 1278 2456 Huius
1293 2432 1381 2456 tertio
1398 2433 1596 2456 ordinationis
1611 2439 1696 2461 anno,
1711 2432 1863 2465 superstite
1878 2431 1969 2456 adhuc

1067 2473 1203 2506 “prefato
1223 2473 1353 2508 principe
1366 2473 1514 2505 Slchardo,
1536 2482 1638 2508 corpus
1657 2474 1731 2499 beati
1753 2473 1878 2507 apostoli
1901 2474 1969 2498 Bar-

1066 2514 1249 2541 “tholomaei
1268 2515 1303 2540 de
1323 2516 1500 2550 Lyparitana
1519 2516 1616 2541 insula
1638 2517 1832 2541 Beneventum
1847 2517 1969 2541 transla-

1067 2557 1149 2582 “tum
1167 2560 1210 2583 est
1220 2576 1245 2590 ,,.
1265 2558 1312 2583 Cr.
1332 2566 1417 2591 pure:
1439 2560 1585 2584 Chrom'con
1601 2559 1812 2589 Salernitanum,
1827 2559 1840 2590 ἓ
1854 2565 1886 2593 7²
1901 2559 1969 2587 bis.;

1063 2600 1099 2625 D.
1117 2600 1288 2626 Awroruno
1312 2601 1425 2632 Ammo,
1442 2602 1544 2626 Brevis
1557 2602 1713 2627 dissertatio
1727 2602 1760 2626 de
1772 2605 1883 2626 servato
1897 2603 1971 2632 apud

1065 2642 1269 2667 Beneventanos
1278 2643 1307 2668 S.
1316 2643 1440 2674 Apostoli
1447 2643 1652 2668 Bartholomaei
1659 2647 1770 2675 corpore
1780 2643 1926 2676 (auctore),
1937 2645 1966 2668 in

1063 2682 1098 2709 R.
1116 2683 1302 2714 Srsmuasa,
1324 2685 1436 2710 Notizu'e
1448 2694 1462 2710 e
1475 2686 1569 2711 scritti
1579 2686 1678 2711 inediti
1689 2694 1704 2710 o
1716 2686 1780 2710 rari
1791 2686 1822 2711 di
1834 2687 1969 2711 Antonino

1062 2726 1164 2758 Amico,
1186 2727 1327 2758 Palermo,
1351 2726 1427 2761 1892,
1446 2735 1493 2760 pp.
1512 2733 1563 2760 325
1585 2735 1602 2752 a
1622 2727 1689 2760 358;
1710 2736 1724 2753 e
1743 2726 1776 2753 C.
1790 2728 1824 2753 A.
1838 2726 1968 2757 GARUFl,

1066 2770 1106 2794 Le
1125 2770 1188 2795 isole
1209 2770 1275 2795 solie
1295 2779 1312 2795 a
1337 2771 1476 2803 proposito
1496 2772 1542 2796 del
1568 2770 1581 2783 “
1596 2772 1793 2804 Constitutum„
1821 2773 1968 2797 dell'abaee

1064 2812 1208 2845 Ambracio
1219 2814 1266 2838 del
1272 2818 1345 2845 1095,
1367 2814 1449 2839 Studi
1457 2822 1470 2838 e
1482 2814 1613 2844 ricerclue,
1626 2814 1655 2839 in
1671 2814 1698 2838 A
1707 2823 1719 2838 r
1728 2822 1742 2838 c
1752 2815 1779 2839 h.
1793 2814 1811 2840 S
1820 2818 1840 2839 t.
1855 2822 1872 2848 p
1881 2822 1895 2839 e
1905 2824 1916 2839 r
1935 2816 1943 2839 l
1954 2824 1968 2840 a

1062 2853 1196 2879 Sicilla
1212 2854 1413 2887 Orientale,
1429 2862 1505 2888 1912,
1518 2863 1563 2881 an.
1577 2856 1625 2887 IX,
1637 2856 1850 2889 fasc.11,p.162
1864 2859 1932 2882 nota
1949 2865 1969 2882 1.

1151 2895 1162 2912 ⁷
1191 2897 1249 2922 Vita
1271 2898 1422 2923 Hludovici
1439 2899 1542 2930 imper„
1565 2906 1609 2923 sn.
1630 2898 1690 2931 840,
1711 2899 1768 2924 vol.
1788 2901 1847 2929 clt..
1862 2907 1887 2933 p.
1908 2900 1967 2932 648.

1062 2937 1095 2964 R.
1117 2938 1153 2964 da
1171 2947 1187 2964 a
1207 2938 1358 2965 Ludovlco
1377 2948 1414 2965 un
1435 2947 1513 2965 anno
1535 2949 1618 2966 meno
1637 2942 1667 2966 di
1687 2949 1785 2974 regno.

1152 2980 1162 2997 ⁸
1183 2982 1417 3007 Evidentemente
1437 2981 1479 3008 v'e
1493 2991 1530 3007 un
1545 2991 1646 3015 errore,
1663 2982 1764 3016 perche
1778 2983 1967 3014 Rmmarus,

1899 232 1968 268 159
1987 243 2103 266 Μυκ.,εε.
2114 244 2200 268 157-158

2011 456 2131 480 Eugem'ns
2147 456 2172 476 ΙΙ
2178 459 2201 481 p.

2056 484 2067 507 ἦ·
2083 483 2120 505 827

2020 510 2153 529 lr'alentinus
2165 511 2187 533 p.

2050 542 2086 556 an.
2104 537 2140 560 827

1897 617 1960 649 sed
1986 615 2115 639 Gregorius
2123 615 2200 640 llllp.

2019 648 2056 662 an.
2072 643 2162 666 8²7·⁸⁴4

2043 1055 2061 1068 ιτ
2079 1054 2117 1073 ¹9²
2136 1054 2149 1068 a

2043 1695 2064 1709 a.
2080 1690 2123 1713 838

2042 1842 2062 1855 c.

2005 1863 2132 1882 [udowicus
2154 1863 2204 1888 κἰηρ.

2018 1891 2029 1914 l>
2044 1895 2069 1914 19
2084 1890 2129 1909 iun,
2142 1892 2181 1913 ⁸4⁰

2000 2529 2031 2556 ²5

1998 2743 2034 2769 30

2000 2958 2030 2983 35
