2398 3470
146 256 204 277 uua
209 267 222 282 .,
235 259 270 277 ec.
280 257 343 281 47-48

263 611 283 626 c.
302 604 348 630 65b

262 1355 283 1370 c.
298 1350 347 1369 66⁴1

228 1404 305 1427 Mun..
320 1403 347 1428 48

263 2050 283 2066 c.
297 2043 350 2065 66b

329 2876 362 2895 ¹0
388 2874 433 2898 τος
443 2872 584 2906 (σώματος)
593 2874 734 2905 ἑξέβρατεν,
746 2875 794 2899 uzi
805 2873 872 2898 οὓτω
883 2874 972 2898 δεινῶς
982 2874 1138 2905 ὑδυρόμενις
1149 2873 1290 2907 τέθνηκεν’
1349 2874 1363 2888 ‘⁴
1373 2875 1405 2900 ta
1422 2869 1474 2908 egl,
1493 2875 1519 2899 ci
1538 2872 1574 2900 da
1592 2874 1617 2900 le
1635 2875 1732 2909 parole
1751 2875 1828 2900 nello
1847 2876 1936 2901 stesso
1950 2875 2035 2900 modo
2053 2881 2133 2900 come
2152 2881 2206 2900 son
2219 2874 2257 2899 ri-

386 246 433 281 44
970 240 1262 278 ROMUALDI
1290 235 1665 276 SALERNITANI
1937 243 1990 281 [A.
2005 255 2035 276 u.
2055 254 2080 275 ο.
2100 244 2253 283 757-7671

391 311 2256 327 Wfflfflm-—m——a———m—--oe——ss———Q—*m

382 379 484 412 Tunc
509 377 613 421 igitur
636 382 737 409 natus
761 381 813 408 est
836 374 993 407 Christus
1016 383 1157 406 romano
1182 372 1302 404 censui
1325 371 1441 404 statim
1465 371 1646 414 ascriptuS,
1670 377 1708 404 ut
1732 378 1833 405 natus
1857 378 1909 406 est
1922 372 1941 406 ¹.
1989 372 2093 406 Anno
2117 373 2257 417 imperii

382 431 516 476 augusti
539 430 675 463 XLVII
705 429 892 461 “Herodes
915 427 1036 460 morbo
1061 425 1303 459 intercutaneis
1327 423 1440 468 eque’z
1473 431 1507 457 et
1530 425 1742 458 scatentibus
1766 431 1837 458 toto
1862 436 2012 469 corpore
2042 426 2255 466 uulneribus,

388 489 402 504 ⁴⁴
416 483 655 517 miserabiliter
679 488 713 515 et
736 482 842 526 digne
866 481 1009 514 moritur
1022 479 1048 518 ³;
1065 491 1129 522 pro
1147 489 1215 522 quo
1232 478 1432 511 substitutus
1449 478 1493 511 ab
1509 477 1668 522 Augusto
1685 479 1774 512 filius
1791 479 1866 523 ejus
1881 478 2078 513 Archelaus
2097 480 2259 524 regnauit

388 542 403 557 ⁴⁴
417 539 517 571 annis
539 548 676 576 nouem,
700 537 792 569 idest
814 546 923 579 usque
941 535 984 567 ad
1000 533 1106 577 ipsius
1121 532 1270 576 Augusti
1286 533 1399 565 finem.
1445 528 1550 565 Tunc
1567 532 1659 565 enim
1676 543 1749 566 non
1764 533 1961 567 ferentibus
1984 534 2086 575 ultra,
2109 535 2174 567 sed
2197 544 2257 566 ac-

390 596 404 611 “
418 591 615 625 cusantibus
639 590 733 634 apud
757 590 952 634 Augustum
976 587 1195 620 ferocitatem
1220 587 1294 631 ejus
1309 586 1440 629 Judeis,
1457 586 1493 618 in
1509 585 1680 619 Biennam
1704 587 1817 620 Gallie
1839 586 1977 620 urbem'
2002 587 2202 632 relegatur⁴
2225 593 2260 621 et
2305 586 2324 620 5

388 650 402 665 “
416 647 461 679 ad
484 644 784 678 comminuendam
807 642 948 686 Judaici
972 640 1071 684 regni
1086 639 1290 683 potentiam,
1307 639 1596 683 insolentiamque
1617 640 1839 681 domandam,
1856 647 2020 684 quattuor
2035 642 2162 675 fratres
2185 641 2260 686 ejus

387 704 402 719 ‘⁴
416 711 479 744 pro
504 710 547 732 eo
571 704 647 731 sunt
669 698 864 730 Tetrarche
889 696 1006 734 creati,
1023 694 1182 727 Herodes
1199 693 1383 736 Antipater
1406 693 1518 726 Lisias
1542 699 1578 727 et
1600 694 1795 738 Philippus.
1844 694 2004 733 Quorum
2024 695 2208 739 Philippus
2223 700 2260 728 et

388 754 403 772 “
416 751 586 792 Herodes,
610 752 670 795 qui
693 749 840 793 Antipas
863 749 958 792 prius
982 746 1259 790 nuncupabatur,
1284 746 1391 779 etiam
1429 747 1571 779 uiuente
1601 746 1791 788 Archelao,
1823 748 2018 782 Tetrarche
2041 748 2183 782 fuerant
2205 758 2263 781 or-

387 807 402 823 “
416 804 524 838 dinati
536 828 567 844 „-

470 856 577 889 Cesar
601 860 713 887 autem
738 859 832 886 tanto
857 861 973 884 amore
998 850 1100 883 etiam
1123 850 1218 893 apud
1241 848 1416 882 Barbaros
1452 849 1534 890 fuit,
1557 855 1596 883 ut
1617 861 1719 894 reges
1740 851 1898 884 nonnulli
1927 851 1964 884 in
1994 852 2164 885 honorem
2186 851 2262 898 ejus
2287 851 2328 884 10
2375 855 2382 873 ’-

383 909 576 943 conderent
599 908 765 946 ciuitates,
789 917 874 949 quas
897 905 1064 938 Cesareas
1087 909 1271 936 uocarent:
1296 902 1401 936 sicuti
1423 903 1460 935 in
1490 903 1704 937 Mauritania
1720 915 1741 937 a
1755 915 1840 949 rege
1851 905 1942 949 Juva
1966 911 2001 938 et
2023 905 2059 938 in
2073 905 2261 944 Palestina,

379 974 446 1007 que
470 972 563 994 nunc
586 960 689 993 urbes
714 958 900 992 clarissime
924 962 1012 990 sunt.
1059 956 1104 988 Et
1127 955 1225 988 multi
1249 965 1352 1000 reges
1376 967 1420 988 ex
1444 957 1564 999 regnis
1579 956 1648 990 suis
1664 964 1848 997 uenerunt,
1865 964 1906 991 ut
1926 958 1959 991 ei
1975 958 2261 1002 obsequerentur.

382 1016 452 1049 Hic
477 1015 627 1058 denique
651 1013 779 1051 turbas,
803 1012 906 1051 bella,
930 1010 1146 1045 simulatione
1172 1016 1358 1043 execratus
1381 1015 1450 1042 est:
1476 1016 1512 1043 et
1535 1010 1600 1042 nisi
1621 1010 1720 1054 justis
1743 1011 1788 1044 de
1817 1011 1933 1045 causis
1954 1007 2143 1056 numquam
2166 1011 2263 1056 genti

383 1069 545 1112 cuiquam
568 1067 697 1101 bellum
720 1066 865 1098 induxit.
911 1063 1062 1096 Dicebat
1085 1059 1190 1095 enim:
1216 1063 1422 1106 imperatori
1446 1063 1539 1097 bono
1564 1065 1750 1108 quicquam
1774 1066 1888 1098 minus
1911 1077 2018 1110 quam
2035 1065 2264 1099 temeritatem

381 1131 592 1166 congruere3
617 1120 768 1163 satisque
792 1119 952 1152 celeriter
975 1117 1060 1157 fieri,
1085 1117 1253 1160 quicquid
1277 1118 1460 1150 commode
1484 1117 1628 1162 geritur.
1675 1118 1855 1163 Diligebat
1878 1126 2048 1162 preterea
2063 1118 2263 1163 Virgilium,
2289 1116 2327 1151 15
2373 1125 2375 1130 ·

381 1177 616 1219 Flaccumque
639 1180 771 1217 poetas.
818 1173 915 1216 Erga
938 1171 1032 1204 cives
1056 1171 1321 1204 clementissime
1344 1170 1563 1204 uersabatur.
1610 1172 1650 1204 In
1685 1172 1807 1205 amicis
1841 1173 2108 1206 liberalissimus
2138 1173 2263 1213 extitit,

382 1240 526 1273 quorum
548 1228 708 1272 precipui
733 1226 777 1259 ob
801 1225 1066 1259 taciturnitatem
1098 1230 1133 1257 et
1163 1224 1370 1257 modestiam
1401 1231 1501 1257 erant
1531 1224 1702 1269 Agrippe.
1750 1226 1867 1259 Rarus
1902 1226 2042 1270 quidem
2075 1227 2120 1260 ad
2142 1226 2260 1270 perci-

380 1284 527 1326 piendas
549 1280 760 1318 inimicitias,
785 1279 831 1312 ad
853 1278 1052 1311 retinendas
1076 1277 1246 1310 amicitias
1269 1278 1581 1317 constantissimus,
1608 1278 1807 1312 liberalibus
1829 1280 1962 1319 studiis,
1986 1280 2172 1323 presertim
2189 1280 2261 1314 elo-

382 1336 535 1381 quientie
559 1336 596 1368 in
619 1340 750 1368 tantum
774 1332 991 1370 incumbens,
1014 1338 1052 1364 ut
1074 1331 1204 1363 nullus'
1229 1342 1320 1374 pene
1343 1331 1521 1365 laberetur
1546 1332 1641 1372 dies,
1667 1343 1736 1377 quo
1761 1344 1830 1378 non
1847 1334 1991 1378 legeret,
2008 1334 2189 1373 scriberet,
2205 1333 2264 1366 uel

384 1390 604 1424 declamaret.
650 1387 769 1426 Auxit,
793 1385 998 1428 ornauitque
1022 1385 1173 1418 Romam
1197 1384 1358 1418 edificiis'
1383 1385 1511 1425 multis,
1529 1385 1595 1418 isto
1612 1386 1768 1430 glorians
1791 1386 1902 1420 dicto:
1933 1387 2058 1420 Urbem
2075 1387 2264 1421 lateritiam
2286 1387 2330 1420 20
2368 1404 2369 1411 κ

381 1444 508 1488 reperi,
532 1452 761 1475 marmoream
784 1440 938 1483 relinquo
948 1438 970 1472 ⁵.
1010 1439 1091 1472 Fuit
1113 1438 1214 1479 mitis,
1238 1445 1368 1483 gratus,
1392 1439 1506 1473 ciuilis
1538 1440 1656 1479 animi,
1681 1440 1745 1473 sed
1769 1440 1892 1484 lepidi,
1918 1447 1990 1474 toto
2021 1451 2170 1484 corpore
2185 1440 2263 1485 pul-

382 1499 468 1531 cher
489 1497 552 1530 sed
574 1495 683 1529 oculis
705 1495 825 1538 magis,
850 1504 953 1537 quam
977 1493 1070 1526 acies
1093 1492 1362 1525 clarissimorum
1385 1493 1550 1538 syderum
1573 1494 1691 1534 modo,
1717 1500 1752 1527 et
1777 1500 1954 1538 tamquam
1981 1495 2062 1528 solis
2085 1495 2262 1529 radiorum

381 1551 553 1585 uibrabat:
578 1559 644 1582 nec
668 1554 784 1582 tamen
808 1554 923 1580 tantus
946 1547 1001 1579 uir
1030 1546 1122 1579 uitiis
1154 1546 1281 1585 caruit;
1313 1546 1379 1580 fuit
1410 1547 1502 1579 enim
1533 1548 1713 1590 paululum
1744 1548 1938 1592 impaciens
1968 1549 2095 1583 leuiter
2124 1549 2263 1583 iracun-

381 1605 456 1645 dus,
481 1603 616 1637 occulte
639 1602 811 1640 inuideas,
834 1601 950 1644 palam
974 1600 1152 1633 factiosus.
1199 1600 1310 1633 Porro
1336 1601 1539 1635 dominandi
1571 1612 1677 1645 supra
1707 1613 1812 1645 quam
1836 1603 1986 1636 estimari
2017 1608 2134 1646 potest
2163 1603 2262 1646 cupi-

380 1658 549 1696 dissimus,
573 1655 746 1690 studiosus
770 1655 846 1687 alee
869 1655 974 1687 lusor.
1021 1654 1180 1697 Cumque
1203 1660 1294 1686 esset
1318 1653 1399 1694 cibi,
1423 1665 1466 1687 ac
1489 1655 1562 1687 uini
1586 1655 1732 1700 multum
1755 1655 1963 1699 aliquotiens
1988 1656 2104 1690 alacer
2120 1655 2255 1700 sompni
2279 1653 2324 1688 25

381 1712 565 1750 abstinens,
589 1708 762 1743 seruiebat
785 1715 901 1741 tamen
924 1706 1062 1740 libidini
1086 1717 1195 1751 usque
1220 1708 1265 1741 ad
1287 1707 1454 1751 probrum
1477 1708 1632 1752 uulgaris
1656 1709 1761 1743 fame.
1811 1709 1972 1754 Cumque
2007 1715 2097 1744 esset
2127 1708 2261 1744 luxurie

380 1765 546 1805 seruiens,
570 1769 644 1796 erat
667 1769 785 1796 tamen
808 1762 965 1807 ejusdem
989 1761 1064 1794 uitii
1086 1761 1324 1794 seuerissimus
1346 1762 1450 1795 ultor.
1496 1761 1600 1796 Anno
1624 1763 1807 1806 nxx[x]vr1
1823 1763 1895 1797 uite
1916 1775 1978 1797 sue
1995 1764 2172 1810 ingressus
2187 1763 2262 1797 No-

382 1820 450 1852 lam
472 1818 593 1852 morbo
617 1816 756 1856 interiit,
780 1815 918 1849 cunctis
932 1815 1040 1859 uulgo
1058 1814 1300 1848 clamantibus:
1330 1815 1471 1849 Utinam
1494 1821 1555 1849 aut
1576 1828 1642 1849 non
1664 1822 1871 1851 mcsccrctur
1893 1822 1957 1851 aut
1972 1829 2037 1850 non
2052 1820 2257 1851 moreretur.

381 1874 506 1917 Neque
523 1871 614 1905 enim
631 1870 738 1903 facile
761 1869 851 1902 ullus
875 1879 928 1908 eo,
953 1875 1011 1902 aut
1034 1868 1068 1901 in
1093 1868 1194 1902 bellis
1218 1869 1359 1902 felicior
1381 1869 1461 1910 fuit,
1484 1876 1544 1903 aut
1567 1870 1601 1902 in
1626 1881 1713 1913 pace
1731 1868 1961 1905 moderacior.
2010 1870 2261 1916 Quadraginta

384 1932 545 1971 quattuor
577 1924 686 1964 annis,
717 1923 843 1967 quibus
874 1922 967 1956 solus
989 1922 1095 1966 gessit
1117 1922 1317 1966 imperium,
1343 1923 1542 1956 ciuilissime
1565 1925 1663 1958 uixit.
1710 1925 1750 1958 In
1775 1925 1911 1959 cunctis
1933 1924 2200 1964 liberalissimus,
2222 1925 2260 1958 in
2283 1925 2327 1958 30
2358 1952 2360 1954 ,

385 1980 513 2013 amicos
535 1978 764 2017 fidelissimus,
788 1987 876 2020 quos
899 1976 1004 2009 tantis
1028 1976 1147 2009 euexit
1171 1975 1371 2016 honoribus,
1395 1982 1433 2010 ut
1455 1987 1518 2009 suo
1542 1988 1634 2021 pene
1652 1984 1799 2021 equaret
1814 1978 1968 2022 fastigio,
1981 1977 2049 2012 sub
2065 1979 2134 2012 hoc
2149 1977 2261 2022 polle-
2355 1973 2357 1975 ’

387 2033 474 2066 bant
496 2032 668 2075 sapientes
692 2030 857 2074 insignes,
880 2029 1073 2076 Uirgilius,
1087 2029 1269 2068 Salustius,
1292 2029 1425 2068 Libius,
1450 2030 1642 2071 ostensius,
1666 2031 1819 2071 Gratius,
1842 2030 2116 2072 Athe'nodorus,
2144 2031 2260 2065 Thar-

385 2096 473 2126 seus,
502 2091 538 2118 et
554 2085 666 2118 Sicius
688 2083 956 2116 Alexandrinus.
1003 2082 1191 2125 Imperauit
1213 2089 1327 2116 autem
1352 2083 1459 2117 Cesar
1481 2083 1660 2128 Augustus
1683 2085 1781 2118 annis
1797 2095 1860 2118 Lvr
1876 2084 2063 2119 duodecim
2080 2095 2160 2118 cum
2184 2083 2259 2117 An-

383 2140 488 2178 tonio,
513 2138 743 2183 quadraginta
767 2148 824 2170 1111
848 2137 951 2170 solus.
999 2137 1071 2176 Qui
1096 2142 1191 2170 certe
1215 2148 1403 2181 numquam
1426 2137 1639 2181 Reipublice
1663 2138 1709 2172 ad
1732 2149 1770 2172 se
1793 2138 1985 2182 potentiam
2006 2138 2180 2179 traxisset,
2203 2144 2261 2172 aut

382 2193 513 2226 tamdiu
537 2203 579 2225 ea
601 2192 779 2235 potiretur,
802 2191 868 2235 nisi
891 2190 1026 2234 maguis
1049 2197 1170 2223 nature
1195 2196 1230 2223 et
1253 2191 1448 2225 studiorum
1472 2191 1572 2224 bonis
1589 2191 1798 2226 abundasset
1811 2191 1823 2209 ⁶
1846 2192 2116 2236 Rempublicam
2132 2192 2260 2226 beatis-
2282 2190 2325 2226 35
2355 2215 2357 2217 -
2385 2219 2388 2220 γ

384 2246 505 2278 simam
535 2244 692 2288 Tyberio
715 2243 908 2276 successori
930 2242 1093 2286 reliquid,
1118 2242 1177 2286 qui
1211 2243 1392 2287 priuignus
1416 2243 1459 2283 ei,
1483 2254 1565 2277 mox
1587 2254 1708 2288 gener,
1739 2250 1918 2287 postremo
1949 2244 2138 2288 adoptione
2168 2244 2260 2278 filius

385 2300 515 2337 fuerat3
529 2298 677 2341 satisque
694 2297 848 2340 prudens
865 2296 900 2328 in
915 2296 1030 2337 armis,
1046 2296 1212 2340 satisque3
1225 2296 1423 2330 fortunatus
1439 2303 1519 2331 ante
1536 2303 1709 2341 sumptum
1727 2298 1909 2341 imperium
1924 2297 1988 2331 sub
2004 2297 2164 2342 Augusto
2179 2298 2258 2339 tuit,

383 2358 421 2385 ut
442 2362 511 2385 non
534 2351 707 2384 immerito
730 2349 943 2393 Reipublice
967 2349 1163 2383 dominatus
1192 2349 1224 2383 ei
1249 2350 1524 2384 committeretur
1547 2342 1904 2386 sI-IDCCCCLXVII.

472 2469 528 2497 4-5.
540 2464 736 2489 accusantibus
753 2463 776 2487 C
786 2476 818 2481 —
832 2461 859 2489 6.
875 2463 1038 2497 potenciam
1057 2462 1083 2486 B
1097 2462 1120 2486 C
1131 2475 1164 2480 —
1181 2469 1223 2488 ιο.
1236 2463 1328 2488 eciam
1346 2463 1374 2487 B
1386 2463 1410 2488 C
1421 2463 1453 2482 ¹—-
1470 2470 1511 2497 ¹3·
1525 2471 1679 2497 numquam
1697 2464 1720 2489 C
1732 2478 1765 2483 —
1782 2471 1823 2497 14.
1837 2465 1943 2491 indixit
1960 2464 1984 2489 C
1995 2478 2026 2484 -
2044 2469 2085 2497 15.
2098 2464 2220 2491 comode
2236 2464 2261 2489 C

385 2522 418 2527 -
440 2507 481 2534 16.
500 2509 531 2533 in
549 2509 649 2534 amicis
667 2508 693 2532 B
714 2521 745 2526 —
767 2507 808 2533 18.
826 2507 969 2533 lnlmicias
987 2507 1013 2530 B
1027 2506 1049 2531 C
1061 2521 1092 2525 —
1111 2506 1203 2540 18-19.
1215 2507 1379 2540 eloquencie
1395 2508 1462 2532 C—
1477 2514 1519 2533 20.
1533 2508 1691 2534 declinaret
1708 2509 1753 2534 C·
1772 2509 1930 2535 latericiam
1948 2510 1975 2534 B
1988 2509 2011 2534 C
2021 2522 2056 2528 —
2070 2515 2113 2535 21.
2131 2510 2259 2544 repperit

388 2551 411 2575 C
427 2564 461 2569 —
481 2557 524 2576 22.
541 2552 584 2576 set
606 2550 629 2574 C
645 2563 656 2569 -
674 2552 809 2582 tanquam
833 2549 856 2573 C
872 2562 904 2567 —
926 2555 970 2581 23.
989 2548 1075 2574 viciis
1093 2549 1120 2573 B
1133 2549 1156 2573 C
1173 2561 1184 2568 -
1204 2549 1369 2582 impancene
1393 2550 1418 2574 Α
1443 2563 1476 2568 -
1497 2557 1541 2583 ²4·
1565 2549 1705 2576 facciosus
1723 2551 1785 2576 AB
1804 2565 1837 2570 —
1857 2557 1900 2583 25.
1925 2552 1970 2577 ale
1993 2551 2095 2577 eluxor
2116 2551 2142 2576 A
2160 2563 2174 2571 -
2196 2551 2257 2577 alu.-

384 2600 431 2618 cer
447 2593 474 2617 B
493 2606 527 2611 —
546 2597 589 2624 27.
606 2593 675 2618 vicii
699 2592 722 2616 C
737 2606 771 2610 —
791 2591 835 2618 28.
849 2591 971 2616 morltur
988 2590 1013 2615 A
1031 2604 1065 2610 --
1085 2597 1128 2624 29.
1142 2591 1318 2617 moderatior
1335 2592 1362 2616 B
1375 2591 1399 2616 C
1414 2605 1448 2611 —
1462 2598 1505 2624 3²·
1519 2593 1689 2619 Hortensius
1701 2594 1727 2618 B
1746 2607 1758 2613 -
1778 2593 1910 2620 Ordicius
1928 2593 1988 2627 (sic)
2006 2594 2031 2619 A
2044 2607 2076 2613 —
2091 2593 2257 2628 135.an-

383 2635 477 2660 desset
498 2635 521 2659 C
537 2649 570 2654 —
591 2635 634 2666 38.
652 2635 787 2660 inmerito
811 2634 834 2658 C

475 2701 484 2719 ¹
504 2703 641 2735 Onosrus,
662 2703 711 2735 VI,
731 2709 774 2735 22,
800 2701 861 2735 5·63
888 2710 904 2728 a
929 2703 958 2728 al
985 2703 1071 2728 solito
1097 2703 1171 2728 salta
1194 2703 1293 2729 alcuni
1440 2702 1451 2720 ⁶
1469 2704 1639 2732 Svaromus
1659 2707 1873 2738 Tamqunws
1894 2704 1976 2738 (ediz.
1989 2705 2155 2732 Ludovicue
2167 2705 2258 2737 Rott„
2287 2709 2318 2738 ις

387 2745 509 2779 periodi.
1349 2746 1449 2781 Lipsia
1471 2747 1550 2782 1886)
1570 2749 1659 2774 Divus
1676 2749 1825 2782 Augustus,
1851 2756 1879 2783 p.
1906 2753 1949 2780 50,
1976 2753 2020 2781 51,
2044 2748 2122 2774 dice=
2142 2747 2258 2774 “....ut
2351 2755 2354 2757 ’

474 2786 486 2804 ²
505 2788 596 2813 Morbo
615 2788 755 2813 intercutis
773 2796 852 2820 aque,
871 2788 964 2813 scrive
984 2788 1068 2813 Beda.
1350 2789 1437 2815 “iure
1455 2791 1494 2815 sit
1511 2790 1661 2823 gloriatus,
1682 2798 1870 2816 marmoream
1890 2798 1920 2816 se
1939 2790 2095 2824 relinquere
2112 2797 2198 2823 quam
2216 2789 2258 2815 la·
2343 2800 2366 2822 4*

474 2828 485 2846 ³
505 2830 628 2863 ιΗρώδης
647 2830 744 2863 ϋδρωπι
763 2831 895 2863 συπχεδεὶς
909 2831 1055 2862 σκώληκας
1070 2830 1121 2855 ἀπὸ
1137 2833 1182 2855 τοῦ
1196 2832 1291 2862 στόμα·
1349 2831 1363 2846 “
1373 2831 1504 2857 tericiam
1523 2832 1680 2865 accepisset
1689 2850 1713 2864 η,
1727 2840 1774 2858 ma
1787 2832 1869 2858 Sesto
1883 2832 2004 2858 Aurelio
2018 2832 2142 2863 vittate,
2155 2831 2191 2858 cf.
2206 2839 2257 2857 no-

387 2916 419 2940 in
437 2916 589 2947 Eusamus,
608 2919 646 2948 op.
666 2918 722 2945 cit„
741 2916 810 2942 ediz.
830 2916 889 2947 cit„
909 2924 936 2950 p.
955 2915 1016 2948 368.
1346 2916 1431 2941 ferite
1452 2915 1486 2941 da
1505 2923 1533 2948 a,
1552 2917 1587 2942 ed
1606 2917 1705 2948 anche,
1718 2917 1749 2942 in
1769 2916 1863 2942 alcuni
1881 2917 1974 2949 tratti,
1992 2916 2029 2943 da
2047 2916 2165 2942 Pam-us
2182 2916 2257 2942 Du·
2285 2925 2339 2945 πον

478 2955 490 2972 ⁴
509 2957 594 2987 Idem,
611 2958 664 2982 loe.
683 2959 732 2984 cit.
751 2957 903 2991 Ἀρχέλαες
927 2958 1062 2983 Ἰουδκιτυν
1083 2958 1204 2989 βασιλεὺς
1225 2959 1291 2990 μετὰ
1347 2965 1452 2989 cos-us,
1471 2959 1509 2985 M.
1530 2958 1564 2984 G.
1584 2959 1619 2985 H.
1638 2960 1743 2991 Aue-r„
1761 2958 1798 2990 11,
1821 2965 1948 2985 120-121.

389 2998 416 3023 θ’
429 2998 475 3031 ἐτη
494 2999 542 3031 τῆς
561 3000 646 3032 ἀρχῆς
664 3000 703 3024 εις
723 3000 812 3031 βιαναν
831 3000 908 3025 πόλιν
922 2999 1057 3025 Γαλατίας
1077 3000 1220 3034 (Γαλλίας)
1240 3000 1289 3028 ὑπὸ
1437 2998 1449 3016 ⁶
1467 3001 1583 3027 sax-rus
1601 2994 1900 3033 Amanus'vicroa,
1924 3000 2046 3034 Epirotae
2070 2999 2130 3034 (De
2153 3001 2210 3033 pita
2230 3003 2257 3026 ee

389 3040 513 3074 Ρωμαίων
532 3041 695 3074 ἐξοριζεται,
1347 3043 1464 3068 moribus
1480 3043 1673 3076 imperatorum
1691 3043 1872 3068 Romanorum
1889 3045 2012 3076 excerpta
2036 3050 2070 3069 ex
2091 3043 2170 3069 libris
2193 3042 2253 3079 etc.)
