2398 3470
228 1853 250 1867 a.
265 1846 292 1867 C.
309 1848 347 1871 380

184 1879 204 1894 e.
219 1879 241 1894 ι.
257 1879 279 1894 u.
296 1879 347 1898 1¹3²

326 2636 358 2654 10

326 2846 355 2871 Ι5

990 226 1280 263 ROMUALDI
1307 225 1675 264 SALERNITANI
1943 231 2029 268 [ΛΑ.
2048 232 2084 262 c.
2103 233 2257 268 svo-aso]

406 358 636 391 “multimoda
659 357 808 396 actione,
831 358 881 390 ad
900 369 1001 390 unum
1014 357 1107 401 fidei
1126 361 1211 402 opus
1234 368 1271 390 se
1294 357 1462 401 redigunt
1486 358 1530 390 ad
1558 357 1714 390 militiam
1739 364 1989 401 cogerentur„
2013 357 2180 396 nolentes,
2195 367 2259 400 per

400 412 569 451 tribunos,
593 417 628 443 et
654 410 779 444 milites
809 410 959 444 fustibus
988 411 1086 456 jussit
1117 411 1276 444 interfici.
1325 410 1485 449 Quorum
1516 411 1695 444 innumera
1725 411 1909 445 multitudo
1939 422 2003 454 per
2034 417 2149 444 uastas
2174 417 2259 444 tunc

398 465 528 509 Egypti
550 464 753 497 solitudines
776 465 899 502 effusa,
922 464 1064 497 martirii
1088 464 1268 497 consecuti
1289 470 1369 496 sunt
1391 464 1552 506 palmam,
1576 475 1617 498 ac
1641 474 1705 507 per
1728 464 1879 508 singulas
1900 463 2028 508 ubique
2051 463 2259 507 prouincias,

399 518 565 550 aduersus
589 517 782 550 catholicas
805 518 982 555 ecclesias,
1007 523 1042 550 et
1065 524 1159 550 recte
1184 517 1267 549 fidei
1298 517 1448 560 populos
1479 517 1616 550 diuersa
1647 523 1725 549 sunt
1746 517 1844 550 illata
1866 517 2090 551 incommoda
2101 515 2124 550 ¹.
2174 518 2189 534 ⁴⁴
2203 517 2259 549 In-

404 572 418 588 “
431 576 527 604 terea
556 571 593 603 in
623 569 748 603 Atrice
777 570 934 612 partibus
965 570 1112 603 Firmius
1143 580 1228 609 sese,
1260 570 1417 603 excitatis
1447 570 1650 603 Maurorum
1680 569 1853 613 gentibus,
1884 579 2003 614 regem
2034 569 2258 608 constituens,
2306 568 2324 601 5

402 626 416 642 ‘⁴
429 623 604 663 Africam,
626 623 942 667 Mauritaniamque
965 624 1123 657 uastauit.
1170 624 1303 657 Contra
1318 634 1420 666 quem
1436 623 1654 656 Theodosius
1669 623 1875 662 Theodosii,
1891 623 1951 666 qui
1967 629 2045 666 post
2061 622 2096 655 in
2111 623 2258 665 imperio

403 679 418 695 “
431 677 510 717 fuit,
534 683 646 720 pater,
663 687 684 709 a
700 677 949 710 Valentiniano
973 677 1104 716 missus,
1128 677 1257 709 effusas
1282 677 1484 710 Maurorum
1507 683 1632 721 gentes
1650 676 1765 709 multis
1780 676 1902 719 preliis
1917 676 2037 720 fregit,
2053 676 2167 719 ipsum
2182 675 2258 708 Fir-

403 731 536 763 “mium
559 731 723 763 afflictum
746 736 781 763 et
805 740 1007 773 oppressum
1033 730 1078 764 ad
1101 737 1246 774 mortem
1271 730 1409 774 coegit3
1433 731 1494 773 qui
1516 736 1699 773 postquam
1723 729 2022 772 experientissima
2037 729 2259 772 prouidentia

400 786 415 802 ⁴⁴
430 784 590 818 Africam
613 783 872 826 composuisset,
888 783 1085 816 stimulante
1108 783 1253 823 inuidia,
1267 783 1381 827 jussus
1396 794 1417 815 a
1440 783 1592 816 Valente
1616 783 1790 822 interfeci,
1808 788 1890 825 aput
1907 781 2131 826 Cartaginem
2147 781 2259 824 bapti-

400 837 500 870 “zari
523 837 559 869 in
583 837 819 870 remissionem
841 842 1068 879 peccatorum
1091 836 1305 880 preoptauit:
1331 847 1373 869 ac
1397 842 1474 879 post
1498 847 1602 879 quam
1624 842 1878 869 sacramentum
1901 835 2030 869 Christi
2053 839 2260 868 consecutus
2285 835 2324 868 10

401 893 415 909 “
428 897 490 932 est,
513 890 708 934 percussori
731 890 822 923 ultro
843 890 1000 934 jugulum
1024 890 1186 933 prebens,
1203 890 1354 933 gloriosa
1370 896 1481 923 morte
1499 889 1665 923 occubuit
1677 889 1699 923 ².
1747 890 1801 922 Ea
1817 894 2023 932 tempestate
2039 898 2136 933 gens,
2160 887 2258 921 Hun-

399 947 413 963 “
427 955 552 978 norum
574 943 634 977 diu
656 945 694 976 in
717 943 888 977 excelsis³
912 945 1049 977 seclusa
1072 944 1261 983 montibus,
1284 944 1468 987 repentina
1491 943 1588 977 rabie
1611 944 1748 986 percita
1764 943 1891 976 exarsit
1907 944 1943 975 in
1961 943 2103 981 Gothos,
2128 952 2257 986 eosque

399 1001 413 1017 “
426 998 571 1042 sparsim
595 997 819 1031 conturbatos
842 998 887 1031 ab
912 998 1061 1041 antiquis
1084 997 1227 1030 sedibus
1251 998 1394 1040 expulit.
1441 997 1547 1031 Gothi
1570 998 1714 1030 transito
1745 996 1908 1030 Danubio
1931 996 2119 1040 fugientes,
2143 1006 2163 1029 a
2186 994 2258 1029 Va-

397 1055 411 1070 “
425 1053 518 1086 lente
542 1052 615 1084 sine
639 1062 812 1084 armorum
837 1051 1067 1094 depositione,
1093 1062 1134 1084 ac
1151 1052 1225 1084 sine
1242 1051 1314 1083 ulla
1328 1051 1462 1085 federis
1476 1051 1642 1094 pactione
1658 1051 1810 1093 suscepti
1825 1057 1915 1083 sunt.
1960 1050 2098 1083 Deinde
2114 1054 2259 1092 propter

398 1104 694 1139 “intollerabilem
725 1105 907 1138 auaritiam
937 1104 1083 1137 Maximi
1113 1105 1224 1144 ducis,
1254 1105 1348 1137 fame
1380 1111 1415 1138 et
1437 1105 1586 1137 iniurie⁴
1618 1105 1736 1137 adacti
1759 1104 1794 1136 in
1826 1115 1922 1137 arma
1945 1109 2138 1147 surgentes,
2159 1102 2257 1136 uicto

397 1162 411 1178 “
425 1159 584 1192 Ualentis
608 1158 776 1197 exercitu,
801 1168 864 1201 per
886 1158 1051 1191 Traciam
1073 1168 1149 1190 sese
1174 1158 1494 1197 miscentes„simul
1520 1158 1637 1191 omnia
1661 1157 1817 1196 cedibus,
1841 1157 2026 1195 incendiis,
2057 1156 2257 1200 rapinisque

396 1215 411 1231 ‘⁴
424 1213 601 1246 fuderunt.
649 1211 785 1250 Quibus
810 1211 961 1255 cognitis
982 1211 1114 1244 Ualens
1137 1211 1329 1245 Antiochia
1351 1222 1521 1255 egressus,
1544 1222 1624 1244 cum
1648 1212 1815 1244 aduersus
1839 1211 1973 1244 Gothos
1989 1210 2178 1243 exercitum
2194 1219 2256 1252 pa-

392 1268 406 1284 “
421 1271 524 1305 raret‚
549 1272 584 1299 et
606 1266 727 1299 ultima
749 1265 900 1298 infelicis
924 1265 1008 1298 belli
1032 1270 1127 1298 sorte
1151 1266 1359 1305 traheretur,
1391 1265 1470 1298 fera
1500 1265 1638 1308 peccati
1669 1265 1869 1308 penitencia
1896 1265 2030 1304 ductus,
2061 1263 2259 1306 episcopos,

395 1323 629 1363 “ceterosque
652 1325 791 1352 sanctos
815 1319 975 1352 reuocari
999 1319 1043 1351 de
1068 1318 1172 1351 exilio
1203 1319 1388 1362 imperauit
1401 1318 1422 1351 ⁶.
1470 1319 1630 1362 Denique
1662 1318 1870 1351 lacrimabili
1903 1329 1983 1351 cum
2014 1317 2139 1351 Gothis
2162 1315 2256 1350 bello

395 1376 410 1393 “
424 1373 607 1407 commisso
621 1372 644 1414 ⁸,
667 1373 778 1415 primo
802 1372 916 1405 statim
938 1373 1070 1415 impetu
1094 1373 1290 1405 Gothorum
1313 1372 1513 1415 perturbate
1536 1382 1755 1405 romanorum
1780 1371 1934 1414 equitum
1958 1377 2070 1403 turme
2086 1370 2181 1403 nuda
2195 1380 2257 1413 pe-
2280 1370 2323 1403 20

396 1429 410 1445 ‘⁴
423 1428 533 1460 ditum
558 1426 743 1459 deseruere
766 1425 934 1468 presidia:
959 1436 1040 1458 mox
1060 1425 1217 1469 legiones
1232 1426 1391 1468 peditum
1407 1425 1566 1468 undique
1583 1425 1739 1469 equitatu
1754 1424 1903 1457 hostium
1920 1424 2036 1457 cincte
2053 1433 2094 1457 ac
2109 1423 2258 1466 primum

395 1483 410 1499 ‘⁴
422 1480 570 1513 nubibus
593 1479 794 1524 sagittarum
819 1478 953 1518 obrute,
978 1479 1107 1511 deinde
1126 1489 1205 1512 cum
1223 1485 1378 1512 amentes
1393 1485 1488 1512 metu
1503 1479 1649 1521 sparsim
1664 1489 1729 1521 per
1744 1478 1848 1511 deuia
1864 1483 2084 1522 cogerentur,
2100 1476 2257 1510 funditus

395 1536 409 1552 “
422 1545 502 1567 cese
526 1533 653 1577 gladiis
677 1533 858 1576 contisque
881 1532 1137 1575 insequentium
1150 1531 1160 1549 ⁷
1185 1532 1334 1575 periere.
1382 1533 1461 1575 Ipse
1486 1532 1676 1575 imperator
1700 1542 1779 1565 cum
1802 1531 1927 1575 sagitta
1950 1531 2098 1571 saucius,
2120 1540 2256 1565 uersus-

394 1590 409 1606 “
423 1597 491 1631 que
515 1586 550 1619 in
573 1588 694 1631 fugam
719 1595 802 1629 egre
827 1586 862 1617 in
887 1586 1065 1619 cuiusdam
1096 1585 1216 1618 uillule
1249 1596 1331 1618 casa
1362 1586 1567 1629 deportatus
1590 1586 1725 1626 lateret,
1749 1585 1793 1618 ab
1816 1584 2079 1628 insequentibus
2102 1583 2258 1619 hostibus

393 1641 658 1684 “deprehensus
680 1639 840 1684 subiecto
864 1639 945 1683 igne
971 1646 1197 1682 consumptus
1220 1645 1273 1672 est
1287 1638 1330 1679 „⁸.
1378 1639 1446 1672 Hic
1471 1640 1621 1683 denique
1644 1638 1847 1682 petentibus
1880 1639 2016 1678 Gothis,
2045 1644 2083 1671 ut
2106 1637 2159 1671 eis
2182 1637 2256 1681 epi·
2278 1636 2320 1671 25

387 1705 513 1738 scopos
535 1694 697 1733 mitteret,
721 1704 742 1726 a
765 1693 892 1738 quibus
916 1693 1072 1738 regulam
1096 1693 1294 1726 Christiane
1318 1694 1402 1726 fidei
1425 1693 1643 1736 susciperent
1655 1693 1676 1725 ⁹.
1704 1693 1835 1726 Valens
1858 1693 2022 1726 doctores
2045 1692 2091 1724 ad
2104 1700 2175 1725 'eos
2187 1690 2256 1724 Ar-

386 1749 476 1781 riani
506 1748 678 1791 dogmatis
710 1747 866 1780 miserat:
900 1747 1019 1786 Gothi,
1048 1746 1219 1790 siquidem
1250 1746 1359 1790 prime
1384 1747 1468 1780 fidei
1492 1747 1697 1787 rudimenta,
1721 1757 1788 1789 que
1812 1755 1997 1789 accepere,
2021 1741 2254 1779 tenuerunt10.

386 1803 485 1846 Justo
507 1802 624 1846 itaque
648 1801 714 1834 Dei
737 1801 868 1845 judicio
893 1800 937 1834 ab
961 1800 1029 1833 illis
1052 1800 1134 1844 igne
1159 1807 1332 1834 crematus
1356 1807 1419 1840 est,
1443 1811 1530 1844 quos
1554 1801 1629 1843 ipse
1651 1800 1799 1843 perfidie
1822 1811 1883 1833 sue
1906 1799 2093 1833 accederat
2114 1798 2206 1842 igne.

485 1855 578 1888 Anni
603 1855 744 1888 Domini
768 1854 999 1888 CCCLXXX
1016 1860 1051 1886 et
1079 1854 1147 1887 “ab
1171 1854 1257 1887 urbe
1276 1855 1419 1888 condita
1434 1854 1649 1888 MCXXXII
1666 1854 1850 1888 Gratianus
1865 1865 1940 1886 cum
1954 1853 2081 1898 fratre
2099 1852 2254 1886 Ualenti-

392 1911 406 1927 “
419 1910 521 1942 m‘ano
545 1909 617 1941 XL
639 1908 684 1941 ab
707 1907 878 1952 Augusto,
895 1913 975 1950 post
992 1913 1138 1940 mortem
1163 1908 1333 1946 Ualentis,
1351 1919 1411 1942 sex
1428 1908 1526 1941 annis
1550 1908 1732 1951 imperium
1755 1908 1878 1946 tenuit,
1895 1907 2051 1950 quamuis
2063 1905 2254 1950 jandudum
2277 1905 2321 1938 30

392 1965 518 1996 “antea
532 1973 610 1995 cum
626 1967 750 2005 patruo
763 1961 924 1999 Ualente,
939 1967 974 1994 et
990 1971 1069 1993 cum
1082 1961 1332 1994 Ualentiniano
1349 1962 1458 1994 fratre
1473 1967 1638 2005 regnaret
1651 1960 1705 2001 „¹¹.
1731 1962 1917 1995 Gratianus
1931 1961 2049 2003 itaque
2066 1959 2254 1992 admodum

383 2016 530 2060 juuenis,
561 2026 640 2048 cum
671 2015 936 2048 inestimabilem
967 2014 1222 2047 multitudinem
1253 2015 1404 2048 hostium
1435 2015 1588 2048 romanis
1617 2015 1767 2048 infusam
1800 2014 1924 2047 finibus
1947 2018 2119 2052 cerneret,
2137 2013 2254 2058 *fretus

386 2069 517 2104 Christi
540 2069 708 2112 potentia,
726 2068 831 2113 longe
855 2068 978 2111 impari
1001 2068 1147 2101 militum
1163 2078 1307 2101 numero
1330 2079 1406 2102 sese
1431 2069 1583 2102 ostendit
1598 2067 1632 2108 ¹²,
1650 2074 1685 2102 et
1709 2069 1875 2102 continuo
1899 2068 1994 2110 apud
2009 2066 2254 2111 Argentariam

2284 1101 2321 1136 15

476 2204 500 2222 ι.
518 2197 636 2222 accione
659 2196 682 2220 C
699 2210 708 2215 -
728 2195 868 2221 miliciam
885 2197 908 2221 C
919 2209 951 2214 --
973 2202 997 2220 2.
1010 2198 1182 2229 pervastano
1202 2196 1229 2220 la
1249 2203 1266 2220 ο
1277 2194 1319 2225 su
1333 2196 1382 2227 poi
1398 2196 1530 2228 aggiunta
1547 2197 1578 2220 in
1596 2203 1609 2220 s
1621 2209 1655 2215 —
1670 2202 1694 2228 5.
1707 2196 1738 2220 in
1753 2195 1860 2221 Affiica
1871 2195 2001 2229 partibus
2019 2201 2112 2219 muca
2129 2193 2160 2219 in
2177 2192 2205 2218 B
2216 2206 2250 2212 —-

384 2239 438 2275 ⁷³⁸·
457 2239 613 2264 Firmmum
632 2238 656 2262 a
673 2238 749 2262 Sasst
767 2251 800 2256 —
819 2237 844 2263 8.
856 2238 1057 2271 expertissima
1069 2238 1093 2262 A
1104 2237 1131 2262 B
1149 2251 1181 2256 —
1201 2246 1227 2271 9.
1240 2238 1387 2262 stimulate
1410 2237 1433 2262 C
1450 2251 1459 2256 -
1479 2237 1664 2271 Cartaginem
1677 2238 1703 2261 B
1722 2252 1754 2256 —
1778 2245 1818 2263 11.
1837 2244 2002 2271 percussore
2024 2236 2056 2265 C,
2075 2235 2251 2270 persecutori

383 2281 406 2309 il
424 2282 500 2306 Sasst‘
512 2295 545 2300 —
562 2288 601 2314 14.
615 2280 802 2314 deposicione
819 2279 843 2304 C
851 2294 884 2298 ———
903 2286 942 2312 15.
955 2280 1169 2305 intolerabilem
1182 2279 1209 2304 B
1227 2294 1259 2298 -—
1276 2279 1317 2305 16.
1329 2280 1361 2303 di
1374 2281 1466 2312 prima
1479 2287 1556 2304 mano
1568 2280 1690 2305 Valente
1705 2280 1732 2304 B
1745 2293 1776 2298 —-
1792 2279 1833 2305 18.
1848 2280 2011 2313 penitencia
2029 2279 2052 2304 C
2062 2293 2094 2297 —
2111 2286 2151 2312 19.
2165 2278 2250 2304 lacri-

384 2324 500 2349 mabilis
523 2323 546 2348 C
556 2337 589 2342 —
603 2330 646 2348 πο.
658 2323 828 2348 turmenuda
851 2322 874 2347 C
884 2336 917 2340 —
931 2329 973 2347 21.
988 2323 1022 2347 de
1041 2329 1151 2347 servere
1169 2322 1196 2346 B
1214 2335 1223 2340 -
1243 2323 1404 2354 equitatum
1421 2321 1445 2346 G'
1461 2336 1493 2340 —
1508 2328 1549 2354 ²3·
1562 2323 1744 2354 sequencium
1762 2322 1785 2346 C
1796 2337 1828 2340 —
1843 2329 1885 2355 ²4·
1905 2323 2009 2347 laceret
2021 2322 2048 2346 B
2062 2336 2093 2340 ——-
2108 2328 2150 2355 ²9·
2163 2320 2251 2346 Anno

389 2366 414 2391 G
428 2380 439 2385 -
457 2367 562 2399 graius
585 2366 609 2390 C
625 2380 658 2384 -
678 2373 720 2399 30·
739 2372 771 2390 vr
795 2365 819 2389 C
835 2378 867 2383 —
889 2371 931 2398 3²·
951 2365 1140 2390 estimabilem
1160 2365 1187 2388 B
1205 2378 1238 2384 —
1259 2371 1300 2398 33.
1320 2362 1355 2389 X¹
1378 2364 1401 2388 C
1417 2377 1428 2383 -
1448 2365 1582 2398 potencia
1606 2364 1629 2389 C
1644 2378 1656 2384 -
1675 2365 1771 2398 inpari
1795 2365 1818 2389 C

476 2457 483 2475 ¹
502 2467 522 2484 R
541 2459 703 2494 interpola:
723 2459 737 2473 ⁴¹
749 2460 882 2484 nolentes
901 2460 953 2484 etc.
966 2476 988 2491 „.
1026 2458 1069 2483 Da
1089 2457 1215 2489 Pauus,
1235 2458 1291 2483 loc.

386 2503 443 2532 clt.‚
464 2502 630 2527 omettendo
649 2501 726 2535 pero,
741 2502 837 2535 dopo:
851 2503 865 2517 “
876 2501 971 2531 effusa,
990 2501 1197 2535 praecipueque
1215 2501 1291 2534 apud

387 2544 401 2558 ⁰
410 2544 537 2569 NitrIam
548 2561 571 2575 „-

1436 2457 1447 2473 ⁸
1465 2458 1589 2489 murus,
1609 2458 1656 2489 XI,
1675 2465 1721 2484 xz:
1743 2459 1898 2492 “Denique
1918 2459 2093 2485 lacrimabili
2113 2466 2177 2484 cum
2190 2457 2257 2483 Go-'
2278 2463 2313 2482 20
2354 2452 2360 2458 ’

1346 2501 1359 2515 ¹¹
1370 2501 1429 2526 this
1447 2501 1526 2526 bello
1545 2503 1699 2527 commissa
1710 2519 1732 2533 ῃ.
2061 2501 2065 2504 ’

1433 2541 1445 2558 ⁷
1465 2542 1605 2575 Onosnts,
1620 2543 1680 2575 VH,
1696 2551 1738 2578 33,
1752 2553 1784 2577 4:
1799 2543 1812 2557 ⁴¹
1827 2546 2025 2576 insequentum
2039 2544 2189 2577 conthque
2202 2549 2248 2577 pe-

475 2585 486 2602 2
505 2586 595 2611 Tutto
614 2586 637 2611 il
657 2586 747 2611 brano
766 2584 782 2611 ὲ
801 2586 919 2619 copiato
940 2585 976 2610 da
1002 2585 1140 2616 Onosms,
1160 2584 1221 2616 VII,
1248 2591 1290 2618 33,
1345 2585 1358 2600 ⁸
1369 2587 1481 2610 rierunt
1492 2603 1515 2617 η.

387 2637 400 2661 5
421 2636 438 2653 a
458 2635 482 2662 7,
502 2628 709 2661 interpolando
728 2628 827 2662 parole
846 2635 860 2652 e
880 2628 950 2652 frasi
970 2627 1005 2652 da
1025 2627 1149 2658 mes,
1163 2627 1210 2658 XI,
1225 2634 1290 2652 vm.

475 2669 486 2686 ³
506 2671 631 2700 PAULUS,
651 2670 699 2702 XI,
712 2677 742 2702 x,
756 2670 792 2695 da
805 2671 850 2695 cui
865 2677 884 2695 R
898 2670 981 2703 copia
995 2669 1074 2694 dice:
1095 2669 1109 2683 “
1119 2670 1255 2695 inacessis
1267 2687 1288 2700 „.

475 2711 487 2728 ⁴
507 2713 652 2746 Aggiusto
671 2712 691 2736 l’
701 2712 715 2726 ¹¹
724 2712 817 2737 esurIe
827 2727 841 2742 „
856 2712 901 2737 dei
915 2710 1020 2736 Codici
1034 2711 1065 2736 di
1077 2718 1105 2741 R,
1119 2718 1173 2736 con
1189 2710 1203 2725 ⁶¹
1214 2712 1289 2736 iniu-

387 2754 400 2768 “
411 2755 452 2779 rie
463 2772 476 2786 ,‚
498 2755 612 2779 lezione
631 2754 661 2779 di
681 2753 820 2786 Onosms,
840 2753 901 2784 VH,
921 2761 964 2787 33,
986 2760 1016 2778 11
1036 2753 1087 2778 che
1112 2760 1132 2777 n
1151 2752 1237 2786 coplo
1257 2754 1288 2778 in

385 2799 485 2829 questo
505 2799 597 2830 punto
616 2797 675 2821 sno
695 2804 710 2821 a
731 2797 932 2828 “fuderunt„‚
951 2803 1005 2830 pur
1024 2795 1168 2829 seguendo
1188 2796 1234 2820 nel
1248 2803 1287 2820 re-

386 2840 431 2864 sto
450 2838 576 2870 ΡΑυωε,
595 2838 644 2870 XI,
662 2846 683 2864 x
702 2837 740 2872 (p.
763 2838 833 2872 187).

473 2880 484 2897 5
505 2881 642 2910 oxomum,
662 2880 723 2911 VII,
743 2888 786 2914 33,
807 2887 839 2906 12
859 2880 937 2905 dice:
959 2879 1089 2905 “Valens
1108 2887 1235 2913 egressus
1255 2879 1289 2904 de

385 2924 399 2937 ⁸
410 2924 572 2949 Antiochla
592 2931 655 2948 cum
675 2923 779 2948 ultima
797 2923 926 2948 infelicis
946 2922 1015 2947 belli
1030 2924 1107 2948 sorte
1119 2922 1288 2954 traheretur,

385 2966 397 2977 ⁴⁴
411 2973 472 2990 cum
493 2967 604 3000 peccati
624 2966 743 2991 maximi
763 2965 943 2998 poenitensss
958 2965 1122 2990 stimulatus
1136 2965 1287 2998 episcopos

386 3011 397 3022 ⁹
409 3010 574 3040 ceterosque
594 3010 710 3034 sanctu·
729 3008 858 3033 revocari
878 3007 911 3032 de
929 3007 1021 3032 exilio
1042 3008 1195 3040 imperavit
1206 3024 1231 3040 „-

1432 2626 1443 2643 ⁸
1461 2627 1548 2658 IDEM,
1568 2629 1622 2654 loc.
1643 2630 1701 2660 cit„
1721 2636 1739 2654 R
1758 2632 1864 2655 omette
1884 2630 1906 2654 il
1926 2631 2017 2655 resto:
2041 2628 2054 2642 ‘¹
2067 2631 2094 2655 et
2113 2636 2170 2662 quo
2190 2635 2248 2654 ma·

1343 2671 1355 2683 ¹¹
1367 2670 1412 2702 gis
1430 2670 1629 2695 testimonium
1650 2674 1702 2696 etc.
1717 2691 1738 2704 η.

1431 2710 1443 2727 ⁹
1462 2711 1587 2742 Psums,
1612 2712 1660 2743 XI,
1683 2720 1725 2743 x1‚
1745 2714 1822 2739 d1ce=
1848 2714 1974 2746 “quibus
2000 2713 2065 2738 fidel
2083 2713 2246 2738 rudimenta

1344 2754 1357 2768 ‘⁴
1368 2756 1545 2787 susciperent
1555 2772 1581 2788 „-

1421 2794 1443 2812 ¹⁰
1463 2795 1602 2827 Onosxus,
1629 2797 1690 2829 Vn,
1717 2805 1757 2831 33,
1789 2805 1835 2832 19:
1854 2797 1970 2823 “Gothi
1989 2798 2097 2832 prImae
2115 2797 2183 2823 fidei
2203 2805 2246 2823 ru—

1345 2837 1358 2851 “
1370 2839 1497 2865 dimenta
1517 2840 1594 2872 quod
1614 2847 1746 2874 accepere
1764 2842 1917 2866 tenuerunt
1927 2857 1950 2872 ,,.
1986 2839 2010 2865 11
2030 2841 2123 2865 resto=
2143 2839 2245 2866 “Iusto

1345 2879 1357 2893 ¹⁴
1370 2881 1489 2913 itaque„
1511 2880 1526 2906 ὲ
1545 2882 1664 2915 coplato
1683 2882 1719 2907 da
1738 2882 1864 2912 Pau-Lus,
1883 2883 1938 2908 loc.
1958 2883 2006 2907 cit.

1421 2921 1441 2938 ¹¹
1461 2922 1548 2954 IDEM,
1568 2923 1629 2954 VH,
1650 2931 1692 2956 34,
1714 2931 1737 2949 1.

1420 2963 1443 2981 ¹¹
1463 2965 1587 2997 PAULus,
1613 2966 1661 2997 XI,
1686 2972 1754 2998 xxxx,
1780 2967 1830 2991 che
1854 2973 1873 2991 n
1892 2967 1985 2999 copia,
2005 2966 2080 2991 dice:
2099 2965 2244 3002 (numero

1344 3007 1426 3032 “sese
1445 3008 1476 3032 in
1495 3007 1607 3033 hostem
1628 3008 1707 3033 dedit
1719 3026 1741 3040 ῃ.

2276 2671 2308 2699 ²⁵

2273 2887 2308 2914 30
