2398 3470
164 227 219 263 [Α.
238 227 272 256 c.
291 227 364 261 56³]
696 219 982 257 ROMUALDI
1010 217 1376 258 SALERNITANI

175 291 1971 305 -----------------------------------------------------------------------------------------------------------------------------------------------------------------------------------------------
1972 290 2017 299 n·—

165 354 305 387 Interea
335 363 398 386 rex
427 352 569 396 Alboyn
603 358 786 396 postquam
810 352 846 384 in
869 351 968 384 Italia
991 351 1088 383 annis
1112 350 1221 383 tribus
1245 356 1279 382 et
1303 349 1476 382 mensibus
1499 359 1538 381 vr
1562 355 1780 393 regnauerat,
1806 348 1937 381 insidiis
1961 358 2019 381 co-

166 406 292 450 niugiis
313 417 374 439 sue
396 406 604 439 interfectus
626 411 678 438 est
691 407 712 438 ¹.
759 406 839 438 Fuit
862 410 976 438 autem
1000 404 1143 448 Alboyn
1159 402 1450 441 bellicosissimus,
1467 412 1667 446 summeque
1677 401 1828 435 audacie
1844 402 1909 440 uir,
1926 400 2020 434 bello

117 493 123 498 ,
162 459 421 499 famosissimus,
443 450 573 492 statura
602 469 780 502 procerus,
815 464 975 492 strenuus
1015 464 1050 491 et
1079 458 1124 490 ad
1153 456 1245 490 bella
1274 456 1476 499 peragenda
1510 461 1582 488 toto
1614 465 1765 498 corpore
1796 461 1980 498 coaptatus
1992 453 2015 486 ³.

165 513 323 546 Tandem
346 512 571 556 Langobardi
595 512 779 555 preficiunt
801 512 837 544 in
861 522 1006 556 regnum
1038 511 1150 553 Cleph
1175 509 1425 544 nobilissimum
1457 510 1588 546 uirum3
1626 519 1694 552 quo
1724 509 1795 541 uita
1825 508 2019 541 decedente

123 565 142 598 5
166 570 349 608 postquam
371 575 442 598 uno
466 576 558 598 anno
593 572 629 598 et
651 564 826 598 mensibus
848 575 910 598 sex
933 565 1044 598 tenuit
1066 564 1317 607 principatum3
1335 563 1442 596 duces
1457 563 1493 594 in
1509 562 1819 605 Langobardorum
1837 567 1942 605 gente
1959 561 2022 593 de-

166 619 292 652 cennio
315 625 394 651 sunt
418 620 538 658 creati,
563 625 597 651 et
620 620 855 663 unusquisque
879 619 1006 651 ducum
1036 628 1133 651 suam
1166 617 1311 661 regebat
1342 616 1516 649 ciuitatem
1529 615 1552 648 ³.
1598 615 1667 647 Per
1697 615 1761 647 hos
1789 615 1895 647 duces
1918 614 2021 647 Italia

165 682 209 705 ex
231 682 358 716 magna
380 678 478 715 parte
504 678 608 715 capta
632 678 666 706 et
688 672 932 717 Langobardis
950 671 1137 715 'subiugata
1162 677 1224 710 est,
1248 670 1421 703 nonnullis
1448 668 1646 702 ciuitatibus
1662 667 1822 707 subrutis,
1839 668 2020 711 expoliatis

165 724 322 758 ecclesiis
355 725 566 768 populisque
589 725 786 758 interfectis
797 725 829 765 ⁴,
867 726 898 758 E
926 724 1051 768 quibus
1083 725 1229 757 ducibus
1260 723 1427 767 aliquanti
1459 723 1591 755 Gallias
1621 721 1794 764 predandi
1826 721 2019 764 cupiditate

164 784 324 822 petentes
345 779 528 818 irruerunt,
551 779 662 822 preda
678 784 713 811 et
727 779 898 812 incendiis
914 785 1041 812 cuncta
1057 783 1244 811 uastantes.
1291 777 1427 816 Quibus
1454 777 1500 809 ad
1517 774 1753 808 dimicandum
1770 785 1847 807 cum
1864 775 2022 807 exercitu

8 867 12 871 ,
56 826 59 831 ’
103 829 147 864 '10
171 830 420 864 Gunthrannus
443 831 536 874 apud
558 831 780 864 Prouinciam
804 842 882 864 cum
905 831 1033 864 Amato
1065 831 1212 874 patricio
1242 831 1403 869 occurrit,
1434 836 1469 863 et
1500 829 1595 862 bello
1631 827 1803 860 conflicto'
1834 827 2018 870 patricium

164 884 277 927 ipsum
302 884 560 922 interemerunt,
581 894 699 928 regem
723 894 807 918 uero
831 885 1097 918 Gunthrannum
1128 884 1349 928 fugauerunt,
1382 883 1583 926 tantamque
1607 887 1689 914 tunc
1713 887 1863 924 stragem
1884 881 2022 924 Lango-

166 935 265 969 bardi
289 936 440 969 uictores
462 936 507 969 de
530 936 835 979 Burgundionibus
857 936 1029 975 fecerunt,
1053 942 1091 968 ut
1113 935 1172 967 uix
1194 935 1303 978 possit
1333 934 1450 978 colligi
1473 944 1639 967 numerus
1665 933 1870 971 occisorum,
1904 938 1939 964 et
1970 931 2024 964 di·-

164 989 256 1022 uites
279 989 367 1021 facti
390 989 434 1022 de
457 989 589 1032 ingenti
613 989 829 1032 captiuorum
852 1000 958 1034 grege
993 999 1035 1022 ac
1059 989 1103 1021 de
1127 988 1348 1022 inestimabili
1369 988 1481 1031 preda
1516 988 1561 1020 ad
1584 987 1719 1020 Italiam
1750 991 1829 1018 sunt
1855 984 1987 1017 reuersi
1999 984 2021 1017 ⁵.

166 1042 247 1075 Non
271 1042 378 1075 multo
400 1048 479 1085 post
500 1047 658 1085 tempore
682 1048 752 1075 tres
779 1043 1089 1086 Langobardorum
1106 1043 1214 1075 duces
1231 1041 1361 1075 Gallias
1376 1042 1594 1084 irruperunt:
1612 1050 1756 1084 quorum
1772 1049 1862 1071 nnus
1878 1038 2019 1082 quidem

105 1091 143 1128 15
168 1096 306 1128 nomine
328 1095 420 1128 Amo
444 1094 728 1128 Ebredunensem
746 1107 895 1139 carpens
918 1097 1152 1139 uiam13usque
1174 1094 1422 1129 Machouillam
1437 1094 1584 1128 accessit
1602 1093 1720 1136 ibique
1736 1092 1887 1125 tentoria
1914 1091 1989 1124 fixit
2001 1089 2023 1124 ⁶.

46 1143 54 1150 ¹
165 1148 268 1181 Alius
291 1155 403 1181 autem
421 1149 501 1187 dux,
526 1149 665 1183 nomine
689 1149 821 1189 Zaban,
837 1160 900 1192 per
917 1149 1080 1182 Deinsem
1096 1149 1314 1182 descendens
1336 1158 1444 1192 usque
1460 1147 1503 1181 ad
1520 1147 1714 1180 Ualentiam
1731 1146 1836 1179 uenit.
1882 1145 2023 1177 Tertius

166 1211 251 1234 uero
277 1202 357 1240 dux,
380 1201 518 1234 nomine
542 1202 723 1241 Rodanus,
748 1202 1023 1246 Gratianopolim
1040 1202 1218 1235 ciuitatem
1245 1211 1428 1246 aggressus
1445 1207 1506 1234 est.
1559 1202 1573 1219 “
1587 1201 1631 1233 Et
1647 1199 1738 1232 Amo
1762 1198 1904 1243 quidem
1934 1198 2024 1230 Are-

171 1254 365 1288 “latensem
397 1254 588 1288 debellauit
617 1256 835 1298 prouinciam
869 1267 948 1289 cum
978 1255 1130 1295 urbibus,
1161 1266 1229 1299 que
1261 1256 1392 1288 circum
1424 1255 1489 1288 site
1519 1259 1608 1293 sunt,
1633 1259 1670 1286 et
1699 1263 1808 1296 usque
1840 1252 1884 1285 ad
1914 1251 2027 1294 ipsum

169 1307 376 1350 “lapideum
400 1318 560 1351 campum
584 1309 644 1353 qui
666 1309 807 1343 adiacet
829 1309 905 1342 urbi
929 1309 1141 1342 Massiliensi
1165 1310 1350 1347 accedens,
1367 1308 1527 1341 uniuersa
1545 1318 1611 1351 que
1634 1306 1794 1339 inuenire
1810 1310 1949 1348 poterat
1965 1305 2026 1337 de-

172 1362 383 1405 “populatus
406 1368 458 1395 est
469 1361 492 1395 ⁷.
538 1362 708 1396 Rodanus
731 1373 869 1408 quoque
904 1370 939 1396 et
968 1363 1089 1396 Zaban
1118 1363 1195 1406 pari
1224 1363 1331 1396 modo
1362 1362 1534 1396 incendiis
1561 1367 1597 1395 et
1626 1359 1757 1404 rapinis
1780 1359 1860 1392 loca
1882 1359 1929 1391 ad
1955 1369 2023 1402 que

170 1417 186 1434 ⁸
199 1422 421 1448 accesserunt
445 1415 600 1449 demoliti
623 1422 712 1449 sunt.
761 1415 841 1454 Que
868 1427 944 1449 cum
969 1416 1162 1449 Mummulo
1185 1416 1333 1459 patricio
1356 1416 1490 1459 perlata
1507 1416 1646 1453 fuisset3
1672 1424 1750 1447 cum
1774 1412 1891 1446 ualida
1921 1421 2025 1444 manu

169 1469 352 1506 “ueniens‚
375 1469 524 1511 primum
555 1480 633 1502 cum
665 1470 817 1503 Rodano
831 1469 843 1487 ⁸
875 1470 1040 1508 conflixit,
1072 1475 1107 1502 et
1129 1470 1267 1503 multos
1288 1470 1332 1502 de
1367 1470 1441 1502 eius
1471 1468 1627 1502 exercitu
1657 1468 1817 1511 peremit,
1841 1466 2022 1510 ipsumque

170 1521 384 1555 “Rodanum
407 1516 533 1555 lancea
551 1522 770 1556 uulneratum
795 1524 841 1556 ad
864 1525 1032 1556 montium
1057 1523 1194 1556 excelsa
1210 1523 1333 1567 fugere
1350 1522 1527 1566 compulit.
1574 1521 1647 1560 Qui
1671 1521 1797 1554 exinde
1821 1530 1900 1553 eum
1923 1519 2024 1562 quin-

171 1575 314 1620 “gentis
334 1575 494 1619 uirisqui
509 1576 543 1608 ei
566 1583 804 1610 remanserant
819 1587 883 1620 per
899 1578 1002 1610 deuia
1025 1577 1186 1610 siluarum
1210 1586 1450 1620 prorumpens,
1474 1575 1527 1608 ad'
1550 1575 1681 1615 Zaban,
1704 1574 1765 1618 qui
1788 1579 1871 1606 tune
1898 1572 2020 1605 urbem

174 1627 397 1662 “Ualentiam
422 1628 615 1668 obsidebat,
638 1631 797 1673 peruenit
821 1631 922 1674 eique
946 1630 1060 1663 omnia
1084 1640 1152 1673 que
1175 1636 1262 1663 acta,
1279 1630 1417 1662 fuerant
1447 1629 1630 1663 nuntiauit.
1679 1627 1751 1667 Qui
1781 1627 1913 1671 pariter
1943 1626 2024 1659 dum

171 1682 186 1699 ‘⁴
199 1681 245 1715 ad
268 1681 552 1725 Ebredunensem
577 1683 691 1715 omnia
716 1684 949 1726 depredantes
971 1683 1160 1722 uenissent,
1183 1683 1233 1716 ibi
1257 1683 1308 1716 eis
1331 1682 1539 1715 Mummulus
1557 1692 1635 1715 cum
1658 1682 1841 1714 innumero
1866 1679 2020 1712 exercitu

169 1733 443 1779 “(Francorum)
467 1737 630 1775 occurrit,
655 1742 691 1770 et
713 1737 896 1770 commisso
920 1737 1030 1780 prelio
1054 1737 1194 1770 eosdem
1218 1736 1346 1769 dcm‘cit
1357 1735 1381 1769 ⁹.
1427 1736 1530 1769 Tunc
1554 1735 1675 1768 Zaban
1698 1740 1733 1768 et
1756 1734 1924 1767 Rodanus
1952 1733 2024 1766 sine

171 1787 304 1822 “ullius
325 1788 414 1822 lucri
445 1782 700 1833 conquisitione
729 1790 863 1823 Italiam
896 1794 1092 1823 remearunt
1105 1789 1126 1807 ¹⁰
1140 1814 1168 1830 „.
1216 1789 1282 1822 His
1305 1789 1431 1822 auditis
1461 1789 1563 1827 Amo,
1593 1794 1630 1820 ut
1660 1794 1734 1821 erat
1765 1787 1881 1820 animo
1913 1787 2024 1825 fortis,

12 1623 17 1629 ’
40 1610 50 1657 f
103 1627 144 1662 ²⁵

257 1921 280 1940 1.
299 1921 335 1940 m
351 1916 378 1940 B
391 1915 415 1940 C
432 1929 463 1934 —
484 1915 509 1942 8.
529 1916 708 1950 cuppiditate
731 1916 754 1940 C
771 1931 804 1934 -
827 1923 866 1941 11.
888 1916 1088 1941 Guthrannum
1111 1914 1135 1940 C
1151 1929 1184 1933 —
1207 1914 1247 1940 16.
1266 1915 1373 1940 Derseu
1395 1915 1428 1939 Β.
1447 1914 1533 1946 Seguo
1552 1914 1579 1938 la
1598 1914 1694 1939 lesione
1713 1914 1758 1938 det·
1773 1912 1914 1946 (1οαάρἰύ
1926 1912 2030 1937 antichi

165 1956 198 1981 a!
213 1956 339 1988 Pau-Lus,
352 1958 386 1987 Π,
400 1958 466 1984 Vm
479 1972 489 1977 -
502 1959 670 1984 Ualenciam
685 1961 711 1984 B
724 1959 748 1984 C
758 1972 769 1978 -
782 1960 887 1984 tercius
902 1960 928 1984 B
942 1959 965 1983 C
977 1972 1008 1977 -
1026 1964 1065 1991 17.
1079 1957 1323 1991 Gradionopolim
1342 1957 1366 1982 A
1378 1958 1404 1982 Β
1417 1957 1446 1982 C.
1464 1956 1555 1981 Ancloe
1567 1957 1615 1988 qui
1631 1963 1709 1988 reguo
1722 1957 1750 1981 la
1763 1956 1859 1980 lesione
1871 1956 1903 1980 dn·
1913 1955 2029 1980 paunus

167 1997 214 2025 loc·
231 2000 278 2025 cit·
297 2013 330 2018 —
352 2008 391 2034 19.
411 2000 588 2026 Marsiliensi
603 2003 629 2026 B
642 2001 666 2026 C
681 2015 714 2020 -
738 2008 776 2026 12.
796 2002 888 2034 adque
910 2001 934 2026 C
954 2015 981 2019 —
1003 2007 1047 2034 21,
1066 2001 1195 2025 Mumulo
1214 2000 1275 2025 AB
1293 2013 1326 2019 —
1346 2007 1388 2025 22.
1408 2001 1487 2032 prius
1504 1999 1530 2024 A
1544 2000 1578 2024 Β.
1597 1998 1684 2031 Segne
1702 1999 1730 2023 la
1748 1998 1844 2023 lesione
1862 1998 1894 2022 di
1910 1996 2027 2022 qums

167 2040 214 2066 loc.
226 2042 270 2067 cit.
286 2057 318 2060 —
334 2049 376 2076 ²3·
390 2042 535 2072 moncium
548 2045 575 2069 B
589 2044 612 2068 C
622 2058 656 2063 -
669 2051 712 2077 24.
725 2044 871 2077 sylvarum
883 2043 908 2068 A
921 2043 944 2068 C
956 2058 988 2061 -
1002 2048 1044 2075 25.
1059 2043 1209 2068 nunciauit
1226 2042 1288 2067 6⁷—-
1304 2041 1345 2067 26.
1359 2042 1503 2068 Mumulus
1516 2042 1541 2066 Α
1553 2042 1579 2066 Β
1593 2053 1625 2059 -
1637 2040 1679 2066 28.
1693 2041 1938 2072 conquisicionem
1953 2040 1987 2064 ad
2005 2039 2029 2064 C

57 2332 59 2334 -
107 2324 140 2342 xo

17 2534 69 2567 ς»,
109 2532 138 2559 ¹⁵

16 2569 22 2579 1
43 2580 54 2599 Δ,

51 2743 143 2766 ἰο

109 2957 141 2985 ²⁵

168 2114 303 2141 “manain
318 2117 474 2143 'ecclesiam
500 2119 546 2143 vir
572 2119 769 2144 sanctissimus
797 2118 966 2143 Benedictus
991 2125 1064 2150 papa

168 2157 314 2191 “n-egebat.
332 2159 512 2194 AquileJensl
531 2168 643 2194 quoque
662 2162 774 2186 civitati
790 2159 918 2193 (eiusque
936 2158 1064 2193 populis)

168 2198 290 2226 “beatus
308 2201 415 2227 Paulus
434 2203 600 2228 patriarcha
625 2205 744 2236 preerat.
783 2202 841 2232 Qui
862 2202 1065 2235 Langobardo-

167 2240 255 2268 “rum
283 2244 389 2269 rabiem
415 2244 554 2277 [PAULus‚
580 2246 656 2270 dice:
685 2245 846 2278 barbariem]
874 2247 1001 2270 metuens
1030 2253 1065 2269 ex

168 2282 330 2316 “Aquileia
354 2286 389 2311 ad
414 2285 540 2311 Gradum
566 2286 706 2319 confugit,
731 2289 757 2310 et
774 2289 883 2318 corpora
901 2286 974 2310 beate
995 2286 1064 2310 Her-

165 2327 179 2341 ¹‘
188 2333 290 2353 macore
306 2330 333 2352 et
349 2327 466 2353 alivum
482 2331 634 2354 sanctorum
651 2330 702 2361 qm·
717 2329 758 2353 ibi
774 2329 894 2354 iacebant
911 2329 1064 2359 asportavit,

164 2368 179 2383 ⁸
187 2371 214 2394 et
231 2370 272 2394 ibe
287 2371 359 2402 apud
375 2371 446 2395 idem
462 2373 579 2410 cast-rum
597 2371 744 2398 Granicus-il
753 2371 913 2400 recondidit,
925 2372 1065 2403 ipsumque

166 2410 342 2442 ‘aqvawetam
366 2419 459 2437 novam
482 2413 590 2438 rocwit.
626 2413 731 2438 Darna«
745 2415 806 2445 post
829 2415 944 2445 tempore
961 2413 1068 2445 Pelagii

166 2452 274 2485 'pr-lud
283 2453 378 2479 Helias
388 2455 485 2480 tertius
493 2455 651 2487 patriarcha
664 2456 695 2480 tn
708 2455 814 2487 Synodo
822 2454 883 2479 XX
887 2456 1065 2487 episcoporum

167 2493 346 2521 ‘amntem
364 2497 432 2521 dicti
454 2497 571 2522 Romani
590 2497 727 2530 pontificis
743 2498 852 2522 eandem
870 2498 961 2522 urbem
987 2498 1067 2522 totius

167 2535 180 2550 '¹
197 2536 301 2563 Vmue
311 2539 512 2572 metropolim...
524 2541 644 2564 Instituit
655 2542 681 2564 et
691 2540 729 2565 sic
734 2540 856 2572 primunt
871 2540 975 2565 Venetle
987 2546 1068 2572 regno

169 2578 224 2604 “in
243 2580 341 2606 imus
359 2581 504 2606 maritimis
524 2582 593 2613 cepit
614 2581 733 2606 habitari
753 2583 825 2606 cina
850 2589 932 2607 annos
956 2582 1069 2606 Dom‘nt

169 2621 183 2636 ‘¹
193 2622 317 2652 DLXX,
333 2623 382 2648 eui
394 2625 502 2656 primus
519 2624 577 2648 dux
594 2623 742 2648 Paulus-ius
759 2625 850 2649 extitit
867 2625 1019 2649 nominans
1028 2640 1049 2655 „-

257 2664 265 2681 ¹
286 2665 411 2695 Faunus,
431 2665 464 2695 11,
484 2671 591 2690 xxvm.
612 2672 631 2689 a
650 2667 735 2691 mette
755 2667 871 2691 assieme
891 2666 990 2700 parole
1009 2666 1067 2691 del-

170 2705 390 2732 vintestnione
408 2715 424 2732 e
449 2707 493 2733 del
519 2709 614 2740 primo
641 2708 760 2740 periodo
779 2707 807 2732 dl
828 2707 954 2734 PAULus.
993 2707 1066 2736 Que-

169 2749 212 2774 ste
224 2748 412 2775 lutentazioni
433 2748 632 2774 nell’edizione
651 2749 757 2774 Minna
776 2757 847 2775 sono
867 2750 1033 2775 distribuite
1052 2758 1067 2775 a

172 2798 243 2825 capo
263 2792 292 2817 di
313 2792 427 2817 ciascun
448 2791 592 2825 capItolm
613 2794 721 2817 mentre
741 2794 772 2817 in
787 2792 881 2825 quella
895 2793 940 2817 del
953 2792 1066 2824 Warrz,

171 2834 202 2858 in
220 2834 260 2859 M.
278 2834 310 2860 G.
329 2833 368 2859 Β.
381 2834 432 2859 SS.
451 2833 523 2863 RR„
536 2833 650 2866 Langoa.
669 2837 694 2859 et
713 2833 774 2869 ltql.
793 2841 857 2860 saec.
882 2833 977 2864 VI-IX,
996 2842 1068 2860 sono

171 2876 296 2902 raccolte
314 2884 330 2901 a
351 2877 506 2901 summario
526 2876 572 2901 nel
593 2877 737 2910 principio
756 2877 788 2901 dl
806 2877 920 2902 ciascun
939 2877 1024 2903 libro.

258 2917 271 2935 ¹
289 2919 375 2949 Imm,
404 2920 458 2945 loc.
487 2921 544 2948 clt„
574 2920 650 2945 dlce:
682 2919 760 2944 “Vir
780 2919 1017 2945 bellicosissimus
1040 2922 1069 2945 et

175 2961 305 2986 “summe
324 2962 450 2993 audacie,
477 2961 550 2986 nihil
571 2963 671 2986 contra
690 2962 800 2986 hostem
821 2963 970 2995 prevalens
979 2979 1067 2994 ......

259 3004 271 3022 ⁸
289 3010 309 3029 a
329 3005 475 3036 parasrnsa
495 3013 509 3028 e
528 3006 611 3036 copia
637 3003 762 3033 muzus,
786 3003 821 3034 ΙΙ,
847 3011 919 3030 xxxx
941 3012 956 3030 e
973 3011 1068 3030 xxxu.

1207 2115 1217 2133 ⁴
1237 2117 1362 2148 Pauus,
1380 2115 1415 2146 Π,
1435 2123 1535 2141 xxxu:
1557 2115 1571 2129 “
1582 2115 1635 2140 Per
1647 2116 1700 2140 hos
1714 2115 1953 2149 langobardorum
1970 2115 2018 2139 du—

1123 2159 1191 2185 “ces
1204 2160 1326 2193 septimo
1339 2167 1415 2184 anno
1428 2159 1463 2184 ab
1483 2159 1609 2184 adventu
1622 2158 1742 2188 Album,
1761 2160 1790 2183 et
1808 2159 1898 2183 totius
1916 2158 2020 2190 gentis,

1122 2202 1279 2235 “spoliatis
1298 2203 1431 2231 ecclesiis,
1453 2201 1648 2227 sacerdotibus
1663 2201 1831 2230 interfectis,
1852 2200 2020 2225 civitatibus

1122 2243 1281 2273 “subrutis,
1307 2245 1485 2278 populisque,
1512 2244 1562 2276 qul
1584 2251 1662 2268 more
1683 2244 1807 2275 segetum
1828 2243 2019 2270 excreverant.

1123 2287 1333 2312 “extintls....
1352 2287 1436 2311 Italia
1456 2294 1490 2311 ex
1516 2288 1640 2311 maxima
1664 2288 1744 2319 parte
1764 2288 1845 2319 capta
1866 2287 1894 2310 et
1914 2294 1928 2310 a
1950 2285 2021 2310 Lan-

1122 2329 1136 2342 “
1145 2329 1279 2363 gobardis
1300 2329 1449 2361 subiugata
1468 2330 1511 2354 est
1522 2347 1546 2360 „.

1207 2369 1219 2387 ὅ
1236 2378 1255 2396 R
1265 2373 1348 2396 sunta
1365 2372 1372 2396 i
1387 2372 1472 2404 primi
1488 2373 1531 2396 tre
1544 2371 1663 2404 capitoli
1679 2371 1724 2396 del
1739 2370 1789 2395 lib.
1802 2369 1843 2395 111
1854 2370 1883 2395 di
1896 2370 2020 2395 mes.

1209 2411 1221 2429 ⁸
1240 2414 1365 2443 PAULUS,
1385 2413 1431 2442 111,
1452 2420 1519 2439 vni.
1538 2421 1557 2438 R
1576 2413 1693 2438 mutale
1707 2414 1797 2446 prime
1815 2413 1922 2446 parole,
1937 2414 2020 2444 copia

1120 2457 1141 2481 il
1162 2458 1236 2482 resto
1256 2464 1270 2481 e
1290 2457 1366 2489 dopo
1378 2456 1570 2481 Machavmam
1583 2458 1702 2482 omette:
1726 2456 1738 2469 “
1750 2463 1832 2487 quam
1846 2456 2020 2481 Mummulus

1124 2499 1137 2512 “
1149 2506 1262 2524 munere
1283 2500 1357 2531 regIs
1377 2500 1517 2523 meruerat
1529 2517 1552 2531 η.
1623 2490 1626 2493 x

1209 2540 1220 2557 ⁷
1239 2548 1258 2565 ιι
1267 2541 1466 2567 continuando
1478 2549 1494 2566 a
1505 2543 1619 2574 copiare
1629 2540 1755 2570 Panto-S,
1766 2541 1820 2565 loc.
1833 2541 1889 2569 cit„
1901 2541 2021 2565 omette:

1123 2584 1324 2617 “Aquinsibus
1344 2586 1437 2610 autem
1455 2584 1635 2609 obsidionem
1654 2591 1766 2617 parans,
1786 2583 1895 2616 viginti
1914 2583 2020 2608 duabus

1123 2627 1229 2652 “libris
1251 2628 1373 2661 acceptis
1393 2627 1514 2659 argenti,
1535 2627 1569 2651 ab
1589 2626 1687 2652 eodem
1708 2627 1773 2651 loco
1792 2626 1923 2650 discessit
1934 2644 1957 2657 „.

1208 2665 1220 2683 ⁸
1238 2674 1257 2692 ιι
1277 2669 1396 2692 emet-te:
1417 2667 1490 2699 “qui
1510 2666 1745 2699 Gratianopollm
1765 2666 1958 2697 debellebat„.

1210 2708 1221 2725 ⁹
1241 2709 1365 2738 Faunus,
1385 2710 1439 2735 loc.
1459 2711 1516 2739 cit.,
1534 2710 1606 2735 vicu.

1198 2749 1220 2767 ¹⁰
1238 2751 1326 2783 Imm,
1346 2753 1400 2778 loc.
1421 2753 1478 2781 cit„
1498 2754 1648 2784 repetentes,
1673 2758 1690 2775 R
1710 2753 1829 2776 omettc:
1853 2750 2020 2775 “Secusium

1124 2792 1294 2819 “devenere
1333 2792 1427 2822 Quam
1454 2794 1551 2819 urbem
1577 2793 1701 2819 Sisinius
1728 2794 1862 2825 magister
1881 2795 1949 2818 tunc
1970 2794 2022 2817 mi-

1125 2836 1138 2850 “
1149 2836 1242 2865 ntum,
1263 2844 1278 2861 a
1296 2838 1405 2870 partem
1419 2837 1559 2861 retinebat
1572 2837 1763 2868 imperatoris.
1800 2835 1844 2860 Ad
1859 2843 1941 2867 quem
1955 2843 2023 2868 puer
2036 2828 2038 2831 ’

1125 2878 1299 2903 “Mummuli
1321 2879 1485 2908 adveniens,
1510 2879 1622 2903 litteras
1642 2878 1668 2902 ei
1688 2877 1809 2902 ditectas
1830 2886 1845 2902 a
1864 2877 2023 2902 Mummulo

1125 2920 1287 2953 “porrexit,
1306 2928 1423 2953 eumque
1449 2921 1536 2945 citius
1563 2921 1716 2945 adventare
1738 2920 1823 2945 dixlt.
1863 2918 1928 2948 Quo
1948 2928 2023 2944 com-

1125 2964 1238 2997 “perto,
1266 2965 1363 2989 Zaban
1389 2966 1417 2989 et
1442 2963 1599 2989 Rhodanus
1624 2965 1727 2988 exinde
1754 2971 1819 2988 mox
1848 2964 1882 2988 ad
1907 2965 2023 2995 propria

1126 3006 1139 3019 ‘⁴
1152 3006 1341 3031 discesserunt
1352 3024 1375 3037 „.

2094 843 2114 859 e.
2129 843 2169 863 ιιι
2176 839 2190 859 b

2098 1584 2118 1599 c.
2137 1584 2199 1604 1⁴3⁸

2050 2245 2084 2270 30

2048 2458 2080 2484 35

2052 2673 2086 2698 40
