2398 3470
158 248 236 272 κυι..
251 254 286 270 ce.
301 250 363 274 ⁷⁷-⁷⁸
403 237 451 279 76
986 237 1279 276 ROMUALD1
1307 237 1676 275 SALERNITANI
1958 243 2045 278 [ΛΑ.
2053 243 2092 272 c.
2105 245 2260 278 sos-su]

250 387 271 403 c.
285 387 346 402 ma
395 371 430 404 in
454 371 592 414 priuato
615 369 706 404 otio'
731 377 1034 404 consenescerent.
1080 371 1202 413 Itaque
1232 370 1296 403 sub
1326 380 1397 402 uno
1428 370 1486 403 die
1518 369 1756 403 Diocletianus
1779 369 1998 410 Nicomedie,
2030 370 2262 404 Maximianus

396 423 592 458 Mediolani
615 429 822 467 potestatem
845 424 983 467 imperii
1007 424 1118 463 simul,
1143 424 1340 466 cultumque
1366 423 1603 465 deposuerunt
1616 423 1635 456 ¹.
1681 425 1695 440 “
1709 423 1875 456 Attamen
1892 429 1995 466 cepta
2009 423 2116 456 semel
2140 434 2260 467 perse-

401 480 415 495 “
430 478 524 511 cutio
547 487 658 521 usque
683 477 728 510 ad
744 477 927 520 septimum
944 477 1163 511 Constantini
1179 487 1305 509 annum
1322 487 1387 519 per
1403 476 1526 509 decem
1551 487 1659 510 annos
1674 477 1815 510 feruere
1831 486 1904 509 non
1927 484 2041 510 cessat
2052 501 2082 518 „.
2121 477 2263 511 Diocle-

394 532 507 564 tianus
531 531 686 574 priuatus
709 531 748 567 inf
775 531 868 569 uilla,
893 541 960 574 que
992 531 1085 564 haud
1109 530 1232 573 procul
1264 542 1285 562 a
1308 529 1439 563 Salona
1469 536 1532 569 est,
1556 531 1717 573 preclaro
1750 530 1822 563 otio
1845 530 1960 563 senuit
1971 529 1995 571 ²,
2026 531 2085 574 qui
2109 531 2190 564 dum
2215 530 2261 563 ab

397 584 584 624 Herculeo,
608 591 712 627 atque
738 585 879 618 Galerio
903 585 948 617 ad
971 584 1218 627 recipiendum
1241 584 1424 626 imperium
1447 590 1640 627 rogaretur,
1656 590 1822 627 tanquam
1845 590 1980 626 pestem
1997 584 2146 627 aliquam
2163 585 2262 617 dete-
2308 582 2326 616 5
2356 587 2364 627 j

395 644 500 678 stans,
523 639 560 670 in
583 639 676 684 hunc
699 639 841 671 modum
864 638 1063 680 respondit:
1094 637 1232 670 Utinam
1255 637 1289 669 si
1309 636 1431 670 Salona
1451 638 1596 681 possetis
1618 638 1744 678 umere,
1761 635 1855 669 'olera
1877 638 2029 670 mnibus
2051 639 2175 670 uestris
2190 648 2262 670 ma-

394 692 465 734 gis,
480 692 622 732 tmtitus',
647 702 749 734 quam
772 692 865 723 istud
885 691 1092 723 temtandum
1108 690 1316 733 judicaretis
1327 690 1350 723 ⁸.
1389 690 1558 724 Galerius
1582 690 1699 733 itaque
1723 690 1958 723 Maximianus
1980 697 2016 724 et
2038 689 2262 723 Constantim

396 745 558 789 Augusti,
574 744 676 787 primi
692 743 890 777 Romanum
914 744 1098 786 imperium
1113 744 1149 775 in
1172 744 1260 777 duas
1275 749 1393 786 partes
1417 744 1736 777 determinauerunt
1745 755 1754 782 3
1771 744 1821 776 ita
1835 749 1873 776 ut
1897 743 2059 776 Galerius
2075 743 2262 788 Illyricum,

394 797 525 837 Asiam,
543 803 580 831 et
603 798 792 836 orientem3
818 797 1038 830 Constantius
1060 807 1146 829 uero
1170 796 1315 836 Italiam,
1339 797 1513 837 Africam,
1536 797 1720 839 Ispaniam‚
1746 802 1781 829 et
1805 796 1938 830 Gallias
1961 797 2146 839 optineret.
2191 795 2266 830 Sed
2309 835 2312 836 ⁷

402 851 624 885 Constantius
646 851 701 883 uir
723 851 1038 894 tranquillissimus,
1064 850 1178 883 Gallia
1200 856 1331 883 tantum
1355 851 1562 894 lspaniaque
1586 856 1780 890 contentus,
1813 850 1958 883 Galerio
1981 855 2119 883 ceteras
2147 855 2266 893 partes
2289 849 2330 883 1⁰
2353 878 2356 879 γ

398 905 570 938 concessit
581 904 605 937 ⁴.
651 905 874 937 Constantius
897 903 1037 947 quidem
1060 904 1115 935 uir
1139 904 1312 948 egregius,
1337 910 1372 936 et
1394 915 1527 936 summe
1551 903 1836 949 mansuetudinis,
1859 914 1902 936 ac
1924 903 2198 946 prestantissime
2214 903 2264 936 ci-

394 958 547 997 uilitatis,
564 957 697 990 diuitiis
719 957 995 1000 prouincialium,
1011 967 1052 989 ac
1075 957 1290 999 priuatorum
1313 957 1469 997 studens,
1485 957 1767 1002 fiscincommoda
1782 967 1853 989 non
1877 957 2066 990 admodum
2083 957 2265 996 affectans,

399 1011 589 1054 dicensque
612 1011 735 1044 melius
758 1020 833 1043 esse
856 1010 1017 1052 publicas
1039 1020 1125 1053 opes
1149 1021 1170 1042 a
1191 1010 1336 1053 priuatis
1358 1010 1502 1050 seruari,
1526 1020 1629 1053 quam
1652 1010 1744 1042 intra
1765 1021 1872 1042 unum
1905 1010 2094 1043 claustrum
2117 1007 2265 1043 tener-³1⁸.

253 1081 275 1097 c.
290 1075 349 1096 102⁶
399 1063 473 1103 Qui
496 1065 586 1097 adeo
611 1063 742 1097 modici
764 1064 878 1096 cultus
901 1063 966 1096 sibi
989 1074 1110 1097 curam
1124 1063 1339 1102 resanabat,
1355 1069 1394 1097 ut
1409 1062 1635 1106 priua'torum
1652 1063 1842 1106 aliquando
1858 1063 2098 1096 indumentum
2114 1067 2265 1108 gereret,

397 1124 500 1162 atque
524 1118 560 1150 in
584 1117 772 1151 amicorum
795 1117 967 1150 uehiculis
989 1117 1140 1150 sederet.
1187 1116 1387 1160 Aliquando
1403 1116 1509 1150 etiam
1532 1117 1614 1149 dum
1630 1116 1767 1149 feriatis
1790 1116 1914 1150 diebus
1938 1127 2016 1150 cum
2041 1116 2163 1149 amicis
2177 1126 2264 1159 epu·
2291 1113 2329 1149 15
2351 1143 2352 1146 ,
2394 1139 2396 1144 f

397 1172 538 1205 landum
562 1177 663 1209 esset,
687 1170 902 1213 priuatorum
927 1170 960 1204 ei
978 1176 1123 1214 argento
1147 1171 1257 1213 petito
1273 1170 1426 1204 triclinia
1449 1171 1702 1204 decorarentur
1714 1169 1736 1202 ⁶.
1783 1170 1850 1202 Hic
1875 1170 2015 1204 omnino
2039 1169 2210 1210 amabilis,
2224 1179 2268 1203 ac
2393 1169 2397 1175 ²

397 1225 606 1258 uenerabilis
631 1224 743 1257 Gallis
765 1224 843 1264 fuit,
867 1224 1038 1266 precipue
1062 1223 1158 1267 quod
1181 1224 1393 1256 Diocletiani
1416 1230 1612 1266 suspectam
1640 1223 1874 1266 prudentiam,
1899 1229 1935 1256 et
1957 1222 2164 1257 Maximiani
2186 1232 2269 1256 sm-

399 1278 593 1321 guinariam
616 1283 836 1321 potestatem,
862 1277 1023 1320 imperio,
1046 1277 1121 1321 ejus
1146 1284 1341 1310 euaserunt.
1388 1277 1549 1310 Galerius
1581 1283 1696 1310 autem
1719 1277 1774 1309 uir
1804 1287 1915 1320 prone
1939 1277 2201 1317 moderationis,
2233 1281 2269 1309 et

399 1331 559 1375 egregius
582 1331 632 1364 rei
655 1331 825 1370 militaris,
849 1341 927 1362 cum
950 1330 1086 1363 Italiam
1111 1341 1260 1374 quoque,
1288 1331 1422 1363 sinente
1446 1330 1661 1369 Constantio,
1689 1331 1734 1363 ad
1758 1330 2092 1364 administrationem
2119 1330 2185 1364 sibi
2209 1339 2269 1363 ao-
2390 1362 2392 1370 ,

399 1385 542 1417 cessisse
565 1385 724 1417 sentiret:
749 1384 897 1417 Cesares
921 1383 1009 1416 duos
1032 1384 1178 1424 creauit,
1202 1383 1441 1422 Maximinum,
1469 1394 1574 1427 quem
1597 1384 1725 1416 orienti
1756 1384 1918 1427 prefecit,
1943 1389 1978 1416 et
2010 1383 2179 1417 Seuerum
2211 1382 2268 1416 cui
2291 1380 2340 1417 a
2389 1377 2391 1418 ,ἶ

401 1438 535 1471 Italiam
559 1439 674 1471 dedit:
699 1438 776 1480 ipse
798 1438 836 1470 in
861 1437 1002 1480 Illyrico
1028 1443 1259 1470 commoratus
1272 1436 1294 1470 ⁷.
1342 1437 1568 1470 Constantius
1584 1447 1670 1470 uero
1693 1437 1933 1471 sextodecimo
1957 1437 2095 1479 imperii
2108 1437 2162 1470 sui
2178 1446 2269 1470 anno

398 1492 434 1523 in
457 1491 624 1531 Britannia,
650 1490 800 1524 Eboraci
824 1490 917 1523 diem
941 1490 1026 1523 obiit
1040 1490 1062 1523 ⁸.
1111 1489 1184 1528 Qui
1208 1490 1474 1524 Constantinum
1498 1490 1605 1523 filium
1631 1501 1676 1523 ex
1692 1490 1894 1524 obscuriore
1919 1490 2056 1523 Helene
2073 1490 2268 1532 concubine

397 1544 619 1578 matrimonio
643 1544 708 1577 sibi
731 1549 861 1582 natum,
886 1554 930 1577 ex
952 1544 1022 1577 uite
1047 1555 1108 1577 sue
1125 1550 1282 1587 tempore
1308 1543 1353 1577 ad
1369 1544 1552 1587 imperium
1577 1544 1654 1576 tulit
1666 1543 1689 1577 ⁹.
1742 1546 1757 1562 ‘⁴
1771 1544 1894 1577 Tertio
1909 1545 2028 1586 itaque
2052 1543 2268 1587 persecutio-
2340 1573 2344 1579 ,,
2387 1577 2389 1579 ,

406 1599 487 1631 “nis
518 1609 620 1638 anno,
652 1608 721 1640 quo
754 1604 789 1630 et
811 1597 1038 1630 Constantius
1069 1597 1166 1636 obiit,
1190 1598 1402 1630 Maximinus
1432 1598 1543 1642 magis
1570 1608 1674 1641 quam
1704 1597 1855 1631 Seuerus
1885 1597 2057 1630 maleficia
2087 1603 2123 1630 et
2151 1602 2271 1640 surpra
2326 1594 2336 1633 ’.
2384 1591 2387 1634 ᾗ

403 1652 418 1668 “
433 1649 707 1684 Christianorum
725 1650 1033 1693 persecutionibus
1057 1651 1256 1684 accumulat
1269 1675 1299 1691 „.
1348 1650 1431 1689 Quo
1453 1657 1614 1694 tempore
1630 1651 1801 1684 Eusebius
1823 1651 1964 1684 natione
1987 1651 2126 1684 Grecus
2139 1661 2184 1684 ex
2197 1661 2270 1683 me·-
2308 1660 2315 1671 ²
2384 1667 2385 1670 ¹

400 1705 491 1745 dico,
515 1711 594 1748 post
617 1704 824 1739 Marcellum
848 1704 1044 1737 Romanam
1062 1705 1153 1737 rexit
1176 1704 1361 1737 ecclesiam
1379 1705 1478 1738 annis
1501 1704 1636 1738 duobus
1658 1715 1776 1737 mense
1799 1715 1879 1738 uno.
1926 1703 2036 1737 Huius
2058 1702 2272 1747 temporibus
2335 1735 2340 1744 ,

250 1775 270 1789 c.
285 1773 350 1793 msa
397 1758 541 1791 inuenta
563 1764 615 1791 est
640 1769 726 1791 crux
748 1758 890 1791 Domini
913 1758 1023 1791 nostri
1047 1757 1172 1801 Jhesu'
1198 1758 1325 1790 Christi
1349 1768 1374 1790 v
1396 1768 1507 1791 nonas
1522 1758 1645 1791 madii:
1671 1763 1706 1791 et
1729 1758 1923 1800 baptizatus
1948 1763 2000 1790 est
2023 1757 2143 1801 Judas,
2159 1757 2221 1801 qui
2236 1762 2272 1789 et
2326 1776 2333 1794 ;
2381 1752 2384 1788 ’ζ

165 1843 179 1857 ·
196 1838 224 1859 ο·
234 1811 350 1862 ξζῇξξξζ
401 1810 589 1850 Quiriacus
603 1817 761 1844 uocatur.
798 1810 869 1849 Qui
885 1811 991 1843 etiam
1008 1811 1181 1844 Eusebius
1198 1811 1363 1850 martyrio
1381 1818 1580 1852 coronatur,
1594 1817 1628 1844 et
1643 1811 1798 1855 sepultus
1811 1817 1862 1844 est
1878 1821 1957 1844 cum
1973 1809 2141 1844 fratribus
2155 1809 2270 1844 suis²⁰.

181 1853 209 1911 ‘m
225 1864 350 1915 ἔξξξῗζξξ
488 1865 683 1898 Melciades
697 1864 718 1884 ¹¹
747 1864 887 1898 natione
919 1865 1011 1897 Afer
1033 1865 1116 1897 huic
1146 1865 1314 1898 successit
1337 1865 1373 1897 in
1404 1865 1620 1908 episcopatu,
1652 1865 1815 1908 seditque
1840 1864 1938 1898 annis
1965 1863 2074 1897 tribus
2096 1862 2272 1898 mensibus
2322 1906 2325 1909 Δ

399 1924 531 1961 septem
547 1917 580 1951 ¹².
628 1918 696 1951 Hic
720 1917 910 1957 constituit,
933 1925 971 1951 ut
995 1918 1090 1951 nulla
1122 1919 1256 1951 ratione
1281 1918 1339 1951 die
1362 1918 1550 1959 dominico,
1575 1924 1635 1951 aut
1663 1918 1783 1962 quinta
1806 1918 1895 1951 feria
1922 1917 2093 1962 jejunium
2117 1917 2195 1961 quis
2225 1917 2269 1950 de
2379 1914 2381 1918 ’

398 1971 558 2005 fidelibus
581 1977 702 2015 ageret
716 1970 750 2004 ¹³.
797 1971 842 2004 Et
858 1971 916 2004 hic
934 1971 1098 2015 martyrio
1117 1978 1301 2004 coronatus
1319 1978 1380 2010 est,
1405 1978 1440 2005 et
1454 1973 1634 2015 appositus
1658 1972 1702 2004 ad
1718 1972 1846 2004 fratres
1868 1981 1949 2004 suos
1962 1972 1997 2003 ¹⁴.
2049 1972 2065 1988 “
2077 1970 2203 2004 Passus
2218 1976 2272 2004 est

405 2027 420 2042 “
434 2035 477 2057 ea
507 2030 713 2067 tempestate
744 2024 868 2057 Petrus
891 2023 1150 2057 Alexandrinus
1182 2026 1380 2068 episcopus,
1405 2036 1484 2058 cum
1515 2025 1672 2067 plurimis
1700 2025 1831 2069 Egypti
1863 2024 2048 2067 episcopis.
2094 2023 2270 2058 Luci-nus
2330 2034 2331 2038 ¹
2376 2025 2379 2035 ³

403 2081 418 2095 ‘⁴
432 2089 572 2122 quoque
595 2078 652 2110 uir
675 2077 837 2116 moribus,
863 2084 898 2110 et
922 2079 1149 2117 continentia,
1172 2085 1208 2111 et
1231 2078 1430 2111 eruditione
1453 2079 1653 2121 precipuus,
1675 2077 1920 2111 Antiochenus
1950 2077 2126 2119 presbiter
2147 2087 2270 2120 passus
2320 2074 2325 2090 ²
2375 2078 2377 2086 ¹

402 2138 454 2164 est
478 2137 513 2164 et
535 2131 768 2164 Thimotheus
791 2131 906 2164 Rome
920 2154 951 2171 „,
977 2137 1011 2164 et
1035 2133 1257 2174 quamplures
1281 2132 1338 2165 alii
1362 2143 1427 2175 per
1450 2132 1589 2165 diuersa
1613 2132 1702 2165 loca.

493 2274 516 2292 ι.
535 2267 692 2300 lmprlvato
711 2267 776 2291 ocio
798 2267 822 2291 C
835 2280 866 2284 —-
881 2272 935 2298 2-3·
949 2267 1110 2298 persecucio
1130 2267 1156 2290 B
1167 2267 1191 2292 C
1209 2280 1242 2285 —
1262 2273 1287 2299 3.
1302 2265 1470 2293 Constantii
1488 2274 1595 2292 annum
1609 2268 1634 2292 A
1655 2281 1687 2285 —
1707 2272 1762 2298 3-4.
1783 2266 1977 2292 Diocllclanus
1993 2267 2018 2292 C
2034 2279 2067 2284 —
2087 2273 2112 2298 4.
2127 2265 2192 2291 ocio
2209 2266 2272 2292 BC
2319 2270 2323 2273 '
2371 2254 2375 2287 i

402 2323 435 2328 —
455 2300 632 2342 5.'Hercullo
653 2310 678 2336 C
695 2322 706 2328 -
725 2309 789 2341 dopo
810 2310 895 2341 atque
916 2309 940 2334 C
956 2310 1108 2341 aggiunge:
1129 2317 1146 2334 a
1167 2322 1197 2327 -—
1218 2309 1245 2335 6.
1257 2309 1387 2335 Salonem
1402 2310 1427 2336 C
1444 2322 1477 2327 —
1498 2314 1521 2341 7.
1536 2309 1726 2335 Constancius
1741 2310 1765 2334 C
1783 2322 1816 2327 —
1835 2316 1861 2342 9.
1881 2308 2074 2334 Constanclus
2095 2309 2119 2334 C
2134 2320 2146 2327 -
2165 2307 2269 2342 Hispa·
2324 2315 2327 2319 ⁴
2370 2309 2374 2333 i

402 2354 480 2377 niam
498 2351 525 2375 B
542 2363 553 2370 ι
573 2351 717 2376 obtineret
728 2351 773 2379 Β,-
787 2351 929 2376 obtineret
946 2353 971 2375 si
987 2353 1062 2375 trova
1081 2352 1112 2376 in
1129 2351 1201 2376 Hm.
1221 2351 1354 2380 Marcella,
1374 2351 1418 2376 lib.
1439 2351 1493 2380 XI,
1511 2357 1559 2382 45,
1573 2355 1672 2376 mentre
1696 2350 1805 2376 Orosius
1817 2351 1870 2376 ha.-
1887 2350 2017 2376 obtinuit
2031 2363 2065 2369 -
2082 2354 2170 2376 11-12.
2183 2357 2269 2385 pran-

399 2395 507 2418 tisslme
527 2394 568 2422 C,-
593 2393 752 2418 ciuilitabls
773 2393 868 2426 (sic)A
890 2406 922 2410 —
940 2399 980 2418 12.
994 2393 1109 2417 dluieiis
1124 2395 1148 2419 C
1166 2406 1199 2411 -—
1223 2401 1264 2424 14.
1277 2393 1409 2418 seruabat
1423 2394 1448 2419 C
1468 2408 1497 2411 —-
1522 2399 1562 2426 ¹⁷·
1576 2393 1750 2419 Diocliciani
1772 2395 1796 2419 C
1813 2407 1823 2411 -
1843 2393 2026 2426 prudenciam
2041 2394 2065 2419 C
2077 2405 2110 2410 —
2133 2399 2174 2425 19.
2193 2391 2270 2418 Con·
2320 2391 2322 2394 ’
2370 2383 2372 2391 ¹

356 2440 368 2466 5
405 2436 516 2460 stancio
539 2436 562 2461 C
578 2448 588 2453 -
609 2435 900 2460 amministrationem
920 2435 982 2460 BC
997 2448 1030 2453 -—-
1051 2442 1093 2460 2ο.
1113 2435 1318 2461 Μακίωἱιηωῑι
1340 2436 1364 2461 C
1380 2449 1413 2454 —
1435 2443 1477 2462 22.
1497 2436 1661 2461 Brittannia
1684 2437 1708 2461 C
1724 2449 1734 2454 -
1753 2434 1923 2467 concubine]
1943 2436 1973 2459 tn
1996 2434 2020 2459 C
2035 2436 2165 2468 agg-muto
2184 2434 2270 2467 pom·

400 2478 542 2502 rior-mente
561 2490 594 2496 —
615 2483 656 2510 ²3·
677 2479 767 2502 tercio
786 2478 812 2501 B
826 2478 850 2503 C
874 2490 905 2494 —
928 2483 1019 2509 23—24.
1039 2479 1245 2510 persecucionls
1267 2478 1290 2503 C
1308 2491 1339 2495 —
1361 2483 1402 2510 24·
1429 2478 1620 2504 Constanelus
1642 2479 1665 2504 C
1690 2491 1720 2495 —
1749 2484 1791 2510 25.
1811 2477 2060 2509 persecucionibus
2078 2476 2106 2501 B
2131 2488 2162 2496 —·
2183 2475 2226 2502 26.
2245 2482 2269 2501 xx
2315 2474 2330 2498 ζ

403 2527 501 2545 mense
519 2527 530 2544 1
549 2520 611 2545 BC
627 2533 660 2538 —
682 2525 723 2552 27.
737 2520 801 2545 Iesu
818 2520 845 2543 B
863 2532 897 2538 --
917 2519 960 2545 28.
978 2519 1009 2543 in
1032 2519 1055 2543 C
1070 2527 1181 2544 manca.-
1202 2520 1339 2545 Eusebius
1359 2532 1370 2538 -
1390 2522 1545 2546 coronatus
1566 2521 1591 2546 C
1608 2533 1640 2539 —
1662 2526 1706 2553 33.
1724 2520 1889 2546 erudicione
1908 2520 1970 2547 Bc
2318 2514 2320 2516 ’

492 2598 501 2615 ¹
522 2600 661 2630 omaus,
681 2600 742 2631 VII,
762 2606 806 2631 25,
828 2606 861 2631 14
880 2599 937 2632 (pp.
958 2599 1005 2630 265
1026 2607 1041 2624 e
1061 2599 1132 2632 266).
1454 2599 1465 2616 ⁹
1483 2601 1621 2632 OnosmS,
1641 2601 1693 2626 loc.
1714 2602 1764 2626 σιτ.
1782 2601 1815 2625 ed
1835 2602 2017 2631 Eur-Romus,
2038 2600 2094 2626 loc.
2115 2600 2166 2626 cit·
2324 2611 2329 2621 κ

494 2640 505 2657 ²
526 2643 708 2673 Eua-Romus,
726 2643 776 2674 lx,
796 2642 830 2668 28
848 2641 887 2674 (p.
910 2641 979 2674 168).
1444 2641 1466 2658 ¹⁰
1484 2642 1515 2668 L.
1535 2642 1580 2671 Ρ..
1592 2643 1613 2674 1,
1628 2648 1677 2674 3²³
1695 2643 1795 2673 Rossa,
1808 2642 1892 2667 Roma
1909 2644 2087 2670 souma-oa.
2098 2640 2136 2672 11.
2147 2642 2208 2666 nv.
2220 2640 2270 2670 1v.
2320 2654 2322 2656 -

344 2696 376 2714 ιο
493 2682 505 2699 ³
524 2684 647 2709 Ηῖῐΐθῒίᾱ
665 2684 799 2713 Μί-*δθῑὶαι
818 2684 887 2709 edlz-
906 2685 963 2714 cit-⁷
983 2684 1032 2709 lib.
1052 2684 1086 2715 xv
1106 2689 1209 2717 45‚91>.
1224 2690 1276 2716 239
1294 2692 1310 2708 e
1366 2692 1391 2716 p.
1415 2690 1478 2717 1953
1497 2685 1586 2714 lnam,
1605 2684 1689 2710 lusor.
1707 2684 1778 2714 chr„
1797 2684 1832 2715 11,
1854 2692 1898 2716 pp.
1919 2683 1963 2715 66,
1986 2690 2044 2709 102.
2316 2680 2326 2720 ζ

403 2733 464 2759 240.
502 2727 583 2752 Nelle
604 2727 700 2759 parole
720 2726 828 2751 riter-ite
848 2727 875 2750 vi
894 2734 966 2752 sono
985 2727 1012 2751 le
1032 2727 1160 2758 seguenti
1175 2727 1310 2752 varianti:
1441 2725 1462 2742 ¹¹
1482 2727 1494 2750 1
1513 2727 1608 2751 codici
1626 2724 1677 2756 A⁸,
1691 2725 1757 2758 8³⁴,
1780 2726 1817 2751 0⁴
1837 2726 1880 2752 del
1899 2725 1929 2752 L.
1948 2726 1979 2751 P.
1999 2726 2094 2751 hanno
2114 2725 2142 2750 ln
2161 2725 2270 2751 lesione

406 2768 485 2795 “..-.
505 2769 606 2795 holera
629 2769 737 2796 nosti-le
760 2769 891 2794 manibus
913 2768 1056 2799 instituta,
1080 2768 1209 2802 profecto
1232 2776 1310 2793 num·
1364 2768 1514 2793 Meu-tudes.
1706 2795 1709 2798 Δ
2314 2786 2321 2787 ff

404 2809 513 2843 “quam
532 2812 608 2837 istud
627 2812 825 2844 temptandum
845 2811 1007 2837 iudicaretis
1020 2828 1045 2843 „.
1444 2810 1466 2827 ¹²
1484 2812 1496 2837 1
1522 2812 1614 2836 codici
1633 2811 1680 2844 plu
1707 2811 1875 2837 accredltati
1898 2810 1945 2836 del
1970 2810 2000 2836 L.
2019 2810 2050 2836 1³.
2069 2810 2208 2843 port-mos
2233 2817 2269 2836 u·-
2313 2809 2320 2829 Ῐ

494 2852 506 2869 ⁴
526 2855 664 2885 Gnosius.
685 2854 748 2885 VII,
768 2860 812 2886 25,
835 2860 865 2885 15
885 2853 924 2886 (ρ,
943 2853 1016 2885 266).
1364 2854 1433 2882 viii,-
1451 2854 1547 2880 aleuni
1566 2855 1689 2880 tuttavla
1703 2854 1814 2879 hanno·
1833 2854 1882 2879 vii.
2310 2847 2321 2886 ¹³,

345 2901 375 2929 ις
493 2895 504 2912 ⁵
525 2897 706 2927 Eunomus,
725 2896 760 2927 x,
782 2903 794 2922 ι
815 2895 891 2929 (με.
910 2895 981 2928 cia).
1444 2894 1466 2912 ¹³
1487 2895 1612 2928 copiato
1631 2896 1678 2921 <m
1695 2895 1726 2922 ι.
1745 2896 1789 2925 P..
1807 2895 1829 2927 1,
1855 2902 1904 2928 ³3=
1924 2895 1978 2919 Htc
2002 2895 2203 2920 amasam..
2220 2896 2267 2919 en.
2318 2888 2322 2901 ³

493 2936 505 2953 ⁶
524 2939 829 2970 Eunomusflomctt.
848 2938 1020 2969 ainterpola
1031 2938 1151 2970 qualche
1162 2937 1238 2963 truse
1249 2946 1309 2964 sua.
1442 2936 1463 2954 ¹⁴
1482 2938 1614 2964 Secondo
1633 2939 1661 2963 le
1682 2938 1760 2963 varie
1781 2938 1882 2962 lezioni
1904 2937 1945 2962 del
1964 2937 1994 2962 L.
2014 2937 2045 2962 P.
2059 2936 2192 2962 Milslade
2210 2943 2267 2961 non
2306 2940 2307 2944 ¹

493 2977 504 2994 ⁷
522 2979 703 3012 Eunomus,
722 2979 779 3005 loe.
799 2979 850 3005 cit.
869 2986 884 3004 e
903 2986 967 3011 cap.
987 2979 1014 3004 11
1033 2979 1073 3012 (p.
1096 2979 1166 3011 170).
1366 2979 1395 3005 tu
1415 2981 1544 3006 martire.

493 3018 506 3036 ⁸
525 3021 705 3053 Eunomus.
725 3021 760 3053 X,
782 3029 805 3047 ι.
