2398 3470
119 286 202 323 ιΑΑ.
221 287 255 315 c.
277 287 394 315 iios-1
403 286 472 322 1⁷³1
697 279 987 317 ROMUALm
1016 278 1378 316 SALERNITANI

121 353 1959 365 ...................................................................................................................................................................................................

202 405 338 437 Interea
362 402 477 436 Guido
500 402 706 441 Cremensia
729 403 790 446 qui
812 408 847 435 et
870 401 1050 435 Paschalis
1074 402 1188 435 dictus
1211 408 1273 444 est,
1297 407 1451 435 mortuus
1474 407 1535 434 est.
1582 400 1649 434 Cui
1671 400 1838 434 successit
1853 401 1962 433 intru-

119 468 176 491 sus
198 456 339 501 quidam
362 456 634 489 Tusculanensis
657 456 842 499 episcopus
864 455 1034 489 Iohannes
1056 455 1101 488 de
1125 454 1263 488 Struma
1285 456 1434 494 nomine,
1449 455 1508 498 qui
1524 460 1559 487 et
1574 453 1752 488 Calixtus¹
1771 464 1791 486 a
1806 453 1882 496 suis,
1899 464 1961 496 ap-

117 510 264 554 pellatus
285 515 346 542 est.
394 509 492 552 Papa
513 514 628 543 autem
650 508 863 547 Alexander,
887 509 942 542 uir
964 508 1156 542 catholicus
1179 514 1214 541 et
1237 508 1413 546 honestus,
1437 518 1516 541 cum
1538 508 1607 540 suis
1623 507 1857 541 cardinalibus
1869 507 1963 550 apud

121 563 362 597 Beneuentum
384 562 583 596 morabatur
594 562 617 601 ²,
640 568 676 595 et
698 562 748 595 ibi
771 561 815 595 ab
837 563 1048 605 imperatore
1071 561 1275 600 Grecomm,
1298 573 1319 594 a
1341 572 1424 606 rege
1456 561 1604 594 Francie
1637 567 1673 594 et
1703 560 1842 606 Anglie,
1878 566 1913 594 et
1943 573 1964 594 a

75 618 94 650 5
118 617 261 661 prelatis
283 616 511 650 ecelesiarum
535 617 672 650 nuntios
694 616 879 659 recipiens,
902 615 1043 659 negotia
1066 615 1306 649 ecclesiastica
1328 615 1507 658 sapienter
1529 621 1564 648 et
1586 615 1733 658 prouide
1749 614 1963 658 disponebat.

118 671 203 704 Post
224 670 290 703 hec
314 670 540 713 Campaniam
563 669 677 708 rediit,
701 676 735 703 et
756 675 901 713 rogante
924 667 1094 702 Ionatha³
1118 669 1259 702 domino
1283 668 1473 701 Tusculani
1498 674 1532 701 et
1553 668 1706 701 eiusdem
1731 668 1799 702 loci
1816 668 1961 707 ciuibus,

119 724 267 757 eandem
292 723 467 757 ciuitatem
490 724 527 756 in
549 733 609 756 sua
631 723 850 766 protectione
872 721 1018 764 recepit,
1042 727 1078 754 et
1100 722 1146 755 ad
1167 722 1262 754 illam
1286 732 1365 755 cum
1389 721 1623 755 cardinalibus
1647 728 1682 754 et
1703 728 1776 755 tota
1793 722 1888 755 curia
1904 732 1966 755 sua

118 777 283 820 perrexit,
307 783 343 810 et
365 777 607 820 prenominato
628 776 771 809 Ionathe
794 776 838 809 de
861 774 982 808 eadem
1006 774 1146 808 ciuitate
1170 775 1413 808 concambium
1435 774 1565 808 tribuit.
1612 775 1719 814 Quod
1741 775 1872 808 factum
1890 776 1965 809 Ro-

119 830 228 863 manis
250 829 394 862 muitum
417 829 604 872 displicuit,
626 829 821 862 recolentes
843 828 934 861 enim
958 828 1120 871 dampna,
1143 827 1287 860 iniurias
1310 834 1344 860 et
1374 827 1509 861 mortes'
1539 838 1676 861 suorum
1707 828 1845 867 ciuium,
1876 839 1960 872 quas

0 883 4 890 ’
60 873 99 917 10
121 883 403 917 Tusculanenses
425 894 505 916 cum
528 882 715 927 Raynaldo
738 881 956 926 imperatoris
979 881 1188 915 cancellario
1212 881 1262 914 eis
1284 881 1481 920 intulerant,
1496 882 1672 925 indignati
1687 888 1766 914 sunt
1781 882 1965 925 plurimum

120 943 156 970 et
178 937 317 977 turbati,
340 937 435 980 quod
457 935 659 969 Alexander
680 946 771 979 papa
793 935 1041 974 Tusculanum,
1065 945 1167 978 quam
1190 934 1256 977 ipsi
1280 935 1463 968 dextr-uere
1486 934 1693 973 nitebantur,
1715 935 1752 967 in
1776 946 1837 968 sua
1852 941 1968 979 prote-

122 991 215 1023 tione
238 995 439 1033 receperat;
463 994 498 1022 et
521 989 566 1022 ob
588 990 657 1022 hoc
679 989 768 1021 inter
791 999 851 1021 eos
873 994 909 1021 et
930 988 1125 1031 predictum
1147 998 1272 1031 papam
1295 997 1420 1031 guerra
1442 988 1589 1021 maxima
1613 994 1665 1021 est
1681 994 1799 1021 exorta
1811 988 1834 1021 ⁴.
1881 988 1962 1027 Que

122 1054 202 1076 cum
225 1043 413 1087 aliquando
436 1049 592 1086 tempore
614 1042 844 1085 perdurasset,
867 1042 1020 1075 Romani
1046 1047 1167 1085 utpote
1184 1041 1302 1075 callidi
1318 1047 1353 1074 et
1369 1041 1493 1080 dolosi,
1510 1041 1759 1085 benignitatem
1776 1041 1968 1075 Alexandri

122 1107 213 1140 pape
238 1097 550 1129 circumuenientes
570 1095 812 1138 promiserunt,
835 1095 929 1138 quod
952 1106 1030 1128 eum
1052 1101 1226 1138 tamquam
1247 1101 1381 1137 patrem
1405 1101 1441 1128 et
1463 1094 1638 1128 dominum
1660 1095 1697 1127 in
1719 1095 1815 1128 Urbe
1831 1096 1968 1138 recipe-

62 1149 100 1182 15
123 1154 213 1190 rent,
237 1155 272 1182 et
295 1149 469 1182 mandatis
490 1148 559 1181 suis
582 1147 731 1181 libenter
754 1148 947 1187 obedirent,
970 1149 999 1181 si
1021 1148 1260 1191 prenominate
1287 1147 1438 1181 ciuitatis
1467 1158 1584 1180 muros
1613 1148 1751 1181 dextrui
1780 1154 1966 1190 pateretur.

123 1202 324 1237 Alexander
346 1209 460 1235 autem
483 1212 575 1245 papa
597 1211 717 1235 eorum
739 1201 1026 1245 promissionibus
1040 1208 1076 1234 et
1097 1201 1215 1234 uerbis
1237 1201 1339 1234 fidem
1372 1201 1550 1241 adhibens,
1581 1212 1697 1235 muros
1727 1202 1883 1245 predicte
1915 1203 1965 1235 ci-

123 1255 237 1290 uitatis
260 1265 380 1299 passus
402 1261 456 1288 est
477 1255 580 1288 dirui.
626 1255 707 1294 Quo
729 1255 827 1289 facto
840 1254 852 1272 ⁸
876 1255 1029 1288 Romani
1052 1261 1136 1288 uoto
1159 1264 1220 1287 suo
1243 1254 1357 1298 potiti,
1381 1255 1476 1298 quod
1497 1265 1589 1298 pape
1613 1256 1842 1297 promiserant
1858 1255 1969 1288 adim-

123 1309 222 1352 plere
245 1309 440 1342 noluerunt.
485 1308 582 1351 Papa
603 1318 687 1342 uero
710 1319 732 1340 a
752 1308 921 1342 Romanis
943 1318 981 1341 se
1004 1308 1278 1342 circumuentum
1300 1307 1484 1352 plurimum
1512 1308 1716 1347 condolens,
1746 1309 1869 1342 turrim
1898 1309 1973 1341 Tu-

124 1364 345 1397 sculanorum
367 1363 469 1396 fossis
491 1368 526 1395 et
547 1362 654 1395 muris
677 1362 934 1396 circumuallari
956 1362 1052 1402 fecit,
1076 1368 1111 1396 et
1134 1362 1257 1395 relicta
1279 1362 1327 1395 ibi
1350 1362 1495 1396 militum
1519 1369 1554 1395 et
1574 1363 1732 1406 peditum
1755 1363 1966 1406 competenti

59 1417 102 1449 20
128 1416 298 1455 custodia,
321 1415 518 1459 Auagniam
540 1415 655 1454 rediit,
679 1421 715 1448 et
736 1415 784 1449 ibi
806 1415 915 1449 multo
938 1422 990 1449 est
1011 1421 1170 1458 tempore
1197 1415 1396 1449 demoratus
1408 1414 1431 1448 ⁸.

215 1468 289 1502 Illis
311 1475 427 1502 autem
450 1467 573 1502 diebus
594 1467 748 1502 Thomas
771 1467 1053 1502 Cantuariensis⁷
1077 1468 1370 1512 archiepiscopus,
1394 1470 1448 1502 uir
1477 1469 1660 1513 religiosus
1690 1476 1725 1502 et
1755 1470 1866 1503 Deum
1898 1480 1970 1503 me-

123 1529 234 1562 tuens,
257 1523 339 1556 dum
361 1533 425 1566 pro
447 1522 606 1556 libertate
630 1528 666 1556 et
688 1522 914 1556 ecclesiarum
936 1522 1075 1555 iustitiis
1097 1522 1249 1555 Henrico
1272 1523 1348 1566 regi
1371 1522 1499 1567 Anglie
1522 1522 1667 1556 uiriliter
1682 1529 1904 1566 repugnaret,
1927 1524 1971 1556 de

125 1575 253 1622 Anglia
275 1576 371 1609 exire
394 1576 591 1619 compulsus
613 1576 658 1609 ad
679 1585 799 1620 regem
821 1575 1035 1609 Lodouicum
1058 1575 1157 1608 uenit
1179 1575 1215 1607 in
1238 1576 1433 1615 Franciam‚
1456 1576 1514 1619 qui
1538 1586 1616 1608 eum
1640 1576 1685 1609 ob
1708 1587 1768 1609 sue
1790 1576 1971 1620 religionis

218 1696 241 1721 5.
256 1689 375 1721 negocla
392 1688 416 1713 C
431 1698 444 1712 e
461 1688 550 1714 Arndt
570 1702 601 1706 »-
620 1696 646 1721 9.
666 1687 823 1713 recolentes
841 1689 867 1713 ei
888 1695 989 1720 magna
1008 1688 1129 1713 iniurias
1147 1690 1176 1712 et
1194 1689 1300 1713 mortes
1318 1687 1543 1712 Tusculanenses
1562 1688 1592 1713 ds·
1603 1688 1697 1720 prima
1709 1696 1785 1713 mano
1801 1689 1840 1719 C,-
1853 1689 1923 1713 altra·
1933 1690 1979 1713 col

128 1731 210 1756 nuto
220 1731 367 1756 tacheam«,
379 1730 496 1756 sbu'adtto
508 1730 639 1764 agffl‘unse
659 1737 672 1755 s
691 1738 708 1755 a
728 1737 829 1763 magna
847 1738 862 1755 a
880 1731 948 1762 dopo
968 1731 1071 1755 mortes
1090 1730 1224 1762 aggius«
1242 1737 1310 1762 quas
1332 1730 1355 1756 C
1373 1744 1405 1748 —
1428 1737 1468 1755 10.
1488 1730 1634 1763 indignati
1653 1732 1719 1755 sunt
1739 1731 1770 1755 de·
1782 1731 1873 1763 prima
1886 1738 1974 1761 mano,

128 1774 200 1800 altri
209 1774 252 1799 :01
261 1774 340 1799 solito
352 1773 492 1799 {nenium
510 1773 625 1798 sbz'adsto
644 1773 778 1806 aggi-nse
796 1773 892 1802 etlam,
912 1773 937 1798 C
954 1786 985 1790 -
1008 1779 1048 1797 11.
1068 1772 1213 1797 nitebatur
1233 1773 1257 1798 C
1273 1786 1306 1791 —
1329 1779 1417 1798 11-12.
1435 1774 1577 1805 potestate
1598 1774 1713 1802 Can-¹05
1733 1773 1900 1798 defensione
1920 1774 1944 1798 C
1961 1782 1974 1796 e

129 1815 221 1842 Amat
238 1828 272 1834 —
294 1821 333 1840 12.
359 1822 409 1848 per
435 1815 473 1844 C?
498 1815 532 1840 ab
559 1815 661 1840 Carmo
680 1828 713 1833 —
735 1822 776 1848 ¹3·
795 1815 979 1848 perdurassed
1000 1815 1025 1840 C
1040 1823 1054 1840 e
1072 1813 1163 1840 Arndt
1182 1827 1214 1833 —
1237 1820 1277 1846 17.
1296 1822 1349 1847 que
1369 1816 1396 1840 B
1414 1822 1428 1838 e
1449 1816 1473 1841 C
1490 1828 1521 1833 ——
1544 1814 1634 1848 18-19.
1652 1815 1878 1840 Tusculanarum
1900 1815 1923 1840 C
1942 1829 1973 1832 —

0 2001 11 2077 ‚st-‚41
0 1781 11 1989 numum-muza
0 1726 4 1750 ...
0 1701 2 1715 „,

72 2132 106 2151 1‹)

75 2343 104 2370 ¹5

9 2558 23 2585 ιζ
73 2553 108 2572 20

23 2742 107 2796 .²⁵

131 1864 174 1884 π.
194 1858 318 1883 iusticsss
338 1858 362 1884 C
378 1866 393 1882 o
410 1857 501 1883 Arndt
519 1872 550 1875 —
571 1863 614 1889 ²3·
633 1857 798 1890 Ludoyeum
818 1858 842 1883 C
859 1865 873 1882 e
891 1857 983 1883 Arndt

131 1955 290 1988 “derivem
310 1955 344 1981 de
363 1956 486 1988 limpido
505 1955 687 1982 turbulentus
705 1955 826 1985 effectus,
846 1962 947 1989 sapore
969 1956 1022 1981 sal-

133 1998 219 2024 “sum
238 1998 329 2024 multa
348 1999 436 2024 maris
454 1999 634 2024 admixtIone
653 1999 844 2024 contraxit...
857 2018 862 2023 .
874 2015 896 2030 η,

219 2039 267 2066 Cf.
285 2040 402 2066 Penus
414 2040 583 2069 Brassxsrs.
597 2041 696 2072 Epist„
713 2041 758 2072 46,
772 2042 802 2065 in
816 2040 930 2072 Mxorur,
945 2041 1024 2066 Patr.

130 2083 195 2108 Lae.
214 2085 278 2113 cit.;
298 2091 312 2108 e
332 2084 361 2108 in
381 2082 415 2108 R.
434 2083 531 2115 Prsia,
552 2083 606 2109 Sic.
628 2083 723 2113 Sacra,
743 2083 764 2113 1,
783 2089 844 2117 521,
870 2084 880 2108 1
902 2084 976 2108 versi
996 2083 1024 2108 di

130 2124 279 2151 Mamvs
297 2125 466 2157 Snvaoms,
492 2127 538 2150 De
559 2126 645 2151 trihus
666 2118 836 2159 ,terebris-is,
863 2126 882 2151 f.
908 2132 949 2158 24,
977 2126 1027 2150 che

130 2167 305 2194 descrlvono
324 2167 347 2193 11
366 2170 522 2193 terremoto
542 2168 572 2193 dl
591 2166 724 2193 Catanla.

219 2209 260 2236 Ls
279 2210 352 2236 festa
371 2210 401 2235 di
421 2209 448 2235 S.
469 2211 571 2243 Agata.
592 2211 709 2244 vergine
733 2217 748 2235 e
774 2211 891 2235 martire
916 2211 945 2235 di
973 2210 1027 2236 Ca-

131 2253 221 2283 tulla,
233 2252 301 2278 eade
315 2252 336 2277 il
356 2257 370 2284 5
392 2252 535 2284 ἱὼὶπιίος
549 2252 586 2277 ef.
607 2253 797 2285 Martyrologe
810 2253 958 2283 universal,
976 2252 1028 2277 Pa—

132 2294 181 2324 ris.
203 2293 278 2326 1780,
300 2294 466 2327 riprodotto
486 2295 517 2320 in
536 2295 690 2320 Annua-'res
708 2295 799 2320 histor.
819 2296 852 2320 de
871 2297 899 2320 la
920 2295 977 2320 Soc.
996 2296 1028 2320 de

132 2336 214 2363 l’hr'st.
233 2338 266 2362 de
284 2338 398 2369 France,
422 2337 498 2370 1857,
519 2337 596 2371 ¹858,
617 2336 694 2367 1860,
713 2338 740 2362 al
762 2345 851 2362 nome.

220 2378 231 2396 ¹
251 2379 365 2405 Callsto
385 2378 434 2405 111.

221 2419 233 2437 ²
253 2421 367 2454 Agosto
388 2420 465 2454 1167.
485 2422 541 2447 feb.
563 2428 638 2455 1170.

220 2462 232 2480 ⁸
244 2462 325 2495 Cloe,
338 2463 486 2497 Raynone.
499 2462 545 2489 Cf.
559 2463 643 2493 Boeo,
653 2464 737 2489 Liber
746 2464 859 2498 Por-tif,
873 2464 908 2492 11.
922 2472 948 2498 p.
962 2471 1029 2498 423:

135 2504 222 2538 “Ipse
248 2513 317 2532 vero
342 2505 449 2540 (papa),
475 2506 616 2531 celebrata
639 2506 802 2532 Natlvltste
825 2506 906 2532 beate
929 2506 1029 2536 Mar-ie,

134 2547 221 2573 'cum
240 2548 379 2574 fratribus
404 2549 463 2574 suis
483 2548 516 2573 de
541 2547 655 2574 Verulis
681 2549 780 2574 exiens
805 2551 833 2574 et
858 2557 955 2574 versus
974 2550 1030 2575 Tu-

136 2590 308 2617 “sculnnum
327 2592 492 2626 procedens.
512 2592 542 2617 ln
563 2591 666 2624 vigilia
685 2592 777 2617 sancti
796 2590 871 2617 Luce
896 2590 941 2626 (17
967 2591 1030 2624 ott.)

137 2632 223 2658 “cum
248 2634 343 2667 gloria
361 2635 389 2659 et
408 2634 518 2659 honore
542 2634 689 2658 civitatem
710 2634 800 2666 ipsam
814 2634 944 2665 lntnvlt,
958 2635 986 2659 et
999 2634 1030 2659 ln

135 2676 149 2690 ‘¹
159 2675 270 2709 palatlo
289 2676 380 2709 ipsius
393 2676 466 2701 arcis
480 2677 621 2708 tamquam
642 2675 776 2700 dominus
789 2683 839 2708 per
850 2674 943 2701 XXVI
956 2683 1030 2701 men-

137 2718 151 2732 “
162 2725 204 2743 ses
224 2717 328 2743 resedit
338 2734 363 2750 ‚-

223 2760 416 2785 11Ducheme
436 2762 504 2785 nota
533 2760 583 2785 che
608 2759 784 2785 Alessandro
813 2759 887 2793 parti
917 2761 952 2786 da
978 2761 1028 2785 Ve-

136 2803 193 2828 roll
212 2802 234 2827 11
258 2809 288 2827 12
307 2803 372 2827 cett.
395 2807 475 2833 1170:
496 2803 519 2827 ⁸1
540 2801 631 2827 fermo
654 2802 688 2827 sd
708 2801 813 2831 Alatri,
834 2810 848 2827 a
868 2802 1032 2832 Ferentlno.

137 2845 171 2870 ad
191 2844 307 2878 Anagnl
328 2851 342 2868 e
361 2843 458 2877 Segn1‚
477 2845 550 2869 dove
570 2845 600 2869 su
619 2844 642 2869 11
665 2851 694 2876 ¹3
715 2844 844 2874 ottobre;
864 2844 936 2878 1130
954 2845 1032 2870 dello

136 2888 226 2912 steno
246 2894 320 2912 mese
339 2893 396 2912 una
414 2886 488 2912 delle
509 2893 557 2913 sue
576 2886 675 2912 lettere
694 2885 708 2911 ὲ
725 2886 823 2912 datsta
842 2886 878 2912 da
898 2887 1032 2917 Tuscoio,

136 2930 210 2955 dove
234 2927 346 2954 dimoto
371 2928 428 2954 fluo
453 2929 480 2954 al
506 2930 631 2963 germaio
659 2934 734 2962 1173.
773 2929 911 2961 L'Arndt,
937 2930 1033 2956 rlnvia

75 2976 112 3004 ³0
138 2971 195 2997 alls
215 2973 285 2997 nota
304 2971 332 2997 di
354 2970 403 2997 Cr..
422 2970 644 3000 Wsnzxsncn.
667 2971 727 2996 “ad
747 2972 857 2998 Petrum
883 2973 967 3001 Cass..
992 2973 1034 2998 M.

146 3012 177 3038 G.
199 3013 235 3038 H.
256 3013 317 3044 SS.,
336 3011 397 3045 vn,
419 3019 478 3046 791.
499 3021 526 3038 n.
548 3019 577 3039 η
589 3031 613 3046 η.

228 3053 241 3072 ⁴
259 3055 346 3085 Boeo.
366 3055 450 3081 Liber
469 3056 572 3089 Pontis.
591 3055 625 3087 11,
647 3063 675 3090 p.
694 3062 744 3089 4²3
759 3064 773 3080 e
793 3063 851 3089 rga
879 3055 1034 3082 “Ceterum

1081 1955 1095 1969 “
1105 1956 1228 1989 populus
1241 1955 1387 1981 Romanus
1400 1957 1448 1988 qui
1462 1956 1498 1981 ad
1512 1956 1735 1981 destructionem
1751 1957 1830 1981 illius
1843 1956 1901 1981 loci
1916 1963 1974 1981 non

1081 1998 1095 2011 “
1106 1998 1287 2023 mediocriter
1307 1998 1481 2030 intendebat,
1496 2000 1597 2023 contra
1611 1999 1703 2030 ipsum
1716 1998 1881 2032 pontificem
1894 2006 1977 2032 super

1082 2040 1159 2066 “hoc
1179 2041 1262 2066 valde
1281 2041 1448 2073 indignatus
1467 2042 1510 2066 est
1531 2042 1559 2066 et
1580 2042 1665 2065 nimis
1686 2043 1851 2073 commotus,
1872 2048 1977 2075 propo-

1080 2084 1094 2100 ¹
1105 2091 1174 2109 nens
1188 2091 1250 2109 cum
1259 2085 1329 2117 typo
1343 2084 1472 2117 superbIe
1485 2084 1561 2116 quod
1573 2085 1720 2109 civitatem
1730 2085 1822 2117 ipsam
1834 2091 1883 2116 per
1893 2091 1976 2116 quam

1083 2124 1229 2160 “populus
1248 2125 1309 2159 ipse
1328 2129 1385 2150 tam
1405 2132 1492 2158 grave
1511 2126 1703 2151 infortunium
1729 2128 1854 2150 recenter
1879 2133 1978 2159 passus

1083 2169 1096 2182 ¹⁴
1109 2169 1201 2194 fuerat
1220 2175 1310 2200 neque
1330 2169 1403 2193 tueri
1423 2169 1557 2193 debuerat
1578 2176 1667 2200 neque
1687 2170 1810 2201 recipere
1813 2185 1906 2199 ......

1169 2209 1181 2227 ⁵
1201 2211 1320 2236 Annales
1348 2210 1465 2239 Ceccan..
1492 2211 1533 2235 M.
1562 2211 1594 2236 G.
1624 2212 1658 2236 H.
1686 2211 1745 2242 SS.,
1772 2210 1846 2239 XIX,
1869 2218 1897 2244 p.
1916 2209 1975 2242 286,

1081 2259 1128 2278 an.
1150 2259 1233 2286 1172:
1254 2252 1443 2278 “Alexander
1463 2259 1536 2286 papa
1557 2253 1626 2278 fecit
1644 2253 1727 2277 finem
1748 2260 1810 2277 cum
1829 2253 1977 2282 Romame,

1082 2294 1156 2327 'qui
1183 2295 1384 2320 destruxerunt
1412 2302 1507 2320 muros
1533 2296 1662 2320 civitatis
1694 2295 1856 2320 Tusculane
1884 2302 1976 2320 mense

1084 2338 1097 2351 ¹‘
1107 2337 1279 2362 Novembris
1289 2356 1315 2370 „.

1170 2380 1257 2411 Bono.
1283 2380 1367 2405 Liber
1392 2380 1504 2414 Pontxf,
1531 2379 1566 2410 11,
1590 2388 1617 2413 p.
1643 2387 1712 2413 424:
1813 2387 1876 2405 cum
1902 2381 1979 2404 exte-

1085 2422 1188 2447 “rlora
1206 2422 1283 2447 valla
1302 2422 1425 2448 fuissent
1451 2424 1507 2447 iam
1533 2423 1725 2455 complanata,
1751 2424 1842 2447 turres
1867 2429 1980 2454 quoque

1084 2464 1162 2490 ‘nite
1186 2472 1268 2498 super
1294 2472 1389 2490 muros
1417 2466 1575 2490 anteriores
1603 2467 1763 2490 costernate
1791 2466 1924 2493 iacerent,
1953 2466 1981 2488 et

1084 2507 1233 2541 “ipsorum
1247 2516 1390 2533 murorum
1410 2508 1555 2533 fortitudo
1581 2509 1768 2540 conquassata
1795 2507 1869 2532 soret
1894 2509 1979 2538 atque

1085 2550 1264 2582 “confracta,
1285 2550 1407 2584 popolus
1434 2551 1503 2583 ipse,
1523 2551 1711 2575 iuramentum
1732 2557 1846 2575 suorum
1865 2549 1981 2578 obiitus,

1087 2591 1100 2605 ¹‘
1111 2593 1169 2617 non
1190 2594 1232 2617 est
1245 2594 1398 2617 contentus
1412 2592 1546 2626 prefixam
1561 2592 1613 2617 sibi
1629 2599 1786 2617 mensuram
1802 2593 1875 2616 sicut
1890 2591 1981 2616 ruerat

1086 2634 1299 2661 “con-titutum
1324 2642 1444 2664 servare,
1465 2636 1507 2660 set
1526 2637 1627 2660 contra
1647 2635 1740 2660 datam
1765 2634 1848 2659 fldem
1874 2637 1902 2659 et
1920 2642 1980 2668 pre—

1087 2677 1179 2703 “stlta
1199 2679 1366 2709 iuramenta,
1387 2679 1485 2703 contra
1505 2679 1591 2702 etiam
1611 2677 1838 2709 prohibitionem
1859 2677 1982 2701 Alexan-

1088 2720 1154 2746 “dri
1175 2728 1247 2753 pape
1266 2727 1437 2752 suorumque
1458 2720 1586 2748 fratrum.
1606 2727 1704 2744 omnes
1730 2727 1826 2745 muros
1852 2719 1981 2744 civitatis

1086 2761 1100 2775 ‘¹
1110 2770 1197 2795 usque
1216 2763 1251 2787 ad
1272 2770 1363 2787 arcem
1377 2771 1392 2787 a
1406 2762 1600 2787 fundamentis
1616 2762 1794 2794 impudenter
1807 2762 1948 2787 destruxit
1958 2780 1980 2793 ,,.

1174 2803 1186 2821 ⁸
1203 2805 1227 2830 Il
1242 2813 1314 2838 papa
1329 2806 1351 2830 si
1367 2804 1450 2830 rititb
1464 2811 1480 2829 a
1492 2804 1587 2837 Segni,
1601 2804 1674 2829 dove
1693 2805 1795 2829 rimase
1809 2804 1856 2829 dal
1872 2810 1903 2835 27
1919 2812 1981 2836 gen.

1089 2854 1154 2881 ¹¹⁷³
1173 2848 1232 2881 agii
1262 2848 1357 2872 ultimi
1383 2847 1480 2879 giorni
1506 2847 1550 2871 del
1572 2853 1667 2871 marzo
1692 2849 1834 2879 seguente.
1872 2846 1927 2871 Dal
1949 2846 1982 2870 28

1088 2897 1184 2915 marzo
1204 2890 1235 2914 su
1254 2890 1289 2914 ad
1309 2890 1436 2922 Anagni.

1175 2930 1186 2947 '¹
1206 2933 1360 2957 Tommaso
1379 2932 1481 2956 Becket
1495 2938 1617 2956 vescovo
1631 2931 1660 2956 dl
1675 2931 1853 2963 Canterbury
1868 2931 1899 2955 fu
1912 2931 1982 2956 mol-

1088 2975 1120 2999 to
1143 2974 1234 2999 amieo
1260 2974 1290 2999 dl
1315 2973 1456 2998 Riceardo
1485 2972 1604 3003 Palma,
1633 2980 1755 2998 vescovo
1781 2973 1811 2998 dl
1836 2972 1981 2998 siracusa:

1088 3015 1184 3047 Ρικιι,
1204 3016 1256 3042 Sic.
1278 3016 1371 3047 Sacra,
1391 3015 1412 3047 1,
1428 3022 1493 3048 400.
1512 3014 1561 3040 621
1576 3023 1592 3041 e
1604 3022 1664 3048 sg.3
1683 3015 1836 3040 Toumxso
1853 3022 1886 3041 m
1907 3014 1984 3041 Can·

1089 3063 1233 3089 nasuav,
1253 3058 1350 3089 Epist..
1371 3058 1401 3083 ln
1422 3057 1534 3089 Mmus,
1550 3058 1631 3084 Patr.
1646 3058 1716 3087 Lat,
1731 3057 1816 3088 CXC,
1829 3057 1882 3091 ⁶²4
1896 3065 1910 3082 e
1923 3056 1985 3083 626.

2001 464 2052 484 1168
2066 466 2123 488 sept.
2140 469 2165 483 πο

2076 684 2126 703 ¹¹7⁰

2049 787 2094 808 oct.
2113 790 2135 809 17

2050 845 2069 859 c.
2085 840 2124 863 ²⁴6
2131 844 2146 859 α

2077 1004 2125 1024 1¹7²

2068 1219 2121 1233 nov.

2079 1379 2130 1399 1173

2035 1429 2099 1447 mati.
2116 1433 2153 1449 ex.

2074 1588 2123 1611 ¹165

2006 2050 2037 2075 35

2008 2474 2040 2499 45

2011 2686 2045 2711 50

2011 2893 2042 2920 55
