2398 3470
179 237 245 258 Μυιι.
262 243 281 257 c.
298 238 333 257 166

175 343 313 363 Benedictus
337 343 345 363 l
355 343 368 362 I
369 343 394 363 ll

198 371 221 394 p.
234 375 344 394 10124024.

179 396 295 416 Henricus
304 396 330 416 II
338 397 390 421 imp.

200 427 252 447 1014.
265 422 332 443 Febr.
347 428 376 447 ¹4-

175 448 276 469 Basilius
293 449 382 473 Bojoan

199 481 245 495 nes.
260 476 391 500 Campanus

200 508 250 526 ¹0¹7·
267 502 316 522 dec.

348 1296 379 1313 10

346 1525 375 1551 15

342 1740 375 1757 20

339 2206 382 2231 30³

340 2419 371 2443 35

338 2631 372 2657 40

337 2862 369 2887 45

1182 226 1499 264 CHRONlCON
1951 237 2002 272 [A.
2023 238 2055 265 c.
2078 239 2269 274 1012-1018]

413 344 625 377 Benedictus
648 345 758 377 frater
781 344 938 377 Alberici
960 345 1120 388 papalem
1146 345 1298 387 suscepit
1321 345 1533 378 cathedram.
1581 346 1716 379 Eodem
1739 357 1831 380 anno
1854 347 2027 382 Henricus
2054 349 2267 382 Alamanno-

413 408 488 430 rum
511 408 572 429 rex
595 397 744 430 Romam
768 397 864 430 uenit
887 403 922 430 et
945 398 988 431 ab
1011 398 1136 431 eodem
1160 397 1356 431 Benedicto
1379 408 1471 441 papa
1495 408 1661 432 coronam
1685 400 1823 442 accepit
1846 401 1980 444 imperii
2011 407 2047 434 et
2079 403 2267 445 imperator

385 460 391 464 ·
414 450 607 493 appellatus
630 456 692 483 est.
739 450 840 483 Sedit
863 456 978 483 autem
1000 450 1075 493 ipse
1099 450 1312 483 Benedictus
1334 451 1436 483 annis
1457 451 1509 484 XI
1533 462 1651 484 mense
1675 451 1723 484 1¹.
1770 453 1839 485 Per
1861 453 1953 486 idem
1968 460 2105 498 tempus
2120 453 2268 488 Basilius

416 510 450 536 et
472 503 717 536 Constantinus
739 504 848 536 frater
871 503 944 536 eius
963 502 1339 546 Constantinopolitani
1355 504 1520 537 catholici
1536 505 1764 548 imperatores
1780 507 1977 550 catipanum
1989 506 2002 525 ¹
2016 517 2114 540 suum
2129 507 2266 541 nomine

409 557 553 599 Bugano
577 567 703 600 mag-na
724 568 801 590 cum
824 557 978 590 thesauri
1001 558 1149 600 pecunia
1174 556 1376 590 direxerunt
1398 563 1435 590 ut
1457 557 1623 600 Apuliam
1651 569 1730 591 cum
1762 559 2032 604 circumquaque
2063 561 2264 606 regionibus

408 610 473 643 sibi
495 610 701 643 uendicaret
725 621 766 643 ac
781 610 955 653 imperiali
972 610 1037 643 iuri
1054 616 1290 652 componeret.
1338 610 1409 649 Qui
1424 612 1568 644 ueniens
1585 613 1681 654 cepit
1697 612 1815 645 omnia
1830 613 2016 657 tranquille
2037 623 2143 659 agere
2161 619 2264 658 atque

409 669 546 695 strenue
570 663 732 697 ordinare
745 662 768 696 ³.

497 716 602 749 Anno
626 717 756 749 domini
779 717 921 761 MXIIJ.
945 717 1136 751 indictione
1160 716 1186 749 Ι.
1235 716 1301 749 Hic
1324 717 1361 750 in
1385 718 1514 760 Apuiie
1538 719 1662 752 finibus
1684 719 1925 753 rehedificauit
1940 720 2116 754 ciuitatem
2133 720 2195 753 diu
2211 720 2266 754 di-

408 776 516 802 rutam
540 771 821 815 nuncupauitque
846 782 922 803 eam
945 770 1099 810 Troiam,
1131 780 1198 813 que
1230 770 1420 814 antiquitus
1450 771 1570 804 Ecana
1601 772 1814 806 uocabatur⁴
1838 779 1874 806 et
1895 773 1988 806 iussu
2018 773 2265 816 imperatorum

496 903 518 922 2.
534 897 665 923 Benedic.
680 899 704 923 C
714 899 745 923 di
750 899 845 929 prima
858 907 941 930 mano,
958 900 1092 932 aggiunto
1106 899 1209 923 d'altra
1229 906 1304 922 mano
1318 906 1331 921 e
1345 906 1390 922 con
1409 900 1482 923 altro
1494 900 1636 925 inchiostro
1650 902 1681 925 to
1697 908 1768 938 -νς,
1787 901 1941 934 Bubagano
1961 902 1988 926 B
2007 915 2039 919 -—
2060 899 2084 926 8.
2103 899 2264 926 rediflcnuit

409 943 435 966 B
447 955 477 959 —
492 949 518 975 9.
532 943 708 975 nuncupauit
723 944 747 969 C
758 944 789 968 di
794 944 888 974 prima
907 953 991 976 mano,
1007 945 1042 969 da
1056 944 1125 968 altri
1129 943 1169 976 fu
1182 943 1316 975 aggiunto
1325 942 1388 973 poi.-
1406 950 1459 975 que

498 1003 505 1020 ¹
526 1005 558 1030 L.
588 1006 626 1037 P„
653 1006 688 1035 Π,
708 1005 775 1032 268:
797 1007 873 1033 “....
893 1007 969 1032 sedit
997 1015 1063 1032 ann.
1089 1006 1129 1031 XI
1157 1013 1243 1030 mens.
1266 1004 1306 1030 XI

407 1046 466 1071 dies
485 1047 585 1080 XXI„.
605 1040 627 1072 E
647 1050 795 1082 probabile
814 1051 865 1075 che
884 1058 911 1075 R.
932 1050 1017 1075 abbia
1036 1051 1143 1074 attinto
1171 1049 1217 1073 dal
1241 1048 1303 1073 Cod.

411 1089 631 1123 Hannoveranus,
650 1091 673 1122 Ι,
692 1099 717 1125 9,
737 1092 811 1117 dove
829 1094 855 1118 si
882 1091 979 1117 dunno
1006 1100 1022 1117 a
1047 1092 1203 1117 Benedetto
1230 1091 1305 1121 vm,

407 1130 503 1155 undici
523 1132 594 1156 anni
613 1139 628 1156 e
646 1134 833 1166 venticinque
856 1136 956 1168 giomi
982 1135 1013 1159 di
1038 1133 1218 1167 pontificato,
1244 1141 1258 1158 e
1279 1134 1304 1158 sl

406 1174 579 1206 soggiunge:
593 1175 668 1200 “Hic
678 1175 845 1201 Heinricum
855 1178 1006 1202 ordinavit
1019 1178 1245 1210 imperatorem..
1256 1195 1276 1201 ..
1288 1195 1301 1207 ‚‚

405 1214 445 1239 La
465 1215 532 1241 data
551 1217 844 1243 dell‘incoronazione
862 1219 893 1244 di
912 1219 1019 1244 Enrico
1038 1219 1064 1243 ΙΙ
1084 1220 1108 1243 si
1122 1219 1157 1243 ha
1172 1219 1217 1242 nel
1238 1218 1303 1244 Sas-

405 1265 475 1282 sone
494 1258 716 1290 Tmssrmmuus,
738 1261 892 1293 chronicon,
907 1261 967 1291 VH,
981 1269 1041 1294 cap.
1059 1269 1081 1290 1,
1096 1263 1125 1285 in
1146 1262 1187 1286 M.
1213 1262 1243 1286 G.
1257 1262 1302 1289 H„

407 1299 458 1325 SS.
485 1301 534 1332 111,
556 1301 623 1334 836:
652 1303 811 1329 “Decursis
837 1305 983 1329 dominice
1008 1305 1211 1329 incarnatione
1237 1306 1303 1336 post

408 1343 420 1355 “
431 1343 586 1368 millenarii
608 1345 819 1377 plenitudinem
839 1354 914 1371 num.
934 1348 1020 1372 annis
1033 1346 1100 1372 XIII
1118 1348 1146 1371 et
1161 1347 1191 1371 in
1207 1347 1312 1371 subse-⁸

408 1386 421 1398 “
431 1387 544 1418 quentis
555 1388 639 1412 annis
653 1389 776 1413 secundo
790 1397 885 1414 mense
897 1397 929 1414 ac
942 1390 1101 1414 ebdomada
1115 1390 1211 1419 tercia,
1225 1397 1303 1414 anno

406 1427 419 1441 “
431 1431 523 1453 autem
543 1431 623 1461 regni
643 1431 704 1455 elus
722 1433 813 1456 tercio
832 1431 944 1457 decimo
964 1433 991 1456 et
1011 1432 1054 1456 die
1074 1433 1219 1457 dominica
1238 1432 1303 1457 Kal.

406 1470 419 1483 “
431 1471 541 1502 marcii,
554 1471 704 1497 Heinricus
716 1473 771 1497 Dei
786 1475 880 1506 gratia
894 1482 943 1499 rex
957 1474 1085 1499 inclitus.
1097 1493 1102 1499 .
1111 1491 1132 1499 ..
1148 1475 1183 1499 ad
1197 1475 1290 1499 aeccle

406 1513 419 1527 “
430 1512 498 1537 siam
513 1515 604 1538 sancti
613 1514 692 1539 Petri
703 1516 792 1540 venit.
801 1534 806 1540 .
815 1533 836 1541 ..
850 1518 878 1541 et
888 1518 956 1541 tunc
967 1517 1108 1541 abeodem
1122 1516 1301 1549 (Benedicto)

405 1553 418 1568 ‘⁴
431 1556 595 1581 unctionem
614 1559 643 1582 et
662 1565 798 1582 coronam
816 1566 879 1583 curn
899 1559 1059 1583 contentali
1074 1567 1123 1584 sua
1137 1561 1265 1592 suscepit
1276 1578 1300 1591 η.

404 1597 461 1622 Ben
482 1607 497 1623 a
516 1599 633 1632 ragione
652 1599 737 1626 Sasso
757 1599 827 1626 noto
847 1609 862 1626 a
884 1608 936 1626 suo
956 1603 1066 1634 tempo:
1086 1601 1176 1626 “Non
1202 1602 1300 1627 eodem

404 1640 418 1654 ⁸
428 1648 514 1670 anno,
533 1641 581 1666 sed
600 1641 697 1667 MXIV
706 1659 731 1674 ἢ.

492 1681 503 1698 ²
521 1683 605 1709 Delia
624 1686 716 1710 carica
736 1686 781 1710 del
801 1685 952 1719 Catapano
972 1685 1125 1711 neiPItaiia
1145 1687 1173 1711 di
1194 1694 1301 1716 mezzo,

402 1725 553 1751 dominator
571 1730 654 1756 terre,
674 1727 723 1752 che
743 1727 824 1752 diede
843 1728 958 1760 origine
977 1729 1003 1752 al
1024 1735 1107 1753 nome
1127 1729 1157 1753 di
1178 1727 1298 1761 Capitu-

403 1770 478 1799 nata,
497 1767 511 1792 ὲ
538 1769 591 1793 ben
613 1771 682 1795 nota
710 1770 738 1795 la
767 1770 937 1795 definizione
967 1771 1034 1795 data
1066 1771 1101 1796 da
1132 1770 1299 1804 Guglielmo

402 1809 519 1842 Appulo
538 1810 596 1842 (XI,
617 1819 643 1836 v.
663 1810 770 1845 86-89):

492 1874 573 1906 Quod
588 1877 704 1905 catapan
729 1875 830 1900 Graeci
847 1883 893 1900 nos
913 1875 986 1900 iuxta
1005 1876 1118 1901 dicimus
1137 1883 1212 1900 omne

491 1915 619 1948 Quisquis
638 1917 711 1947 apud
727 1918 840 1942 Danaos
859 1918 918 1942 vice
930 1918 1066 1951 fungitur
1088 1919 1162 1943 huius
1187 1919 1299 1949 honoris,

489 1958 643 1990 Dispositor
656 1960 754 1990 populi
766 1963 856 1990 parat
873 1968 948 1985 omne
966 1962 1036 1992 quod
1053 1961 1157 1992 expedit
1175 1962 1228 1992 illi,

490 2000 530 2024 Et
547 2001 620 2026 iuxta
638 2002 708 2033 quod
724 2002 814 2034 cuique
834 2003 900 2027 dari
916 2003 992 2027 decet
1010 2011 1082 2028 omne
1101 2004 1246 2029 ministrat.

488 2059 500 2077 ⁸
531 2062 631 2087 Anche
662 2064 711 2096 qui
740 2064 769 2089 vl
800 2065 837 2089 ha
865 2072 960 2089 errore
989 2065 1064 2090 nella
1092 2066 1166 2090 data.
1196 2065 1296 2098 Lupus

401 2103 643 2137 protospatarius,
661 2106 739 2139 dopo
758 2114 825 2131 aver
844 2107 957 2140 parlato
972 2108 1016 2132 nel
1032 2114 1098 2141 1917
1113 2108 1190 2133 delia
1205 2110 1296 2133 morte

401 2146 429 2169 di
450 2146 560 2171 Basilio
573 2146 769 2172 Mesardonite
782 2156 796 2173 e
810 2149 961 2174 dell'invio
973 2150 1000 2174 di
1016 2150 1175 2175 Tornikios
1189 2149 1297 2175 Conto-

401 2188 467 2212 ieon
488 2189 533 2213 nel
558 2191 672 2222 maggio
698 2191 729 2215 di
757 2191 854 2223 quello
883 2193 972 2216 stesso
1005 2200 1089 2224 anno,
1121 2194 1295 2226 soggiunge:

402 2231 414 2243 ¹⁴
429 2231 498 2257 1018
510 2233 569 2257 ind.
580 2234 682 2265 prima.
716 2234 872 2259 Descendit
885 2234 1009 2260 Basilius
1020 2234 1195 2268 Catapanus,
1205 2237 1255 2268 qui
1268 2238 1296 2260 et

402 2273 415 2286 “
425 2274 579 2306 Bugianus,
592 2277 620 2300 et
639 2275 811 2301 Alabantius
825 2277 968 2302 Patricius
981 2285 1076 2302 mense
1089 2278 1118 2303 di
1132 2278 1296 2309 decembris,

403 2315 416 2329 “
427 2318 455 2341 et
468 2317 602 2350 Ligorius
615 2317 780 2351 Topoteriti
795 2319 863 2343 fecit
876 2319 1016 2352 proelium
1030 2320 1130 2350 Trani,
1144 2323 1171 2345 et
1185 2322 1296 2345 occisus

403 2358 468 2383 “est
486 2359 670 2384 Iohannitius
689 2360 868 2394 Protospata,
890 2363 918 2385 et
935 2361 1073 2387 Romoalt
1093 2364 1192 2395 captus
1211 2365 1254 2388 est
1267 2365 1295 2388 et

403 2403 414 2414 ‘¹
426 2402 457 2426 in
468 2400 757 2435 Constantinopolim
767 2403 934 2435 deportatus
948 2406 990 2428 est
1001 2421 1025 2436 η.
1037 2404 1061 2428 Il
1072 2412 1144 2430 mese
1156 2405 1296 2432 dicembre

399 2452 413 2468 e
433 2444 600 2469 l’indizlone
619 2446 711 2478 prima
732 2445 759 2469 ci
777 2447 901 2478 portano
919 2453 936 2470 a
955 2446 1122 2471 concludere
1142 2447 1191 2472 che
1211 2448 1238 2472 la
1253 2455 1296 2472 ve-

399 2487 467 2510 nuta
481 2486 510 2510 di
523 2487 623 2517 questo
636 2485 786 2519 Catapano
799 2487 830 2512 in
844 2487 931 2511 Italia
945 2494 1075 2512 avvenne
1086 2488 1132 2512 nel
1146 2488 1200 2513 dic.
1218 2495 1295 2521 1017,

399 2528 432 2552 ed
451 2525 466 2552 ὲ
487 2529 517 2552 in
537 2530 636 2560 questo
656 2535 739 2553 senso
759 2529 809 2554 che
829 2536 864 2554 va
877 2529 1041 2554 modificato
1056 2530 1077 2554 il
1093 2530 1169 2559 1018,
1184 2532 1295 2557 accolto

398 2570 444 2594 dal
464 2570 592 2601 DEI-Aac,
612 2571 666 2596 Les
683 2572 838 2596 Normands
858 2580 889 2596 en
911 2572 1000 2601 Italic,
1019 2571 1110 2603 Paris,
1133 2571 1209 2605 1883,
1223 2581 1249 2598 v.
1270 2581 1293 2598 1.

398 2620 423 2645 p.
444 2619 475 2645 5¹
497 2620 511 2636 e
531 2613 599 2646 seg.)
619 2620 634 2637 e
653 2612 700 2637 dai
720 2612 795 2643 Gar,
815 2616 857 2645 op.
875 2614 920 2638 cit.
940 2622 967 2647 p.
986 2620 1040 2647 410
1058 2622 1072 2639 e
1093 2622 1150 2647 seg.

485 2654 511 2679 Il
531 2662 612 2680 nome
623 2655 668 2680 dei
688 2655 839 2689 Catapano
854 2654 987 2690 βασιλίως
999 2657 1050 2682 τοῦ
1063 2655 1149 2683 Βοιῶ.
1160 2674 1165 2681 .
1175 2675 1197 2682 ..
1221 2660 1295 2682 reln-

399 2699 510 2730 tegrato
530 2698 608 2722 dallo
627 2698 789 2730 Zampelios
809 2695 1055 2730 [Ίταλοελλενικὰ,
1074 2706 1101 2732 p.
1123 2698 1169 2732 9¹)
1197 2701 1226 2724 in
1247 2699 1295 2733 βο-

399 2737 548 2773 “offis-mg}
568 2740 615 2765 dai
637 2741 714 2765 sonti
732 2741 818 2766 latini
832 2739 872 2766 c’e
891 2741 959 2765 dato
973 2742 1003 2765 in
1019 2741 1098 2766 varie
1111 2741 1210 2767 forme.
1225 2741 1294 2767 Cosi

398 2780 565 2814 Guglieimo
584 2782 701 2816 Appulo
723 2781 776 2815 (M.
800 2783 832 2808 G.
852 2782 898 2814 E,
919 2783 971 2808 SS.
989 2783 1038 2812 Ix,
1058 2783 1136 2816 243)=

487 2846 580 2870 Multa
605 2845 766 2870 Graecorum
785 2853 842 2870 cum
857 2849 944 2878 gente
962 2845 1085 2870 Basilius
1105 2846 1147 2870 ire

486 2886 582 2918 Iussus,
602 2887 630 2912 in
648 2888 714 2912 hunc
732 2888 819 2912 audax
838 2895 905 2912 anno
924 2891 1013 2912 movet
1031 2895 1108 2912 arma
1126 2889 1259 2920 sequenti:

488 2929 540 2954 Cui
558 2930 681 2960 Catapan
693 2930 774 2962 facto
792 2938 934 2962 cognomen
953 2934 1014 2955 erat
1032 2930 1185 2962 Baglanus.

370 2991 449 3025 Lupo
479 2992 656 3024 Pmtmpata,
675 3000 754 3016 ern:
777 2993 929 3021 vsimnv,
952 2994 980 3016 lo
1002 2993 1062 3017 :1102
1092 2994 1234 3025 Baginas
1272 3001 1286 3018 e

1357 1007 1455 1039 questa
1472 1006 1568 1032 forma
1586 1008 1623 1032 ha
1642 1015 1711 1041 pure
1730 1008 1902 1033 i'Anonimo
1923 1009 2025 1033 Barese
2049 1008 2149 1033 ass'an.
2172 1012 2261 1040 10193

1358 1050 1466 1073 mentre
1484 1049 1526 1082 gli
1546 1050 1658 1075 Annali
1676 1051 1772 1075 Baresi
1797 1051 1895 1076 hanno
1929 1049 2082 1084 Vulcanus(
2101 1057 2148 1075 an.
2176 1049 2257 1081 1020)

1357 1097 1372 1114 e
1391 1089 1486 1116 Leone
1505 1090 1638 1116 Ostiense
1663 1092 1716 1124 (M.
1741 1093 1772 1118 G.
1794 1094 1840 1122 H„
1859 1093 1911 1119 SS.
1939 1093 2000 1122 VH,
2020 1092 2088 1125 653:
2107 1099 2155 1118 an.
2174 1097 2256 1124 ¹017-

1361 1131 1453 1165 1018):
1475 1134 1602 1165 Bolanus,
1622 1135 1734 1160 Boiano.
1753 1134 1795 1160 La
1814 1136 1906 1160 forma
1929 1136 2088 1168 Bubagauo.
2114 1141 2194 1160 come
2213 1134 2259 1160 nel

1357 1174 1428 1200 Cod.
1448 1176 1478 1200 Β.
1497 1175 1720 1206 RomualdIano.
1739 1178 1764 1202 si
1783 1178 1896 1203 ritrova
1916 1178 1962 1203 nel
1990 1178 2138 1204 chronicon
2165 1177 2257 1202 Troia-

1358 1225 1426 1248 num,
1444 1219 1528 1243 tardo
1546 1219 1732 1244 rifacImento
1750 1219 1832 1244 edito
1851 1221 1888 1245 da
1913 1220 1943 1245 Β,
1967 1220 2097 1249 Panem,
2124 1220 2256 1245 Raccolta

1357 1260 1387 1284 di
1403 1260 1482 1284 varie
1500 1262 1620 1286 croniehe
1638 1262 1683 1286 del
1701 1262 1799 1294 Regno
1819 1263 1850 1287 di
1866 1263 1980 1295 Napoli,
1999 1263 2059 1288 voi.
2078 1262 2112 1294 V,
2134 1269 2163 1295 p.
2190 1267 2258 1295 1²9:

1360 1302 1549 1334 “Bubaganus
1569 1304 1627 1328 dux
1649 1302 1827 1329 Graecorum
1852 1303 1972 1330 Troiam
1997 1307 2027 1330 in
2053 1305 2162 1338 Apulia
2188 1311 2256 1329 con-

1360 1344 1374 1357 “
1385 1345 1498 1370 diderat
1516 1352 1594 1370 anno
1616 1345 1693 1375 1008,
1712 1345 1829 1372 Graecis
1843 1347 1958 1372 colonis
1978 1347 2089 1373 indutis
2107 1347 2157 1372 ubl
2169 1347 2261 1372 Anni-

1360 1386 1373 1400 “
1383 1387 1458 1412 baiis
1477 1389 1571 1413 castra
1583 1388 1642 1412 fuit
1655 1406 1680 1419 „.
1717 1389 1774 1414 Dal
1791 1388 1857 1422 1067
1871 1387 1887 1414 ὲ
1901 1389 1989 1414 anche
2000 1389 2030 1414 la
2041 1389 2120 1414 bolla
2133 1389 2164 1414 dl
2176 1389 2257 1414 Alen-

1357 1430 1462 1454 sandro
1481 1430 1509 1455 11
1527 1431 1559 1455 in
1579 1432 1623 1455 cui
1645 1432 1669 1454 si
1689 1431 1770 1463 parla
1783 1439 1851 1465 pure
1871 1433 1900 1456 di
1915 1432 2066 1464 Bubajano,
2085 1432 2118 1457 ln
2137 1431 2258 1457 Pri-uox

1356 1473 1533 1504 Hanrruno,
1561 1472 1632 1498 Acta
1656 1475 1838 1499 Romanorum
1857 1475 2015 1507 pontificum
2033 1475 2118 1499 adbuc
2143 1474 2256 1504 inedita,

1356 1514 1392 1545 11,
1414 1521 1473 1547 103,
1493 1523 1521 1541 n.
1537 1514 1596 1548 138,-
1607 1516 1659 1540 che
1673 1516 1718 1540 nel
1736 1516 1882 1542 chronicon
1895 1517 2113 1549 Amalpkitauuu·
2126 1515 2256 1542 diventa:

1356 1557 1534 1590 Bubagnano.

1447 1598 1459 1614 ⁴
1478 1599 1578 1624 Anche
1596 1599 1619 1624 11
1641 1600 1785 1625 Chronico«
1803 1600 2020 1632 amalphitanam
2033 1601 2116 1635 porta
2128 1600 2158 1626 12
2171 1600 2258 1626 riedi-

1356 1641 1489 1666 ficazlone
1508 1642 1538 1666 di
1558 1643 1656 1674 questa
1675 1639 1747 1667 citta
1766 1642 1810 1667 fra
1829 1642 1950 1668 Fortore
1968 1643 2003 1668 ed
2022 1642 2133 1668 orante
2159 1642 2255 1668 nll'an.

1360 1689 1441 1716 ¹013?
1461 1691 1506 1708 ma
1525 1683 1760 1714 evidentemente‚
1781 1692 1859 1709 come
1878 1685 1991 1710 afferma
2010 1684 2032 1709 il
2051 1685 2090 1710 Di
2110 1685 2174 1710 Meo
2187 1684 2256 1718 (An-

1355 1726 1415 1751 nali
1435 1725 1498 1757 vn,
1516 1724 1571 1759 62),
1591 1727 1620 1751 vi
1640 1726 1676 1751 ha
1695 1733 1790 1751 errore
1809 1727 1840 1752 di
1859 1728 1926 1752 data
1953 1728 2028 1752 forse
2047 1735 2096 1760 per
2115 1727 2199 1761 colpe.
2225 1727 2253 1753 dl

1355 1768 1532 1798 amanuensi,
1551 1767 1666 1801 glacche
1685 1769 1855 1794 l’lndizione
1872 1770 1886 1795 1
1904 1771 1989 1795 torna
2014 1769 2133 1796 211018.
2168 1769 2255 1795 Tutte

1356 1811 1382 1835 le
1399 1811 1623 1836 testimonianze
1641 1811 1675 1836 ed
1695 1812 1784 1837 anche
1802 1812 1944 1844 qualcuna
1963 1813 2050 1842 tardi,
2065 1819 2145 1838 come
2157 1812 2254 1838 vedre-

1355 1861 1410 1886 mo,
1431 1855 1556 1887 portano
1576 1854 1602 1878 al
1625 1853 1700 1879 1018.
1739 1855 1859 1885 Basilio,
1878 1855 2017 1888 Bulgano,
2037 1855 2178 1889 Buglnno,
2203 1855 2254 1880 Ba-

1355 1897 1451 1928 ghzuo,
1469 1896 1625 1929 Bubagano
1646 1897 1676 1921 fu
1695 1898 1727 1922 in
1745 1897 1831 1922 Italia
1851 1898 1929 1923 neila
1948 1897 2004 1923 fine
2022 1897 2067 1923 del
2090 1904 2169 1932 1017,
2187 1905 2203 1923 e
2221 1897 2252 1923 lo

1355 1940 1444 1963 stesso
1462 1945 1490 1963 R.
1511 1938 1608 1963 ali'an.
1630 1944 1709 1969 1012,
1730 1939 1904 1965 riferendosi
1918 1947 1934 1964 a
1948 1939 2045 1970 Troia,
2056 1940 2133 1965 dice:
2148 1938 2254 1974 ,Quarto

1354 1984 1439 2005 autem
1460 1989 1529 2006 anno
1543 1984 1608 2012 post
1619 1981 1745 2012 predicte
1763 1982 1886 2007 ciuitatis
1911 1983 1990 2008 Trois
2003 1982 2254 2013 relaedificatr‘ouem,

1354 2023 1383 2047 in
1402 2031 1473 2048 anno
1493 2024 1618 2048 uidelicet
1635 2024 1830 2049 incarnationis
1841 2025 1954 2050 Domini
1965 2025 2118 2051 MXXII..
2130 2044 2136 2050 .
2148 2043 2154 2050 .
2168 2026 2252 2051 Buba

1354 2067 1454 2098 questo
1474 2067 1617 2091 riscontro
1636 2066 1667 2090 di
1686 2065 1720 2092 R.
1733 2074 1782 2099 per
1796 2067 1939 2092 affermare
1955 2068 2006 2093 che
2018 2068 2133 2093 almeno
2146 2069 2192 2094 nei
2201 2075 2254 2093 suo

1353 2109 1428 2133 testo
1447 2109 1478 2133 vi
1497 2108 1535 2132 ha
1554 2116 1592 2133 un
1612 2115 1708 2133 errore
1727 2107 1927 2134 d’amanutnse
1946 2117 1962 2134 e
1987 2111 2038 2135 che
2061 2110 2161 2136 l’anno
2183 2110 2254 2135 deve

1353 2151 1479 2182 portarsi
1498 2151 1524 2175 ai
1539 2149 1607 2175 1028
1627 2150 1685 2175 ind.
1699 2151 1720 2176 1.
1755 2151 1779 2175 11
1795 2150 1944 2185 Catapano
1958 2150 2101 2185 Boiannes
2114 2153 2254 2178 condusse

1353 2199 1417 2217 seco
1437 2194 1592 2218 mercenari
1612 2194 1686 2218 russi
1703 2201 1719 2218 e
1738 2193 1847 2224 danesi,
1866 2202 1946 2219 come
1958 2192 2007 2228 gia
2026 2202 2118 2228 prov..
2132 2195 2162 2220 lo
2175 2193 2252 2220 cm-

1351 2241 1482 2266 Lmoou,
1501 2235 1522 2264 Ι,
1552 2240 1595 2267 55,
1613 2236 1789 2261 riferendosi
1817 2236 1894 2261 nella
1914 2245 1943 2262 n.
1963 2245 1980 2270 4
2005 2237 2064 2262 allo
2083 2237 2180 2263 studio
2205 2237 2251 2263 dei

1352 2277 1570 2306 WAsmnwsm,
1597 2279 1641 2302 La
1666 2278 1794 2311 droujina
1813 2280 1948 2312 vau-ingo
1966 2287 2041 2304 rasse
2067 2283 2095 2305 et
2117 2279 2252 2313 voni-go

1352 2320 1477 2352 anglaise
1495 2319 1527 2344 in
1542 2320 1659 2344 Journal
1674 2320 1709 2344 du
1728 2320 1866 2346 ministere
1885 2321 1918 2345 de
1931 2321 2252 2354 I’Instructionpnbliqu

1351 2369 1434 2391 rasse,
1454 2369 1481 2386 v.
1501 2361 1652 2391 CLXXVI.
1673 2361 1751 2395 1874,
1771 2370 1796 2396 p.
1820 2369 1883 2396 1²9³
1919 2365 2026 2389 mentre
2051 2363 2073 2388 il
2093 2362 2170 2395 GAY,
2189 2370 2250 2396 410,

1351 2405 1421 2428 nota
1440 2409 1464 2436 7,
1485 2403 1554 2429 s‘era
1572 2405 1715 2436 riportato
1735 2405 1761 2429 al
1791 2404 1867 2430 libro
1885 2405 1934 2435 111,
1953 2413 1976 2430 c.
1997 2412 2029 2439 55
2056 2406 2131 2431 delle
2158 2406 2250 2432 Histo-

1351 2446 1455 2470 riarum
1474 2445 1505 2470 di
1523 2446 1733 2476 ADERMARrus‚
1751 2447 1782 2471 in
1802 2448 1844 2472 M.
1863 2448 1893 2473 G.
1907 2448 2013 2477 AE,SS.
2031 2448 2082 2480 IV,
2097 2454 2155 2481 140.
2168 2447 2251 2474 oltra

1350 2487 1377 2512 le
1396 2495 1546 2513 numerose
1564 2489 1785 2514 testimonianze
1798 2490 1915 2515 addotte
1927 2490 1975 2515 dai
1992 2482 2033 2515 D1
2042 2490 2123 2522 Mzo,
2134 2490 2188 2516 VH
2199 2491 2250 2517 elt-

1350 2538 1377 2563 p.
1396 2529 1429 2555 62
1450 2537 1465 2555 e
1483 2538 1560 2564 sgg..·
1579 2531 1626 2556 dal
1645 2531 1758 2562 Delarc,
1778 2532 2034 2563 dail'Hefflemann,
2053 2532 2101 2558 dal
2114 2532 2187 2566 Gay,
2199 2532 2249 2567 gii

1350 2572 1498 2603 ricordati,
1516 2580 1532 2597 e
1557 2572 1636 2598 dallo
1654 2572 1835 2605 Chalandon,
1858 2575 1898 2599 mi
1918 2575 2000 2608 piace
2024 2576 2168 2608 riportnre
2192 2582 2250 2601 una

1349 2614 1431 2639 sonte
1449 2615 1541 2639 finora
1561 2622 1619 2640 non
1639 2617 1781 2649 riportata
1801 2616 1835 2641 da
1856 2616 1965 2642 alcuno.
2001 2616 2043 2642 La
2057 2617 2138 2643 fonte
2150 2617 2198 2643 cui
2210 2618 2249 2643 ι1·

1350 2656 1418 2681 ludo
1438 2657 1463 2681 si
1481 2658 1566 2682 trova
1585 2657 1659 2682 nelle
1678 2658 1827 2683 iscrizioni
1841 2658 1892 2683 che
1904 2657 2016 2684 tuttodi
2030 2659 2055 2684 si
2067 2666 2246 2685 conservano

1350 2699 1395 2723 nel
1415 2701 1516 2731 quarto
1535 2700 1670 2732 riquadro
1690 2700 1764 2725 delle
1783 2702 1866 2733 porte
1885 2701 1913 2726 di
1934 2702 2042 2726 bronzo
2061 2701 2138 2727 dell·
2151 2701 2249 2728 Catte—

1348 2741 1427 2766 draie
1447 2742 1475 2766 di
1495 2741 1591 2771 Troia,
1613 2742 1685 2767 fatte
1698 2742 1734 2768 da
1752 2743 1881 2776 Aderigo
1894 2744 1924 2768 di
1938 2743 2102 2769 Benevento
2117 2744 2163 2768 nei
2180 2748 2247 2777 1127

1349 2785 1426 2808 sotto
1446 2784 1469 2808 il
1488 2786 1643 2810 vescovato
1657 2785 1686 2809 di
1707 2777 1873 2818 Guglieimo
1882 2785 1918 2815 11,
1928 2793 1943 2811 e
1953 2786 2004 2811 che
2018 2793 2176 2819 assegnano
2189 2785 2248 2812 alia

1349 2825 1525 2850 fondazIone
1543 2825 1619 2851 della
1638 2824 1710 2852 citta
1728 2827 1752 2852 il
1773 2834 1850 2861 1019.
1887 2828 2035 2860 Riquadro
2049 2829 2078 2853 di
2100 2828 2211 2858 destrm

1436 2868 1512 2892 Anno
1531 2869 1608 2893 incar
1624 2881 1628 2901 ι
1644 2870 1759 2894 nationis
1773 2870 1930 2895 Dominicae
1943 2871 2005 2895 MC
2014 2874 2042 2895 et
2053 2871 2119 2896 XX
2122 2869 2194 2896 VII-⁰
2209 2870 2215 2902 1
2231 2879 2248 2896 α

1348 2909 1471 2934 civitatis
1480 2910 1555 2934 huius
1571 2909 1575 2941 Ι
1585 2910 1748 2943 fundatione
1765 2911 1769 2943 Ι
1785 2920 1853 2936 anno
1868 2913 1898 2937 C.
1909 2915 1986 2943 atque
2005 2910 2248 2944 VIJJ.⁰R1quadro
2298 2914 2303 2918 ’
2342 2913 2347 2916 ”

1348 2952 1378 2976 di
1391 2953 1525 2977 sinistrae
1541 2954 1715 2987 Pontificatus
1730 2962 1794 2979 vero
1810 2955 1814 2986 ξ
1831 2955 1931 2980 domini
1945 2954 2168 2988 H0[n0]n·ipape
2184 2959 2187 2983 Ι
2203 2963 2243 2980 se-

1346 2995 1426 3018 cundi
1439 2994 1507 3019 lll.⁰
1520 2996 1582 3020 item
1600 2996 1603 3026 Ι
1615 2997 1788 3026 pontificatus
1801 2997 1901 3021 domini
1915 2995 1919 3028 Ι
1940 2996 2082 3022 Guilielmi
2093 2996 2211 3028 episcopi
2223 2996 2230 3030 Ι

2289 1051 2324 1078 50

2289 1261 2320 1291 55

2278 2116 2313 2145 ἰε
2350 2098 2359 2139 s

2274 2949 2308 2977 95
