2398 3470
172 236 382 261 Mun..cc.101·102
416 226 486 262 102
1184 226 1499 263 CHRONICON
2066 233 2110 268 [A
2139 233 2174 262 c.
2193 234 2273 268 4⁵1]

413 360 427 376 ‘⁴
441 357 718 391 bellicosissimus
741 356 852 396 Etim,
869 363 904 390 et
928 358 1104 401 quondam
1129 356 1236 390 Attile
1260 358 1353 400 regis
1376 357 1603 399 potentissimi
1627 363 1740 390 terror
1755 356 1930 397 occubuit,
1954 368 2033 391 cum
2057 368 2126 401 quo
2142 359 2273 401 pariter

412 413 427 429 ‘⁴
441 410 646 444 Occidentis
666 410 862 453 imperium,
886 410 1046 453 salusque
1069 409 1265 453 reipublice
1290 410 1431 448 corruit,
1456 420 1522 442 nec
1546 410 1636 442 ultra
1664 411 1834 443 hactenus
1855 410 1964 443 ualuit
1994 411 2152 444 releuari.
2199 412 2272 445 Sed

411 466 426 482 “
439 474 657 507 nequaquam
682 462 930 496 Valentiniano
955 474 1046 496 mors
1070 463 1142 496 Etii
1165 464 1307 505 impune
1333 464 1446 502 cessit,
1466 472 1550 495 nam
1575 470 1609 496 et
1631 464 1707 506 ipse
1739 473 1830 496 anno
1853 464 2014 507 sequenti
2043 475 2063 496 a
2095 464 2272 498 Transilla

412 519 426 535 “
439 517 510 549 Etii
534 516 655 555 milite,
673 526 752 549 cum
768 517 981 548 tricesimum
1005 527 1134 549 annum
1152 516 1286 558 imperii
1309 516 1481 560 gessisset,
1500 516 1682 549 confossus
1697 516 1838 555 interiit,
1855 527 1899 549 ex
1915 516 2041 559 quibus
2057 527 2136 549 cum
2152 517 2272 551 Theo—

411 569 536 604 “dosio
559 580 681 603 socero
705 570 828 613 uiginti
852 570 1041 614 [quinque],
1074 581 1152 603 cum
1175 569 1359 602 Marciano
1391 570 1543 614 quinque
1570 569 1758 612 imperauit
1773 569 1793 602 ¹.
1838 569 1982 603 Mortuo
2014 570 2271 611 Valentiniano,
2317 571 2337 604 5
2361 562 2364 564 ’

411 623 539 668 “regni
560 623 639 666 jura
660 623 839 656 Maximus
861 624 955 666 apud
979 623 1111 656 Urbem
1135 623 1320 661 inuadens‚
1344 634 1387 655 ne
1413 624 1494 656 dum
1519 622 1654 655 duobus
1678 623 1825 665 expletis
1848 623 2025 656 mensibus
2053 634 2072 656 a
2102 623 2272 657 Romanis

410 679 640 720 “peremptus
662 682 725 709 est.
771 676 946 709 Continuo
971 676 1128 709 adnectis
1152 686 1195 708 ex
1218 675 1343 709 Africa
1359 675 1516 715 nauibus,
1539 677 1639 709 adest
1655 676 1853 709 Geisericus
1876 687 1955 709 cum
1971 676 2181 710 ualidissimo
2197 676 2271 718 [sue

411 730 562 774 “gentisJ
594 730 762 770 exercitu,
793 740 933 762 necnon
962 730 1072 762 fultus
1103 730 1231 762 auxilio
1262 729 1477 768 Maurorum,
1502 741 1582 762 cum
1613 730 1729 762 adhuc
1756 730 1919 762 Romane
1951 730 2061 773 glorie
2093 730 2271 772 [ecclesie]

409 785 424 801 ‘⁴
437 783 654 817 beatissimus
675 783 749 816 Leo
773 788 895 827 ageret
917 783 1164 826 pontificatum.
1214 783 1392 815 Percussis
1415 783 1533 826 itaque
1557 783 1728 816 Romanis
1749 789 1820 815 tam
1843 782 1991 815 terribili
2014 784 2155 822 nuncio,
2171 782 2272 816 nobi·
2363 815 2369 827 ÷

410 839 425 855 ⁴⁴
439 837 611 881 libusque,
635 846 677 869 ac
700 836 926 879 popularibus
950 847 993 868 ex
1017 836 1115 869 Urbe
1140 836 1365 880 fugientibus,
1389 836 1511 869 urbem
1530 837 1624 869 omni
1648 836 1804 878 presidio
1821 847 1967 869 uacuam
1991 835 2194 869 Geisericus
2208 836 2272 871 ob·
2298 838 2361 879 1οχ

285 908 307 924 c.
321 907 382 928 125a
411 891 549 924 “tinuit
596 891 814 924 Occurrente
838 889 904 923 sibi
933 896 1032 923 extra
1055 897 1191 933 portam
1224 895 1345 923 sancto
1368 890 1490 923 Leone
1522 890 1706 933 episcopo,
1728 891 1827 935 cujus
1857 889 2076 932 supplica'tio
2106 891 2157 924 ita
2179 900 2270 930 eum,
2366 887 2367 891 ’

410 945 513 978 “Deo
537 943 734 987 adjuuante,
759 942 883 982 liniuit,
906 949 944 976 ut
969 954 1048 976 cum
1072 943 1190 976 omnia
1212 943 1379 986 potestati
1403 942 1477 987 ejus
1500 949 1615 976 essent
1637 943 1774 983 tradita,
1790 942 1834 976 ab
1857 943 1939 986 igne
1965 950 2082 975 tamen
2105 949 2142 976 et
2168 944 2270 984 cede,

408 1001 423 1016 “
436 1005 540 1042 atque
564 997 747 1040 suppliciis
770 996 1013 1030 abstineretur.
1061 996 1337 1035 Quartodecimo
1360 997 1498 1030 interim
1517 997 1575 1030 die
1598 1007 1721 1030 secura
1737 1003 1772 1030 et
1795 996 1906 1029 libera
1920 997 2143 1037 scrutatione,
2160 997 2271 1030 omni-

408 1052 499 1085 “bus
522 1050 649 1094 opibus
671 1050 742 1083 suis
766 1050 881 1083 Roma
903 1056 1051 1082 uacuata
1074 1056 1137 1088 est,
1161 1050 1268 1082 multa
1292 1050 1387 1082 milia
1403 1051 1623 1093 captiuorum
1637 1049 1650 1068 ²
1674 1060 1752 1082 cum
1770 1049 1891 1093 regina
1908 1050 2080 1089 Eudoxia,
2098 1059 2167 1092 que
2191 1049 2275 1083 Gei-

408 1106 583 1138 “sericum
614 1113 734 1147 regem
760 1103 806 1135 ad
836 1104 906 1136 hoc
930 1103 1067 1136 facinus
1088 1104 1309 1142 inuitauerat‚
1334 1103 1537 1147 duabusque
1561 1103 1698 1137 filiabus
1722 1104 1797 1147 ejus
1828 1104 1863 1135 in
1894 1103 2142 1146 Carthaginem
2165 1103 2272 1137 ducta
2297 1103 2354 1149 15ὑ

405 1162 420 1178 ‘⁶
433 1165 522 1192 sunt.
569 1156 682 1200 Capta
704 1158 823 1200 itaque
840 1168 860 1189 a
877 1157 1058 1190 Geiserico
1074 1157 1190 1190 Roma
1214 1162 1275 1196 est,
1292 1163 1476 1200 postquam
1493 1167 1570 1189 eam
1585 1157 1699 1199 primo
1722 1156 1884 1190 Alaricus
1907 1157 2091 1196 inuaserat,
2116 1157 2272 1190 secunda

406 1213 503 1258 “jam
525 1212 617 1249 uice,
634 1211 786 1253 expletis
809 1209 854 1242 ab
871 1221 913 1243 eo
937 1216 1094 1253 tempore
1112 1211 1342 1254 quadraginta
1359 1217 1506 1253 quatuor
1530 1211 1641 1250 annis,
1657 1221 1679 1242 a
1696 1210 1898 1247 conditione
1922 1221 1984 1243 sua
2000 1210 2093 1242 mille
2109 1210 2271 1244 ducentis

409 1264 595 1309 “septem³
619 1263 778 1297 euolutis.
824 1263 965 1297 Relicta
989 1264 1105 1307 itaque
1137 1264 1264 1303 Roma,
1287 1274 1350 1305 per
1376 1263 1604 1306 Campaniam
1635 1263 1812 1302 Wandali,
1835 1263 2021 1306 Maurique
2044 1273 2120 1296 sese
2151 1263 2268 1297 infun-

406 1319 566 1357 “dentes,
591 1322 719 1349 cuncta
741 1316 848 1355 ferro,
872 1317 1088 1360 flammisque
1113 1323 1333 1356 consumunt,
1351 1316 1520 1360 quicquid
1544 1326 1725 1359 superesse
1743 1322 1869 1358 potest,
1894 1316 2075 1359 diripiunt.
2122 1316 2270 1359 Captam

407 1371 750 1413 “nobilissimamque
774 1369 952 1402 ciuitatem
976 1370 1145 1412 Capuam,
1169 1370 1214 1402 ad
1237 1370 1348 1402 solum
1372 1380 1483 1413 usque
1501 1369 1712 1410 deiciunt„⁴.
1759 1369 1897 1402 Dehinc
1921 1369 1999 1408 hac,
2015 1369 2169 1413 illacque
2184 1370 2268 1403 bao-
2290 1371 2358 1404 20*
2394 1402 2395 1410 ,

348 1461 350 1463 ,
400 1427 556 1463 chantes,
581 1434 644 1467 per
668 1422 867 1467 adjacentia
890 1423 1126 1466 Neapolitane
1154 1423 1316 1462 ciuitatis,
1341 1429 1444 1466 atque
1470 1423 1617 1461 Nolane,
1642 1433 1778 1466 queque
1810 1432 1937 1465 capere
1965 1428 2141 1465 poterant,
2164 1422 2269 1456 rebus
2356 1430 2358 1432 ’

399 1479 666 1521 hominibusque
690 1477 782 1520 agris
805 1477 1000 1516 exinanitis,
1027 1477 1182 1510 demoliti
1209 1483 1299 1509 sunt.
1346 1476 1571 1520 Quicumque
1597 1483 1711 1510 autem
1735 1476 1856 1520 gladio
1880 1477 2136 1519 superfuerant,
2160 1477 2271 1520 capti-

398 1533 514 1567 uitatis
536 1533 619 1577 jugo
643 1530 862 1563 subiciuntur
874 1530 896 1563 ⁵.
944 1530 1145 1563 Geisericus
1169 1537 1283 1564 autem
1307 1530 1407 1563 Italie
1432 1530 1556 1573 opibus
1580 1531 1718 1568 ditatus,
1735 1530 1782 1562 ad
1804 1529 1965 1563 Africam
1989 1539 2168 1574 regressus
2183 1529 2266 1564 est·-

400 1588 496 1620 Inter
518 1586 581 1617 has
604 1584 778 1627 procellas
801 1583 856 1616 uir
879 1585 1052 1627 piissimus
1074 1584 1242 1616 Paulinus
1266 1584 1405 1617 Nolane
1427 1583 1523 1616 urbis
1547 1584 1744 1626 episcopus,
1769 1583 1938 1627 quicquid
1961 1583 2092 1616 habere
2119 1590 2268 1626 poterat,

280 1658 301 1674 c.
315 1651 375 1677 ιιςῡ
399 1641 433 1673 in
458 1639 675 1682 captiuorum
697 1636 978 1680 redemptionem
1002 1638 1181 1681 expendit,
1206 1637 1392 1670 nouissime
1417 1637 1515 1670 cum'
1539 1637 1650 1670 nichil
1673 1637 1706 1669 ei
1730 1638 1838 1675 aliud,
1862 1637 1928 1670 nisi
1951 1636 2027 1679 ipse
2049 1637 2116 1670 sibi
2138 1637 2267 1671 solum-
2290 1638 2339 1672 25>

398 1694 504 1727 modo
528 1697 735 1735 superesset,
757 1701 822 1734 pro
847 1690 1027 1734 cujusdam
1049 1691 1156 1723 uidue
1180 1691 1261 1729 filio,
1286 1697 1461 1723 maternas
1488 1702 1559 1724 non
1582 1690 1704 1724 ualens
1730 1691 1798 1733 piis
1825 1690 1920 1723 ferre
1943 1689 2139 1723 uisceribus
2164 1690 2268 1724 lacri-
2347 1685 2352 1689 '¹

398 1758 483 1786 mas,
505 1746 551 1779 ad
575 1745 736 1778 eumdem
758 1754 878 1788 regem
901 1745 949 1777 ad
971 1743 1130 1777 Africam
1155 1745 1391 1787 proficiscens,
1415 1745 1494 1777 uice
1525 1745 1658 1778 uicaria
1680 1745 1716 1777 in
1742 1744 1921 1777 seruitium
1952 1745 2112 1778 traditur.
2159 1742 2267 1789 Cuius

399 1800 564 1834 sanctitas
586 1810 664 1831 cum
689 1799 783 1841 apud
807 1798 965 1832 eamdem
997 1798 1179 1832 barbaram
1204 1804 1356 1842 gentem,
1382 1798 1440 1831 dei
1472 1804 1568 1837 nutu,
1593 1798 1733 1842 cognita
1763 1797 1897 1838 fuisset,
1921 1797 2060 1830 demum
2092 1808 2172 1832 cum
2194 1798 2265 1831 suis

399 1854 543 1892 ciuibus,
567 1852 628 1896 qui
652 1853 688 1884 in
711 1851 950 1894 captiuitatem
974 1852 1070 1885 ducti
1095 1852 1244 1890 fuerant,
1270 1862 1348 1884 cum
1372 1852 1501 1895 gaudio
1526 1852 1571 1885 ad
1594 1852 1717 1884 urbem
1741 1851 1918 1894 propriam
1941 1850 2144 1884 remeauit⁷.
2191 1851 2266 1886 Re-

397 1907 543 1941 cedente
560 1906 665 1950 igitur
676 1904 721 1937 ab
733 1905 819 1938 urbe
833 1905 1025 1943 Geiserico,
1042 1905 1195 1938 Romani
1213 1905 1387 1938 exinanite
1399 1905 1450 1937 rei
1466 1905 1606 1948 publice
1621 1906 1867 1947 imperatorem
1882 1905 2027 1937 Auitum
2041 1904 2229 1947 preficiunt
2239 1903 2263 1938 ⁸.
2287 1905 2341 1942 aa:
2387 1929 2388 1932 ¹

395 1962 469 1995 Leo
494 1966 610 1993 autem
633 1958 866 1991 sanctissimus
890 1958 984 1991 urbis
1008 1958 1205 2001 episcopus,
1228 1959 1347 1991 omnia
1368 1969 1454 1991 uasa
1477 1965 1623 1997 sacrata,
1649 1963 1684 1990 et
1705 1957 1868 1990 utensilia
1891 1957 2131 1998 ecclesiarum,
2154 1967 2221 2002 que
2244 1969 2266 1991 a

395 2013 581 2048 wandalis
595 2018 695 2045 erant
710 2018 842 2054 erepta,
859 2011 1045 2055 plerasque
1061 2010 1222 2044 basilicas
1241 2009 1430 2054 'reparauit,
1446 2012 1665 2055 restituitque
1679 2011 1702 2043 ⁹.
1749 2011 1860 2043 Diuisi
1883 2010 1992 2043 Gothi
2009 2021 2149 2054 quoque
2167 2010 2265 2045 circa

394 2070 460 2102 hec
485 2073 654 2109 tempora,
677 2075 756 2097 cum
780 2075 864 2109 rege
887 2075 950 2098 suo
973 2065 1208 2104 Theoderico,
1232 2065 1447 2099 Theoderici
1470 2065 1551 2105 filio,
1567 2065 1777 2098 transcensis
1799 2063 1951 2109 Pyrenei
1964 2063 2057 2107 jugis
2079 2064 2265 2108 Hispanias

395 2120 565 2155 inuadunt
578 2118 613 2152 ¹⁰.
659 2118 761 2150 Tunc
787 2118 891 2150 etiam
915 2117 1091 2161 Johannes
1107 2118 1266 2161 Baptista
1282 2124 1387 2161 caput
1403 2129 1502 2150 suum
1525 2118 1661 2151 duobus
1676 2117 1857 2150 monachis
1880 2117 2119 2158 orientalibus,
2134 2117 2195 2161 qui
2218 2118 2264 2151 ad

393 2174 583 2208 orationem
606 2177 777 2204 uenerant
799 2171 1077 2210 Hierosolimam,
1094 2171 1190 2215 juxta
1214 2171 1367 2204 Herodis
1390 2172 1567 2215 quondam
1590 2171 1684 2215 regis
1699 2170 1946 2209 habitaculum,
1970 2170 2151 2210 renelauit,
2168 2171 2264 2215 quod
2285 2162 2340 2204 3⁶³
2382 2169 2384 2177 ”

394 2229 560 2271 deinceps
592 2225 753 2259 emissum
781 2224 951 2258 Fenicem
974 2225 1097 2258 urbem
1126 2225 1310 2268 perlatum,
1343 2231 1377 2257 et
1401 2225 1508 2269 digno
1538 2225 1671 2257 honore
1695 2224 1905 2257 collocatum
1929 2230 1982 2257 est
1995 2223 2029 2257 ¹¹,
2080 2223 2157 2257 “At
2178 2234 2262 2258 uero
2335 2220 2338 2223 ’
2382 2222 2383 2227 ’

486 2367 508 2384 1.
528 2358 746 2393 potentisslmus
770 2356 793 2381 C
803 2371 835 2375 -—
850 2363 873 2381 2.
893 2358 1010 2381 actenus
1033 2356 1056 2380 C
1068 2370 1099 2374 —
1113 2364 1139 2389 3.
1152 2363 1185 2381 ac
1203 2363 1256 2381 non
1275 2364 1291 2381 a
1315 2355 1338 2380 C
1348 2370 1381 2375 —
1401 2361 1424 2388 7.
1438 2357 1580 2389 peremtus
1599 2355 1623 2379 A
1633 2355 1672 2385 B;
1693 2355 1825 2380 murus:
1844 2356 2006 2388 peremptus
2024 2368 2036 2375 -
2055 2354 2206 2382 Continuo
2224 2362 2260 2381 ex

394 2403 496 2429 Africa
514 2401 642 2426 adnectis
660 2399 683 2424 C
699 2413 731 2417 —
755 2406 843 2424 10-11.
862 2399 994 2432 optlnult
1010 2399 1035 2423 A
1046 2399 1072 2422 B
1091 2412 1123 2416 -
1140 2406 1181 2424 11.
1200 2398 1374 2423 Occurrente
1392 2398 1449 2423 sIbi
1468 2400 1569 2423 sancto
1582 2397 1678 2423 Leone
1690 2398 1828 2431 eplscopo
1846 2400 1928 2423 extra
1942 2399 2055 2430 portam
2066 2397 2145 2426 AB,-
2167 2397 2260 2424 ceon-

385 2445 478 2477 some
495 2452 512 2468 a
530 2444 649 2468 PAULus
673 2457 706 2460 —
735 2449 774 2474 ¹3·
794 2441 1005 2466 abstinerentur
1028 2440 1052 2465 C
1074 2455 1083 2459 -
1108 2443 1211 2473 quarto
1231 2440 1343 2465 decimo
1373 2440 1411 2469 C:
1430 2439 1560 2466 PAULUSt
1587 2440 1801 2472 quatuordecim
1821 2454 1854 2459 —
1876 2447 1917 2473 15.
1942 2439 2127 2473 Cartaginem
2144 2440 2206 2465 AB
2224 2453 2259 2459 —

395 2494 435 2520 17.
455 2486 579 2520 expletis
598 2486 695 2517 itaque
707 2484 730 2509 L
748 2497 758 2502 -
777 2485 913 2516 quattuor
926 2484 951 2508 Α
970 2497 1002 2501 -
1026 2482 1066 2508 18.
1080 2483 1227 2508 Guandall
1239 2483 1263 2507 A
1279 2483 1302 2507 C
1319 2497 1351 2501 —
1367 2490 1408 2516 19.
1421 2482 1561 2515 quidquid
1579 2483 1603 2507 A
1613 2483 1639 2506 B
1652 2495 1685 2500 --
1699 2489 1741 2507 20.
1761 2483 1856 2507 Dehln
1873 2482 1896 2507 C
1913 2496 1946 2501 —
1967 2489 2057 2508 20-21.
2069 2483 2222 2508 bachantes
2238 2481 2262 2507 O

351 2538 365 2564 5
398 2544 431 2549 —-
450 2529 492 2555 26.
512 2528 657 2553 uscerlbus
679 2527 704 2551 C
721 2541 751 2545 —
771 2533 814 2558 32-
834 2525 995 2551 Guandalis
1014 2526 1038 2550 A
1053 2525 1076 2549 C
1093 2539 1125 2544 —-
1144 2531 1187 2558 35.
1205 2524 1404 2550 lerosollmam
1421 2525 1447 2549 A
1462 2524 1486 2549 C
1501 2538 1512 2543 -
1532 2525 1606 2558 regls
1625 2532 1719 2549 manca
1737 2525 1767 2550 in
1784 2525 1809 2549 A
1823 2525 1848 2549 B

484 2617 491 2635 ¹
511 2625 539 2648 a,
556 2618 642 2643 finito
661 2617 683 2641 il
705 2616 720 2649 ξ
738 2615 799 2646 XV,
819 2616 963 2641 comincia
989 2615 1011 2640 11
1031 2614 1097 2640 XVI
1117 2615 1145 2640 di
1172 2614 1298 2640 PAULus.
1445 2613 1457 2630 ⁹
1474 2613 1503 2639 l..
1524 2614 1567 2643 Ρ..
1586 2614 1607 2644 Ι,
1628 2622 1656 2648 p.
1674 2622 1725 2648 39:
1751 2615 1805 2639 fflc
1825 2614 1901 2648 (Leo)
1926 2616 2062 2640 renovavit
2075 2617 2137 2648 put
2159 2614 2260 2640 cloden
2321 2613 2333 2641 .'

483 2659 494 2676 ²
513 2668 531 2685 n
551 2661 673 2685 omette=
688 2661 772 2691 prout
788 2659 885 2689 cuique
896 2660 982 2683 aetate
1000 2660 1049 2681 aut
1060 2660 1122 2681 ante
1130 2657 1299 2689 placuerant.
1362 2657 1544 2681 Wandalicam
1563 2659 1652 2681 omnia
1670 2658 1822 2681 ministeria
1839 2659 1946 2682 sacrata
1963 2659 2090 2690 argentea
2104 2659 2156 2690 per
2173 2663 2262 2682 oms

483 2700 494 2718 ³
514 2703 640 2732 ΡΑυιυε,
659 2700 733 2729 XIV.
754 2700 804 2724 che
829 2707 848 2724 R
867 2700 960 2732 copla,
980 2707 1060 2724 come
1082 2699 1119 2724 ha
1138 2700 1255 2732 copiato
1275 2699 1298 2723 il
1352 2699 1456 2727 titulos,
1475 2698 1602 2730 conflatas
1615 2699 1728 2731 hydrias
1747 2699 1786 2723 Vl
1794 2699 1918 2723 basilicae
1935 2699 2180 2730 Constantiniana«,
2193 2699 2262 2723 duat

393 2745 562 2779 precedente
588 2743 752 2778 paragrafo,
781 2743 859 2767 dice:
887 2742 961 2766 mill:
990 2742 1112 2766 ducmtis
1138 2744 1218 2772 atque
1245 2744 1298 2766 octo
1353 2740 1477 2764 basilicae
1495 2741 1566 2765 beati
1582 2740 1660 2765 Petri
1676 2741 1798 2773 apastoli,
1816 2741 1885 2765 duas
1902 2741 1973 2765 beatu·
1989 2741 2083 2771 Pauu,
2104 2748 2172 2773 quas
2193 2740 2260 2766 Con-

333 2792 366 2810 10
392 2788 509 2813 avolantis.
1351 2784 1487 2807 nantinus
1498 2783 1638 2814 Augus-tm·
1655 2783 1751 2808 obustis
1763 2786 1808 2808 etc.
1847 2782 1955 2811 Questa
1975 2784 2084 2808 notizia
2103 2790 2163 2808 non
2177 2783 2208 2808 fu
2221 2779 2322 2807 1-1-10

482 2827 493 2844 ⁴
513 2835 532 2853 ιι
552 2829 673 2853 omette:
689 2827 850 2859 praeaamr.
1353 2827 1469 2858 portata
1490 2833 1524 2850 ne
1544 2825 1580 2850 da
1600 2826 1675 2850 Beda
1696 2824 1731 2850 ne
1751 2825 1788 2850 da
1807 2824 2325 2850 Ραο10.’

481 2870 492 2886 ⁵
514 2877 533 2895 a
552 2872 637 2895 sunta
655 2869 678 2895 il
698 2869 713 2901 ξ
730 2867 823 2894 XVIII
843 2869 871 2893 di
893 2868 1018 2899 Pavum,
1038 2875 1064 2900 p.
1086 2874 1145 2900 ²07·
1431 2865 1453 2882 ¹⁰
1471 2867 1597 2899 Faunus,
1623 2868 1679 2892 loc.
1705 2868 1770 2892 elta
1795 2867 1956 2899 W’sigotluae
1980 2874 2082 2899 quoque
2100 2868 2172 2892 circa
2196 2866 2259 2891 haec

481 2912 490 2925 ⁸
511 2913 637 2942 ΡΑσῐ-υε,
657 2911 731 2943 XIV,
750 2917 811 2936 xlx.
1350 2915 1465 2944 tempore
1477 2920 1538 2937 cunt
1556 2920 1618 2945 rege
1631 2921 1677 2938 suo
1693 2913 1849 2938 moder-teo
1865 2912 2086 2945 moderiufilzb
2100 2912 2259 2937 {ramensis

480 2955 490 2972 ⁷
512 2955 597 2985 IDEM,
617 2955 631 2988 g
650 2954 751 2980 XVIII.
1350 2954 1477 2979 pirenaei
1495 2955 1568 2987 iugis
1587 2955 1734 2987 Hispania,
1752 2955 1893 2979 invadunt.

332 3005 362 3033 ¹⁵
479 2999 491 3017 s
508 2999 596 3032 hu,
615 3000 671 3026 1ος,
690 3001 738 3026 cst,
1430 2995 1449 3013 ¹¹
1470 2997 1562 3029 Bam,
1571 2998 1613 3022 De
1621 3004 1667 3023 sex
1675 2999 1725 3022 aet.
1736 2998 1795 3026 cie„
1804 3004 1831 3031 p.
1844 3003 1904 3030 114,
1914 3004 1960 3022 an.
1970 2995 2257 3031 4402210asmuBap-
2284 2989 2329 3035 ²55
2367 2995 2368 2998 ’
