2398 3470
109 257 194 293 [ΔΑ.
214 258 248 287 e.
268 259 426 292 sos-³091
875 252 1192 290 CHRONICON

106 383 156 416 ita
175 393 232 416 res
254 394 293 416 se
318 383 477 423 haberet,
499 389 539 417 ut
561 384 655 416 fama
676 383 853 416 retulerat.
899 383 1126 416 Marcellinus
1147 393 1232 416 uero
1251 380 1329 415 ‘rem
1352 391 1488 415 omnem
1512 381 1675 422 feriatim,
1703 382 1884 415 confessus
1908 387 1971 420 est,

105 443 141 469 et
163 447 201 470 se
223 446 321 470 reum
344 447 420 470 esse
443 438 624 480 professus
645 442 708 476 est,
733 437 888 470 adiciens
911 437 1015 470 etiam
1039 447 1076 470 se
1098 442 1258 479 paratum
1274 435 1420 468 obedire
1444 435 1611 478 quicquid
1627 436 1674 468 illi
1700 436 1766 469 sibi
1781 435 1969 468 uoluissent

107 491 297 534 imponere.
344 490 403 523 Ad
426 492 494 523 hec
516 491 583 524 illi:
607 491 704 532 absit,
729 495 767 523 ut
786 501 934 523 summus
957 491 1116 535 pontifex
1137 491 1178 523 ab
1200 490 1315 534 aliquo
1327 490 1527 532 judicetur;
1551 491 1693 532 negasti
1714 495 1760 531 tu,
1777 490 1924 533 negavit
1939 494 1973 521 et

105 544 234 577 Petrus
256 545 428 588 magister
451 549 537 578 tuus.
583 545 636 578 Et
665 544 740 587 quis
762 543 1002 587 Apostolorum
1034 555 1133 576 ausus
1148 543 1227 587 fuit
1249 554 1323 575 eum
1355 544 1476 575 exinde
1487 543 1680 586 judicare?
1709 542 1780 576 Sed
1809 554 1971 586 egressus

62 596 81 629 5
101 597 205 641 foras
216 598 321 643 flevit
342 609 472 632 amare.
523 598 578 631 Tu
599 599 718 641 igitur
740 598 776 630 in
797 598 873 630 sinu
905 602 961 630 tuo
983 598 1111 641 collige
1143 609 1278 631 causam
1302 602 1405 637 tuam,
1438 601 1494 628 tuo
1515 598 1665 640 proprio
1696 608 1755 629 ore
1782 601 1815 629 te
1833 597 1970 640 judica.

103 651 265 685 Audiens
280 652 347 684 hec
363 651 606 685 Marcellinus:
630 652 670 684 ob
683 651 798 693 scelus,
814 651 937 694 inquit,
955 656 989 683 et
1010 651 1227 693 Idolatriam,
1245 651 1335 694 quod
1348 649 1471 693 infelix
1486 651 1646 692 commisi,
1652 651 1775 693 judico
1790 662 1842 682 me
1865 651 1971 693 depo-

0 706 8 746 {¹
103 704 259 746 nendum,
282 705 532 737 anathematizo
555 705 657 737 etiam
681 704 879 747 quicumque
901 708 1027 747 corpus
1041 715 1150 736 meum
1165 703 1355 736 tradiderit
1374 701 1580 746 se'pulture;
1596 709 1631 735 et
1654 708 1802 745 accepto
1826 702 1971 745 puluere

0 750 7 811 ζ
102 755 190 789 flens
213 757 331 799 posuit
353 767 460 800 super
482 763 588 800 eaput
610 767 719 795 suum,
742 762 777 788 et
801 755 905 789 dixit:
929 757 996 788 heu
1009 768 1063 789 me
1085 767 1239 798 avarum,
1255 767 1309 788 me
1324 756 1482 798 corrupit
1498 766 1629 797 aurum,
1647 760 1680 788 et
1695 766 1759 787 non
1772 759 1912 799 possum
1936 755 1972 786 in

102 811 292 843 sacerdotio
315 822 463 844 manere.
511 811 639 854 Sicque
663 819 813 854 pergens
836 811 882 843 ad
905 810 1173 850 Diocletianum,
1205 816 1240 843 et
1269 809 1481 854 grauissimis
1504 820 1583 842 eum
1606 809 1724 842 uerbis
1753 819 1973 851 exasperans,

11 858 14 879 3
41 862 81 896 10
103 863 196 896 ultro
208 868 257 896 'se
280 865 460 907 professus
483 863 716 902 christianum,
735 874 813 896 cum
830 863 979 896 Claudio
995 869 1030 896 et
1048 863 1198 903 Quirino
1222 869 1257 896 et
1279 862 1458 896 Antonino
1476 863 1661 905 capitalem
1679 862 1819 905 accepit
1834 868 1973 895 senten-

103 917 198 949 tiam.
245 917 354 962 Cujus
376 927 505 961 corpus
526 927 592 960 per
613 915 911 960 trigintaquinque
937 917 1014 950 dies
1036 918 1145 962 jacuit
1168 917 1402 954 inhumatum3
1420 922 1527 949 noctu
1543 926 1629 949 uero
1646 917 1808 959 apparuit
1832 921 1973 958 aposto-

104 969 217 1002 lorum
239 971 404 1014 princeps
425 971 462 1003 in
485 970 622 1003 uisione
645 969 817 1003 Marcello
841 971 1026 1011 sacerdoti,
1050 972 1110 1014 qui
1133 977 1211 1013 post
1233 981 1312 1002 eum
1339 970 1526 1013 episcopus
1558 970 1707 1002 effectus
1738 975 1801 1007 est,
1834 969 1971 1002 dicens:

102 1023 272 1056 Marcelle
286 1023 443 1057 dormis?
458 1030 493 1056 at
508 1023 582 1057 ille:
601 1025 676 1067 quis
691 1035 726 1056 es
741 1023 916 1057 Domine?
931 1029 966 1056 et
980 1024 1054 1058 ille:
1074 1025 1158 1068 Ego
1173 1035 1246 1056 sum
1262 1024 1428 1068 princeps
1443 1024 1675 1067 apostolorum
1698 1022 1873 1066 magister
1888 1027 1972 1063 tuus,

19 1106 21 1109 .
104 1081 140 1108 et
152 1075 297 1108 adiecit:
316 1076 483 1109 Marcelle
498 1080 622 1120 corpus
639 1087 756 1118 meum,
773 1077 865 1120 quod
876 1077 1087 1109 inhumatum
1104 1082 1155 1109 est
1169 1087 1275 1120 quare
1291 1086 1357 1108 non
1372 1077 1523 1120 sepelis?
1539 1082 1574 1108 at
1589 1076 1666 1109 ille:
1684 1076 1832 1109 Domine
1848 1079 1973 1119 corpus

39 1127 78 1160 15
105 1133 198 1160 tuum
214 1129 326 1172 digno
339 1140 415 1162 cum
430 1129 555 1162 honore
578 1130 748 1174 sepultum
771 1135 830 1162 est.
876 1130 923 1163 Et
943 1130 1021 1163 ille:
1048 1129 1183 1174 Corpus
1199 1130 1400 1163 illarcellini
1411 1130 1549 1174 fratris
1572 1131 1647 1171 mei,
1672 1131 1734 1173 qui
1746 1132 1813 1173 pro
1838 1129 1973 1161 Christo

19 1183 20 1186 ’
101 1182 307 1226 sanguinem
321 1181 426 1227 fudit
447 1194 556 1227 quare
579 1195 644 1216 non
674 1184 827 1228 sepelis?
849 1184 934 1217 Non
964 1185 1089 1228 legisti
1115 1185 1152 1216 in
1185 1184 1387 1227 Euangelio
1409 1184 1608 1216 sententiam
1639 1183 1786 1215 Domini
1813 1183 1972 1215 dicentis.-

102 1237 216 1278 omnis,
241 1237 302 1280 qui
321 1248 357 1269 se
379 1237 546 1279 humiliat,
563 1238 796 1271 exaltabitur?
817 1237 958 1270 multum
972 1249 1009 1270 se
1031 1238 1234 1280 humiliauit,
1252 1239 1313 1282 qui
1334 1238 1520 1281 indignum
1542 1236 1722 1281 sepultura
1736 1248 1771 1269 se
1783 1237 1972 1280 judicauit.

115 1288 205 1322 Vade
227 1300 326 1333 ergo,
344 1294 379 1322 et
398 1291 509 1334 sepeli
528 1301 602 1323 eum
614 1292 723 1334 juxta
745 1302 808 1333 me,
825 1296 863 1324 ut
884 1303 965 1335 quos
987 1303 1054 1324 non
1074 1292 1255 1335 separauit
1277 1291 1491 1334 martyrium,
1516 1302 1661 1334 quosque
1673 1291 1884 1334 justificauit
1904 1290 1977 1322 Dei

101 1343 237 1385 gratia,
261 1354 327 1376 non
350 1344 485 1376 diuidat
506 1345 695 1388 sepultura.
743 1345 873 1388 Sicque
897 1345 1028 1378 factum
1053 1351 1106 1377 est
1128 1350 1163 1378 et
1187 1345 1343 1387 sepultus
1367 1351 1419 1377 est
1443 1355 1544 1378 secus
1565 1345 1675 1387 pedes
1698 1344 1793 1377 beati
1818 1343 1913 1376 Petri
1929 1342 1949 1375 ¹.

190 1396 382 1430 Marcellus
403 1397 544 1430 natione
568 1398 760 1438 Romanus,
784 1409 828 1431 ex
843 1404 942 1441 patre
965 1398 1170 1437 Benedicto,
1187 1404 1266 1441 post
1289 1399 1383 1431 hunc
1400 1398 1536 1431 leuatur
1559 1398 1755 1440 episcopus.
1802 1397 1870 1430 Hic
1886 1396 1975 1430 fecit

103 1448 260 1482 cimitera
281 1450 359 1482 uia'
383 1450 530 1491 Salaria,
554 1457 590 1484 et
611 1451 737 1495 uiginti
761 1452 915 1495 quinque
938 1452 1058 1484 titulos
1079 1451 1255 1484 constituit
1271 1452 1306 1483 in
1330 1451 1417 1484 urbe
1434 1452 1561 1491 Roma,
1585 1457 1620 1484 et
1643 1451 1803 1484 dioceses
1825 1456 1972 1493 propter

84 1496 85 1499 ¹
104 1501 322 1544 baptismum,
347 1509 382 1536 et
404 1504 632 1546 penitentiam
654 1505 850 1544 multorum,
879 1505 939 1548 qui
963 1505 1256 1538 conuertebantur
1286 1516 1331 1537 ex
1352 1505 1508 1548 paganis,
1541 1510 1576 1537 et
1598 1510 1747 1547 propter
1776 1504 1972 1547 sepulturas

103 1562 293 1601 martyrum
305 1556 328 1590 ².
375 1557 488 1590 Huius
510 1558 724 1601 temporibus
748 1558 960 1591 uenerabilis
982 1565 1142 1592 matrona
1165 1558 1302 1592 Lucina
1324 1559 1509 1592 ecclesiam
1535 1557 1664 1591 Christi
1693 1569 1807 1591 rerum
1832 1568 1971 1590 suarum

28 1655 29 1659 Ἰ
103 1608 190 1642 fecit
213 1610 390 1644 heredem.
436 1609 545 1649 Quod
567 1612 713 1645 audiens
736 1613 986 1652 Diocletianus,
1010 1613 1212 1655 dampnauit
1237 1623 1311 1645 eam
1336 1612 1604 1655 proscriptione,
1629 1618 1664 1644 et
1684 1612 1786 1655 jussit
1813 1618 1850 1644 ut
1875 1611 1971 1644 Mar-

102 1663 214 1696 cellus
236 1664 423 1707 episcopus
447 1666 692 1708 dampnaretur
717 1666 751 1698 in
777 1666 881 1699 domo
905 1666 1060 1709 ejusdem
1084 1673 1240 1699 matrone
1265 1667 1311 1699 ad
1336 1666 1605 1699 custodiendum
1633 1665 1796 1698 animalia
1818 1665 1971 1708 publica,

102 1721 138 1748 et
159 1726 224 1758 per
247 1717 401 1761 quinque
425 1728 536 1750 annos
560 1719 789 1761 compedibus
812 1719 939 1762 ligatus
962 1719 997 1750 iu
1022 1718 1148 1751 eodem
1171 1719 1336 1763 martyrio
1361 1719 1565 1761 perdurans,
1589 1728 1654 1761 per
1677 1718 1840 1761 epistolas
1866 1728 1969 1760 paro-

104 1768 201 1802 chias
225 1770 414 1803 diuidebat.
462 1771 588 1804 Postea
603 1783 689 1805 uero
714 1772 900 1805 christiana
916 1772 1085 1816 religione
1110 1778 1304 1812 crescente,
1321 1771 1446 1805 domus
1470 1772 1622 1805 catabuli
1641 1773 1677 1804 in
1702 1771 1973 1815 pulcherrimam

102 1822 286 1856 ecclesiam
302 1824 469 1857 translata
484 1830 547 1863 est,
565 1836 632 1868 que
655 1835 765 1868 usque
781 1826 887 1859 hodie
903 1826 1014 1859 sancti
1030 1825 1192 1858 Marcelli
1209 1826 1347 1858 nomine
1364 1826 1518 1858 titulatur
1526 1825 1548 1858 ³.
1595 1826 1720 1858 Passus
1744 1832 1796 1857 est
1820 1835 1862 1857 ea
1885 1831 1971 1857 tem-

35 1918 37 1922 Α
102 1881 238 1918 pestate
262 1876 385 1909 beatus
407 1877 591 1911 Mauritius
615 1889 693 1911 cum
717 1890 786 1911 una
813 1879 1063 1913 Cristianorum
1087 1880 1228 1923 legione
1257 1880 1350 1922 apud
1374 1879 1579 1914 Rodanum:
1615 1882 1763 1922 “passus
1791 1885 1842 1912 est
1869 1879 1972 1911 Pam-

38 1929 61 1952 5'5'
109 1930 124 1946 ‘⁴
137 1929 268 1972 philius
290 1930 433 1964 Eusebii
457 1931 670 1964 Cesariensis
694 1933 852 1975 episcopi
875 1933 1103 1971 necessarius,
1128 1932 1225 1965 cuius
1252 1933 1356 1965 uitam
1380 1933 1454 1975 ipse
1481 1933 1593 1966 tribus
1615 1932 1714 1965 libris
1743 1932 1972 1976 comprehen-

35 1997 61 2026 '22'
108 1983 240 2023 “dit„;
262 1984 355 2026 passi
386 1990 466 2018 sunt
489 1991 523 2018 et
555 1986 742 2019 duodecim
765 1987 904 2027 fratres,
932 1997 974 2019 ac
997 1986 1120 2019 beatus
1151 1987 1294 2019 Marcus
1325 1987 1443 2019 Ecane
1475 1986 1569 2019 urbis
1599 1987 1796 2029 episcopus,
1828 1986 1972 2030 Sergius

44 2035 46 2039 “
104 2046 256 2079 quoque,
284 2043 319 2069 et
342 2037 514 2076 Bacchus,
542 2038 695 2079 Cosmas,
719 2045 754 2071 et
776 2039 975 2078 Damianus,
1000 2045 1036 2072 et
1066 2039 1124 2072 alii
1156 2039 1389 2082 quamplures,
1421 2039 1762 2082 innumerabilesque
1786 2049 1849 2081 per
1870 2039 1972 2071 innu-

101 2099 198 2123 mera
219 2095 389 2122 terrarum
414 2090 501 2124 loca.
550 2091 717 2125 Secundo
740 2093 994 2135 persecutionis
1017 2103 1120 2133 anno,
1145 2092 1383 2126 Diocletianus
1405 2093 1450 2126 ab
1473 2093 1582 2125 inuito
1607 2093 1726 2136 exegit
1748 2092 1971 2130 Maximiano,

101 2148 140 2175 ut
161 2142 262 2175 simul
285 2154 485 2186 purpuram,
508 2144 762 2189 imperiumque
786 2146 1015 2189 deponerent,
1038 2157 1081 2180 ac
1109 2146 1307 2191 junioribus
1327 2147 1366 2179 in
1396 2145 1647 2189 rempublicam
1671 2146 1874 2186 substitutis,
1905 2145 1971 2188 ipsi

15 1379 80 1428 220

47 2288 49 2291 .
193 2270 220 2291 2.
237 2263 378 2291 adiiciens
396 2266 423 2290 B
442 2279 454 2285 ·
479 2268 567 2292 eciam
589 2267 614 2293 C
630 2280 664 2286 —
683 2267 710 2294 6.
729 2266 831 2300 inquid
852 2268 876 2294 C
899 2281 932 2287 -
953 2274 978 2299 7.
1000 2269 1101 2300 accpto
1115 2269 1147 2300 β
1162 2282 1195 2287 -—
1216 2268 1241 2294 8.
1260 2268 1353 2301 capud
1373 2269 1398 2295 C
1423 2282 1451 2286 ——
1473 2276 1499 2301 9.
1522 2268 1682 2294 sacerdocio
1700 2268 1728 2293 B
1741 2270 1766 2295 C
1782 2280 1794 2287 ·
1814 2268 1970 2293 Dioclfcis-

45 2309 47 2316 ”
104 2313 172 2332 num
192 2307 218 2333 C
234 2320 267 2326 —
290 2314 330 2334 11.
350 2308 415 2341 Ejus
434 2309 460 2332 B
479 2322 490 2327 -
509 2315 601 2334 xxxvx
624 2309 648 2335 C
666 2323 698 2327 —
721 2317 760 2342 14.
779 2309 906 2344 sepellis?
927 2311 997 2336 C—
1019 2310 1059 2336 16.
1078 2310 1186 2344 legistis
1207 2312 1275 2337 c—
1293 2312 1332 2337 18.
1353 2310 1446 2336 Trade
1464 2311 1492 2335 B
1510 2324 1521 2329 -
1539 2311 1563 2335 Α
1584 2312 1615 2335 di
1628 2313 1721 2343 prima
1739 2318 1833 2335 mano.-
1847 2318 1918 2343 quos
1938 2324 1970 2328 -—-

6 2379 11 2386 Ὦ
104 2353 146 2374 2ι.
165 2350 317 2375 cometen-ia
336 2350 362 2373 B
380 2363 391 2369 -
411 2350 532 2376 dlocesis
547 2352 571 2376 C
587 2365 620 2370 -
641 2357 684 2376 22.
703 2352 899 2385 penitenciam
920 2354 944 2379 C
962 2365 995 2370 —
1017 2358 1060 2384 24·
1080 2353 1274 2378 Dioclicianus
1296 2354 1320 2379 C
1337 2366 1370 2371 -
1391 2353 1432 2379 ²6.
1453 2353 1559 2385 ligatos
1581 2354 1605 2379 C
1622 2366 1654 2370 —
1677 2352 1770 2385 26-27.
1785 2353 1936 2387 parrochia
1951 2354 1976 2378 C

6 2387 10 2392 '
42 2398 47 2412 ¹.
103 2402 138 2408 —
158 2390 202 2417 28.
219 2390 248 2415 tn
269 2392 294 2417 C
310 2399 419 2417 manca.-
438 2399 524 2425 usque
545 2406 576 2410 —
599 2399 640 2425 ²9·
661 2393 818 2420 Mauricius
838 2394 863 2420 C
880 2407 891 2413 -
910 2394 1080 2420 Rhodanum
1094 2395 1136 2424 B,-
1154 2394 1257 2421 flumen
1278 2396 1450 2421 Rhodanum
1465 2397 1489 2421 C
1506 2408 1539 2413 —-
1560 2401 1603 2426 32.
1623 2395 1732 2420 Bachus
1753 2396 1776 2420 C
1794 2408 1826 2413 -
1847 2401 1890 2427 33.
1909 2402 1972 2429 per-

7 2435 13 2472 ς
50 2432 58 2456 ’ῑ
105 2432 264 2459 munioni·
282 2433 309 2457 B
319 2434 344 2460 C
358 2447 370 2452 -
391 2435 588 2460 DIoclicianus
609 2435 634 2461 C
648 2448 661 2455 -
679 2435 904 2462 Maximiniauus
925 2437 950 2463 C

192 2527 200 2545 ¹
220 2530 259 2555 Su
278 2530 448 2556 Marcellino
466 2531 504 2558 ef.
515 2531 546 2558 L.
559 2532 604 2562 P„
617 2533 638 2564 Ι,
651 2539 684 2567 30
704 2531 755 2566 (op.
767 2533 826 2563 cit..
838 2534 859 2565 1,
871 2541 900 2566 p.
917 2534 977 2566 162)
993 2541 1008 2559 e

16 2571 17 2574 ’
50 2602 74 2611 ἓν
102 2569 150 2603 piu
164 2572 365 2604 speclaimente
381 2573 661 2600 l’Introduzione
674 2575 719 2600 del
731 2576 893 2607 Duchesne,
906 2584 954 2609 pp.
964 2581 1007 2609 73,

59 2616 71 2621 ”
102 2616 136 2646 ’14
149 2620 164 2638 e
177 2615 220 2645 98.
254 2615 492 2641 Evidentemente
512 2623 548 2648 R„
566 2625 647 2642 come
665 2618 683 2642 11
697 2617 726 2643 L.
739 2618 783 2648 P„
795 2618 913 2644 dovette
926 2625 1007 2644 usare

56 2672 74 2692 μ’
102 2661 158 2680 una
170 2655 260 2682 Rsm‘o
271 2658 358 2682 saneti
369 2658 538 2687 Marcellini.
552 2666 603 2684 ora
617 2659 748 2692 pei-duta.
779 2651 801 2685 ὲ
821 2661 912 2693 certo,
924 2668 1007 2686 come

57 2715 69 2722 ..
102 2699 170 2722 not·
183 2698 204 2723 ii
217 2699 369 2725 Duchesne
383 2700 525 2732 (Introd
535 2703 672 2733 unione,
687 2710 713 2734 p.
727 2702 832 2736 Lxxrv)
845 2703 940 2737 ‘qu’ii
952 2704 1008 2729 cir-

103 2737 215 2766 “cul-it
227 2748 260 2766 eu
275 2740 404 2774 Afrique,
414 2749 450 2767 au
465 2742 505 2767 1v
525 2741 618 2773 siecle,
631 2744 682 2769 des
702 2743 838 2770 histoire·
857 2743 1009 2771 defuera-

103 2777 190 2806 ‘bles
208 2789 224 2806 a
245 2782 389 2807 Marcellin
410 2786 466 2809 etc.
480 2802 505 2817 ,.
543 2785 567 2810 n
587 2784 752 2815 nuche-ne,
771 2785 848 2818 dopo
867 2793 937 2811 aver
949 2794 1009 2813 ess-

54 2815 63 2825 '
103 2822 210 2848 minato
229 2824 247 2847 il
267 2825 365 2850 valore
385 2826 458 2851 della
477 2826 635 2852 trsdlzione
655 2834 706 2861 per
724 2826 772 2852 cio
796 2827 851 2852 che
877 2829 1009 2862 riguarda

72 2876 75 2878 v
102 2863 273 2897 Palmensis,
293 2866 353 2893 dice
378 2868 431 2892 che
450 2875 500 2900 per
518 2869 537 2894 il
564 2871 642 2894 resto
662 2870 688 2894 la
714 2871 880 2896 narrazione
905 2871 1007 2896 rientrn

14 2919 27 2930 ν,
103 2906 179 2931 mello
197 2908 261 2932 stile
281 2909 428 2935 ordinario
448 2909 520 2936 delle
541 2912 667 2943 passioni
687 2917 816 2938 romane.
852 2911 866 2926 ‘¹
879 2913 921 2937 La
943 2920 1008 2945 per-

25 2952 27 2957 ’
105 2947 267 2979 “secutiom
285 2951 425 2977 continua
440 2951 480 2984 (p.
492 2953 584 2985 xcix),
597 2953 633 2978 de
648 2952 808 2979 Diocletien
823 2956 867 2979 est
877 2955 1009 2980 caracte-

28 2999 29 3003 ¹
74 2986 82 3001 '⁴
104 2988 119 3004 ⁶
129 2989 198 3016 ris&
216 2991 300 3017 d'une
313 2992 396 3028 fiscon
416 3001 453 3019 un
466 3001 540 3026 penu
554 2996 643 3025 nsire,
661 3001 690 3026 17
699 3002 756 3022 οοο
767 2994 912 3022 eiu-etiem
924 2995 1006 3031 egor—

66 3058 72 3076 ,ἶ
105 3029 120 3045 ‘¹
131 3031 179 3066 ιε·
196 3041 232 3059 en
247 3034 342 3061 trente
355 3035 446 3070 joui-s.
479 3036 522 3062 Le
540 3044 625 3071 pepe,
643 3035 746 3064 touch&
763 3037 799 3064 de
817 3040 954 3072 repentir,
968 3041 1011 3065 est

1063 2535 1077 2549 ²
1088 2533 1197 2568 envoye
1216 2543 1252 2560 au
1271 2535 1400 2567 supplice
1419 2542 1455 2560 en
1469 2535 1638 2567 compagnie
1659 2534 1694 2559 de
1706 2535 1780 2560 trois
1799 2536 1894 2559 autres
1907 2542 1968 2568 per-

1062 2577 1076 2591 “
1085 2584 1197 2608 sonnes,
1216 2577 1362 2608 Claudius,
1380 2576 1520 2607 Quirinus
1538 2579 1566 2602 et
1586 2578 1762 2610 Antoninus;
1780 2577 1859 2601 leurs
1883 2583 1969 2608 corps
1999 2582 2033 2601 20

1062 2618 1201 2644 “restent
1227 2618 1346 2650 expones
1372 2626 1445 2650 pour
1470 2619 1628 2651 l’exemple
1658 2618 1784 2650 pendant
1809 2618 1970 2651 vingt-cinq

1065 2660 1078 2674 ‘¹
1089 2662 1186 2695 jours3
1206 2662 1231 2686 ie
1250 2659 1346 2693 pretre
1365 2662 1484 2692 Marcel,
1504 2661 1529 2686 le
1552 2661 1630 2687 futur
1649 2667 1815 2686 successeur
1836 2660 1871 2685 de
1894 2661 1970 2685 Mar-

1063 2704 1177 2736 “cellin,
1198 2703 1238 2729 lui
1257 2703 1351 2728 donne
1371 2704 1397 2728 la
1417 2702 1562 2735 sepulture
1582 2704 1653 2728 dans
1672 2711 1710 2728 un
1725 2704 1860 2728 tombesu
1873 2702 1969 2728 chuisi

1062 2745 1223 2771 “d'svance
1243 2753 1294 2778 par
1312 2746 1337 2771 le
1357 2749 1463 2780 martys
1475 2763 1499 2777 ,,.

1152 2786 1164 2803 ²
1182 2788 1211 2813 L.
1231 2788 1275 2817 Pu
1293 2788 1314 2819 L
1328 2794 1360 2821 31
1370 2796 1378 2805 ·
1399 2787 1411 2801 ‘⁴
1422 2788 1474 2814 Hic
1488 2788 1559 2813 fecit
1571 2788 1750 2820 cymiterium
1765 2788 1909 2818 Novella,
1924 2788 1969 2811 via

1063 2830 1205 2861 “Sal-rin,
1225 2832 1253 2854 et
1271 2837 1329 2855 xxv
1349 2831 1447 2856 titulos
1466 2831 1497 2856 in
1516 2831 1585 2855 urbe
1598 2831 1690 2855 Roma
1710 2831 1873 2861 constituit,
1887 2829 1969 2862 quasi

1062 2871 1075 2886 “
1085 2871 1220 2902 diocesis,
1235 2874 1352 2904 propter
1367 2872 1539 2904 baptismum
1554 2875 1582 2896 et
1596 2872 1800 2905 paenitentiam
1816 2872 1969 2896 multorum

1061 2914 1131 2945 “qui
1151 2914 1398 2939 convertebantur
1421 2921 1455 2939 ex
1475 2915 1596 2947 paganis
1621 2916 1647 2938 et
1667 2914 1786 2945 propter
1810 2914 1969 2946 sepulturas

1063 2956 1077 2970 ¹
1087 2959 1242 2989 martyrum
1255 2973 1278 2988 „-

1151 2995 1163 3013 ¹
1183 2997 1229 3024 Cf.
1247 2997 1278 3023 L,
1297 2999 1344 3027 P..
1363 2998 1417 3024 loc.
1430 2999 1492 3029 cit.;
1512 2999 1684 3029 Ducuntur,
1703 3000 1743 3031 op.
1756 2999 1815 3027 eit..
1828 2998 1850 3030 1,
1865 2997 1915 3031 164
1927 3005 1968 3030 ες.
1999 3006 2033 3032 30

1063 3047 1078 3064 e
1103 3039 1392 3072 Introdusione,
1415 3048 1444 3075 p.
1461 3046 1543 3068 xcix.

2026 1386 2152 1405 Marcellus

2026 1419 2050 1435 a.
2065 1413 2090 1433 C.
2109 1414 2198 1437 308⁰3⁰9

1918 248 1965 289 75
2005 261 2082 284 Mum,
2098 266 2132 281 cc.
2148 262 2210 285 77-78

2022 1466 2043 1481 c.
2060 1465 2098 1480 101
2106 1459 2118 1479 h

1999 2791 2031 2817 ²5
