2398 3470
192 219 269 246 Mn„
281 225 314 241 ec.
325 225 387 246 51·52
429 209 476 246 48
827 247 831 251 ,
1013 203 1307 243 ROMUALDI
1335 203 1706 240 SALERNITANI
1923 209 2089 245 [AA.u.s
2109 212 2297 249 795-c.441

430 342 445 359 ‘⁴
458 346 537 384 post
553 350 632 373 eum
655 339 839 383 quisquam
857 338 1027 381 attingere
1043 347 1144 370 ausus
1159 336 1284 374 fuerat,
1301 335 1375 367 sine
1391 333 1464 367 ullo
1479 333 1592 377 prelio
1617 345 1660 368 ac
1683 335 1852 379 sanguine
1869 335 1960 369 intra
1975 337 2205 379 paucissimos
2220 339 2296 373 dies

432 397 446 413 ‘⁴
459 394 640 437 plurimam
665 393 776 425 insule
799 398 935 435 partem
950 392 986 424 in
1002 391 1217 424 deditionem
1234 388 1382 431 recepit3
1400 387 1558 421 Orcadas
1575 388 1678 421 etiam
1701 389 1831 422 insulas
1854 389 2018 423 Romano
2036 390 2169 435 adjecit
2183 392 2296 437 impe-

431 451 446 467 “
460 448 524 487 rio,
548 458 591 480 ac
613 452 710 480 sexto
734 457 840 490 quam
854 445 1034 488 profectus
1058 450 1133 477 erat
1155 454 1286 482 mense,
1309 442 1459 475 Romam
1482 441 1597 475 rediit.
1645 442 1750 476 Nono
1773 443 1874 486 regni
1897 443 1948 476 sui
1972 454 2065 477 anno
2088 445 2220 488 Judeos
2242 453 2296 480 tu-

430 505 445 521 “
459 502 666 535 multuantes
690 501 806 534 Roma
829 499 973 542 expulit,
998 498 1093 542 quod
1116 504 1152 530 et
1174 498 1289 530 Lucas
1311 496 1433 528 refert.
1481 494 1651 539 Sequenti
1667 507 1759 529 anno
1779 497 1892 530 fames
1906 508 2035 541 magna
2049 498 2201 533 Romam
2218 511 2297 534 cor-

429 559 443 575 “
457 556 582 599 ripit„.
628 541 793 588 Sub'hoc
817 553 911 587 enim
935 553 1108 595 sapientes
1132 557 1232 583 erant
1254 548 1464 592 Apollonius
1487 560 1533 582 ex
1555 550 1790 584 Tianensibus
1821 551 1922 584 Italie
1945 551 2192 597 Pithagoricus
2214 555 2295 598 phi·
2341 555 2360 590 5
2396 591 2398 595 Δ

426 610 606 652 Iosophus3
629 609 678 642 ita
699 614 738 642 ut
760 609 855 641 hunc
877 607 951 651 ipse
975 616 1114 650 quoque
1138 604 1364 648 Phithagora,
1388 602 1630 643 Philostratus,
1655 610 1692 638 et
1715 604 1773 637 alii
1797 604 1940 638 acrioris
1963 604 2094 650 ingenii
2109 607 2218 642 fuisse
2235 608 2298 643 de-

426 663 580 698 scribant
592 662 611 696 ¹.

1281 747 1439 782 Orosius:

274 851 296 866 u.
312 852 332 866 c.
348 850 386 870 795
511 833 618 868 Anno
641 834 685 868 ab
708 833 806 867 Urbe
829 832 971 866 condita
993 829 1191 865 DCCXCV
1214 829 1389 874 Tyberius
1413 828 1582 880 Claudius
1605 829 1650 863 ab
1673 829 1832 874 Augusto
1850 837 1992 874 quartus
2007 831 2172 876 Regnum
2187 828 2297 878 adep-
2394 870 2395 873 ,

421 895 476 922 tus
499 895 551 922 est
573 888 763 932 mansitque
788 887 823 919 in
847 896 889 919 eo
913 895 1022 918 annos
1045 895 1120 917 xrv.
1166 884 1320 917 Exordio
1343 883 1444 928 regni
1467 883 1542 927 ejus
1564 883 1688 917 Petrus
1703 884 1880 927 apostolus
1902 885 2043 918 Domini
2073 886 2184 920 nostri
2211 887 2298 932 Jesu
2324 889 2364 923 10
2390 883 2393 889 ⁴

308 959 328 973 c.
344 952 389 978 702>
426 942 565 981 Christi,
588 942 738 974 Romam
759 940 857 973 uenit
880 945 915 972 et
938 939 1122 972 salutarem
1145 937 1279 971 cunctis
1303 936 1530 971 credentibus
1552 937 1668 976 fidem,
1699 936 1795 970 fideli
1821 938 1931 971 uerbo
1956 939 2076 973 docuit
2084 939 2103 979 ¹,
2126 940 2298 983 potentis-

422 996 589 1039 simisque
611 993 795 1027 uirtutibus
818 992 1027 1036 approbauit
1040 992 1062 1025 ².
1111 991 1243 1029 Quinto
1267 1000 1359 1023 anno
1382 990 1542 1035 ejusdem
1565 989 1710 1035 Tyberii
1733 990 1961 1034 principatus,
1976 992 2069 1026 inter
2083 993 2239 1027 Theram
2261 1000 2298 1028 et

423 1049 642 1088 Thesariam,
665 1048 778 1080 insula
802 1048 847 1080 de
870 1046 1048 1089 profundo
1073 1044 1215 1078 emicuit
1238 1054 1315 1077 xxx
1345 1044 1538 1077 stadiorum
1561 1044 1674 1086 spatio
1698 1050 1840 1077 extenta
1851 1043 1874 1078 ³.
1920 1045 2027 1079 Anno
2051 1046 2127 1090 ejus
2149 1047 2297 1091 septimo

423 1102 487 1135 sub
509 1107 737 1145 procuratore
760 1101 873 1144 Judee
896 1100 1051 1134 Cumano
1075 1099 1111 1131 in
1134 1097 1386 1142 Hierusolymis
1401 1104 1500 1131 tanta
1514 1098 1650 1131 sedidio
1668 1097 1704 1130 in
1721 1098 1845 1131 diebus
1860 1109 2062 1143 azymorum
2085 1106 2210 1134 exorta
2231 1107 2297 1142 est,

425 1162 462 1189 ut
483 1156 520 1188 in
543 1162 719 1199 portarum
743 1155 838 1188 exitu
854 1154 987 1197 populo
1004 1158 1193 1191 coarctato,
1209 1151 1354 1196 triginta
1369 1151 1467 1184 milia
1481 1152 1675 1195 Judeorum
1687 1150 1700 1168 ⁴
1723 1158 1906 1195 prostrata,
1924 1159 1958 1186 et
1975 1153 2183 1198 confusione
2195 1154 2208 1172 ⁵
2222 1155 2297 1189 suf·
2323 1154 2362 1189 15

423 1211 542 1242 focata
563 1209 771 1242 referantur.
817 1208 991 1252 Tyberius
1015 1213 1130 1240 autem
1146 1205 1340 1238 manifestis
1356 1205 1484 1238 ueneni
1502 1205 1611 1249 signis
1626 1211 1783 1238 mortuus
1799 1211 1851 1239 est
1867 1217 1959 1240 anno
1975 1207 2070 1240 uitae
2087 1217 2149 1242 sue
2171 1218 2262 1243 κων
2273 1207 2296 1243 ⁸.

282 1280 303 1295 a.
320 1274 346 1294 c.
361 1280 386 1299 44
511 1262 616 1296 Anno
640 1262 814 1295 dominice
837 1261 1086 1294 incarnationis
1109 1259 1239 1294 XLIV.

517 1319 532 1335 ‘⁴
546 1317 642 1350 Nero
665 1315 839 1349 Callicula
862 1315 941 1358 Gaji
965 1324 1075 1357 nepos
1099 1313 1197 1347 annis
1220 1324 1288 1346 xm
1310 1313 1488 1348 mensibus
1510 1324 1564 1347 vn
1582 1314 1706 1347 diebus
1721 1323 1840 1347 xxvm
1853 1339 1868 1355 „
1886 1313 1909 1348 ⁷.
1955 1315 2024 1349 Hic
2048 1322 2163 1350 autem
2185 1327 2297 1351 auun-

423 1371 502 1404 culo
518 1380 581 1403 suo
597 1370 803 1409 simillimus,
819 1370 1016 1402 Romanum
1032 1368 1217 1411 imperium
1233 1373 1268 1400 et
1284 1368 1509 1407 deformauit,
1526 1374 1562 1401 et
1576 1367 1709 1401 minuit.
1756 1368 1922 1402 Inusitate
1937 1369 2073 1403 luxurie
2088 1376 2302 1414 sumptuum-

423 1435 503 1468 que,
526 1430 565 1457 ut
587 1424 648 1467 qui
671 1423 830 1467 exemplo
855 1423 933 1466 Gaji
957 1422 1129 1456 Callicule
1153 1422 1293 1466 frigidis
1309 1428 1344 1455 et
1361 1422 1483 1455 calidis
1500 1422 1674 1456 lauaretur
1689 1423 1886 1466 unguentis,
1902 1423 2013 1457 hamis
2036 1424 2151 1459 aureis
2165 1425 2298 1458 aureis-
2319 1426 2377 1459 20

421 1489 488 1522 que
516 1478 647 1511 retibus
681 1477 884 1520 piscaretur,
908 1487 976 1520 que
1008 1487 1029 1508 a
1051 1475 1204 1509 blattinis
1228 1476 1372 1509 funibus
1396 1475 1677 1509 extrahebantur.
1727 1477 1899 1510 Infinitam
1921 1483 2062 1511 senatus
2083 1483 2220 1522 partem
2241 1479 2296 1512 in·
2377 1526 2380 1528 v

423 1531 574 1565 terfecit.
619 1532 726 1564 Bonis
750 1530 908 1563 omnibus
931 1529 1043 1563 hostis
1066 1530 1143 1562 fuit.
1190 1529 1379 1573 Tantoque
1395 1541 1432 1563 se
1450 1530 1619 1564 dedecori
1641 1530 1829 1573 prostituit,
1852 1537 1891 1564 ut
1914 1537 2072 1565 cantaret
2096 1537 2132 1565 et
2154 1532 2297 1566 saltaret
2337 1572 2339 1575 ¹

270 1597 346 1620 Mun„
362 1602 388 1621 52
422 1586 459 1618 in
482 1596 570 1618 cena
594 1585 797 1618 citharetico
820 1584 952 1623 habitu,
975 1584 1032 1616 uel
1057 1583 1201 1628 tragico.
1248 1583 1443 1617 Parricidia
1473 1584 1583 1616 multa
1606 1584 1790 1624 commisit,
1814 1583 1943 1625 tractre,
1967 1595 2087 1625 uxore,
2110 1592 2239 1628 matre„
2255 1597 2298 1620 ac
2348 1631 2350 1634 .
2376 1610 2377 1614 ,

423 1641 559 1674 Seneca
589 1639 751 1683 magistro
782 1638 990 1678 interfectis,
1021 1638 1144 1671 urbem
1176 1638 1327 1671 Romam
1355 1638 1522 1672 incendit.
1569 1638 1610 1671 In
1639 1649 1679 1671 re
1710 1638 1849 1671 militari
1881 1638 1989 1672 nichil
2011 1639 2153 1673 omnino
2184 1651 2295 1674 ausus.

302 1710 386 1730 c.71a
421 1694 632 1726 Britanniam
655 1703 746 1736 pene
780 1692 894 1725 amisit
916 1698 952 1725 et
976 1691 1059 1725 duo'
1084 1691 1298 1725 nobilissima
1321 1691 1386 1724 sub
1410 1702 1453 1725 eo
1478 1691 1611 1736 oppida
1633 1691 1732 1725 illic⁸
1758 1698 1864 1736 atque
1888 1703 2012 1726 euersa
2034 1699 2125 1727 sunt.
2169 1693 2296 1728 Arme-
2320 1692 2363 1728 25
2390 1709 2394 1712 ⁴

421 1748 512 1781 niam
534 1747 654 1780 Parthi
677 1747 912 1780 substulerunt
934 1746 1160 1790 legionesque
1183 1756 1344 1779 romanas
1368 1746 1431 1780 sub
1453 1745 1538 1790 jugo
1561 1746 1739 1780 miserunt.
1784 1747 1863 1780 Due
1883 1752 2002 1780 tamen
2028 1747 2210 1791 prouincie
2232 1748 2314 1783 sub.

421 1812 464 1835 eo
488 1802 593 1840 tacte,
617 1800 751 1834 Pontus
773 1800 1052 1838 Polemoniacus,
1077 1801 1298 1833 concedente
1321 1809 1406 1844 rege
1438 1799 1631 1840 Polimene‚
1662 1806 1696 1833 et
1728 1800 1827 1844 alpes
1859 1799 1982 1835 Coctie
2004 1811 2089 1846 rege
2113 1802 2295 1836 defuncto.

419 1856 504 1888 Post
525 1855 592 1888 hec
614 1865 757 1887 romane
781 1854 859 1886 urbi
883 1854 1101 1894 execrabilis,
1125 1854 1169 1887 ab
1195 1853 1355 1887 omnibus
1379 1854 1575 1895 destitutus,
1598 1854 1701 1887 simul
1725 1860 1760 1887 et
1784 1865 1805 1887 a
1828 1861 1950 1888 senatu
1973 1855 2082 1888 hostis
2103 1855 2294 1901 judicatum

423 1919 572 1953 cumque
595 1914 799 1952 quereretur
823 1908 1028 1950 adpenam,
1053 1918 1120 1952 que
1143 1918 1235 1951 pena
1258 1908 1336 1941 talis
1360 1914 1444 1948 erat,
1468 1914 1507 1941 ut
1530 1909 1645 1942 nudus
1668 1918 1733 1952 per
1755 1908 1935 1952 publicum
1958 1909 2096 1950 duetus,
2119 1909 2223 1943 furca
2238 1919 2298 1943 ca-

419 1963 485 2006 piti
507 1963 582 2007 ejus
605 1962 744 2001 inserta,
768 1961 876 2005 uirgis
899 1971 1008 2004 usque
1031 1963 1078 1995 ad
1101 1967 1247 1994 mortem
1271 1962 1467 2002 cederetur,
1491 1968 1527 1995 et
1549 1962 1598 1995 ita
1621 1962 1894 2006 precipitaretur
1917 1972 2000 1996 saxo
2025 1962 2151 2007 ligatus
2172 1962 2211 1996 in
2232 1963 2298 1996 flu-

421 2016 524 2055 mine,
549 2026 567 2047 e
590 2015 720 2058 palatio
744 2014 860 2059 fugiit,
885 2020 920 2048 et
943 2014 978 2047 in
1001 2015 1201 2048 suburbano
1226 2015 1342 2048 liberti
1365 2015 1428 2055 sui,
1452 2015 1549 2060 quod
1573 2022 1626 2049 est
1657 2015 1751 2049 inter
1774 2015 1956 2056 Salariam,
1980 2022 2015 2049 et
2038 2016 2296 2050 Numentanam

421 2071 525 2108 uiam,
548 2068 595 2101 ad
618 2075 778 2111 quartum
800 2068 897 2102 urbis
921 2069 1116 2109 miliarium,
1139 2079 1217 2102 sese
1241 2069 1440 2109 interfecit3
1466 2080 1558 2103 anno
1582 2069 1685 2103 etatis
1707 2080 1767 2104 sue
1791 2080 1881 2103 xxxi
1903 2070 2042 2114 imperii
2057 2080 2124 2103 xiv
2139 2076 2243 2115 atque
2260 2071 2296 2105 in

421 2135 462 2157 eo
487 2123 599 2156 omnis
621 2122 772 2166 Augusti
797 2122 931 2155 familia
955 2129 1172 2166 comsumpta
1196 2129 1250 2156 est
1263 2122 1286 2156 ⁹.

510 2262 535 2281 2.
553 2255 740 2280 indictionem
759 2255 801 2284 A,-
819 2254 969 2280 dedicIone
987 2255 1010 2279 C
1020 2268 1032 2274 -
1046 2255 1192 2281 Orchados
1205 2257 1231 2280 B
1244 2256 1268 2281 C
1279 2271 1311 2275 -—
1325 2262 1381 2290 4-5.
1393 2257 1524 2290 currupit
1546 2257 1570 2281 C
1580 2270 1614 2275 —
1628 2261 1654 2289 5.
1667 2256 1851 2290 Pitagorlbus
1869 2257 1893 2282 C
1903 2270 1936 2275 —
1949 2256 1976 2284 6.
1989 2257 2052 2291 ipso
2076 2257 2099 2282 C
2108 2271 2142 2276 —
2158 2263 2200 2283 xo.
2213 2263 2294 2284 man-

422 2299 514 2330 sitque
533 2297 602 2326 AB,
621 2300 714 2322 accetto
734 2298 760 2321 la
786 2297 881 2322 lenione
906 2299 938 2322 di
958 2298 982 2322 C
996 2297 1129 2328 conforme
1153 2299 1191 2323 ad
1212 2298 1302 2324 Oros-io
1328 2312 1361 2318 —
1377 2305 1419 2331 13.
1431 2301 1527 2332 spatio
1546 2300 1572 2324 B
1586 2299 1609 2324 C
1626 2313 1659 2318 --
1682 2300 1826 2336 14.Judeg
1843 2300 1868 2325 A
1887 2313 1899 2318 -
1915 2299 2099 2333 Jerusonmis
2122 2299 2146 2324 C
2156 2312 2168 2319 -
2186 2299 2293 2326 aedicio

420 2341 447 2364 B
459 2341 482 2365 C
494 2354 526 2358 --
544 2347 583 2372 17·
603 2340 752 2365 Anum...
773 2340 864 2365 XLIV
883 2348 931 2365 om.
956 2340 979 2364 C
996 2354 1029 2359 —-
1052 2339 1092 2366 ¹8.
1113 2341 1199 2374 Gagil
1217 2342 1242 2366 Α
1260 2354 1272 2360 -
1290 2348 1349 2367 xnx
1371 2341 1395 2366 C
1411 2354 1423 2360 -
1442 2343 1534 2368 autem
1553 2349 1601 2367 om.
1621 2342 1644 2367 C
1659 2356 1693 2361 —
1714 2349 1756 2368 20.
1777 2342 1863 2376 Gagii
1875 2342 1900 2367 A
1919 2348 2016 2375 -‘²3·
2033 2342 2239 2368 chItaharetlco
2256 2354 2292 2362 —-

422 2388 464 2414 25.
483 2383 654 2408 Brittaniam
673 2383 699 2407 B
713 2383 736 2407 C
753 2395 785 2400 —
806 2383 849 2408 26.
867 2383 976 2417 Parthy
999 2383 1022 2407 C
1040 2397 1072 2402 —
1092 2390 1136 2416 ²9·
1155 2391 1207 2420 qug
1226 2384 1251 2409 A

379 2478 391 2504 5
510 2470 518 2488 ¹
537 2473 663 2497 Mendosa
673 2476 711 2497 est
722 2473 784 2497 haec
793 2473 933 2505 periodus,
953 2472 1016 2498 dice
1029 2473 1049 2498 il
1061 2472 1149 2499 SassI.
1163 2487 1195 2492 ——
1209 2473 1256 2500 Cf.
1271 2475 1330 2501 Eu·
1385 2476 1399 2489 ¹
1410 2476 1440 2500 in
1461 2482 1496 2500 eo
1514 2475 1600 2501 annis
1619 2483 1678 2501 non
1698 2474 1790 2509 plenis
1808 2475 2039 2508 quattuordecim
2049 2493 2075 2508 ,,.

420 2522 529 2546 snmus,
543 2518 581 2547 op.
595 2517 652 2544 cit„
665 2516 734 2540 ediz.
747 2516 804 2546 cit„
818 2523 845 2548 p.
860 2521 912 2548 379
926 2516 1025 2541 lettera
1038 2516 1073 2540 d.-
1095 2516 1109 2530 α
1119 2516 1254 2548 Apolleus
1266 2517 1329 2551 tya—
1473 2516 1485 2534 ⁸
1502 2518 1683 2549 Exn-Romus,
1703 2518 1770 2543 vedi
1789 2519 1860 2543 nota
1879 2518 2024 2550 seguente,
2043 2517 2119 2544 dicer
2148 2515 2163 2531 ⁴¹
2174 2518 2256 2552 caph
2270 2535 2293 2551 „-

422 2558 434 2570 ⁸
447 2564 515 2582 neus
534 2559 563 2582 et
582 2558 723 2591 Ephrates
737 2557 899 2592 philosophi
914 2558 1159 2590 cognoscebantur
1172 2576 1195 2591 ,„
1209 2566 1224 2584 e
1236 2559 1262 2583 la
1275 2567 1328 2584 no·
1473 2558 1485 2577 ⁹
1504 2561 1686 2592 Ευτιονῑωε,
1698 2563 1738 2593 op.
1752 2562 1809 2590 cit„
1822 2561 1872 2587 lib.
1882 2560 1946 2591 VH,
1956 2567 2018 2593 cap.
2030 2559 2097 2586 XIV
2106 2567 2155 2595 pp.
2167 2565 2293 2593 124-125.

423 2600 452 2624 ta
476 2607 497 2624 ι.
1034 2615 1037 2617 —
1383 2603 1424 2628 La
1444 2604 1552 2628 notizia
1572 2603 1646 2629 della
1663 2605 1756 2629 morte
1774 2603 1804 2629 dl
1826 2604 1938 2629 Seneca
1957 2610 1976 2627 R
1996 2603 2021 2628 la
2041 2603 2102 2628 trae
2126 2602 2163 2628 da
2180 2603 2293 2629 Huno-

379 2661 389 2674 ,
510 2640 521 2657 ²
540 2643 675 2673 answs,
690 2642 752 2672 vn,
766 2642 791 2673 6,
808 2650 818 2668 1
835 2651 849 2667 e
861 2649 874 2667 2
890 2642 928 2676 (p.
940 2642 1012 2676 243).
1026 2650 1045 2668 R
1055 2644 1139 2677 copia
1151 2644 1204 2669 alla
1217 2644 1328 2671 letters.
1382 2652 1494 2677 xmus,
1507 2646 1549 2670 De
1561 2643 1814 2674 virtrinlmtribus,
1833 2646 1881 2671 cit.
1899 2652 1961 2677 cap.
1974 2645 2036 2676 ΧΠ,
2049 2644 2120 2670 ediz.
2133 2645 2193 2676 cit„
2204 2652 2233 2680 p.
2250 2645 2292 2676 18,
2343 2660 2347 2666 ·
2359 2645 2363 2648 ’

364 2693 395 2710 10
510 2682 522 2699 ³
542 2685 628 2716 Ioum,
648 2685 711 2716 VII,
730 2685 756 2715 6,
778 2691 820 2716 13.
842 2685 1008 2712 Therasiam.
1383 2690 1493 2713 mentre
1511 2688 1549 2713 ad
1567 2689 1749 2718 Eur-Romus.
1768 2688 1832 2719 VII,
1855 2693 1884 2720 15
1907 2688 1946 2720 (p.
1967 2687 2012 2720 50)
2035 2687 2204 2720 nppartlene
2223 2695 2294 2722 pure
2347 2702 2352 2711 2

510 2725 521 2741 ⁴
542 2727 628 2757 Ioum,
648 2727 709 2758 VII,
729 2726 755 2757 6,
778 2735 819 2759 14,
839 2729 995 2761 aggiunge:
1015 2727 1028 2740 ¹⁴
1040 2728 1124 2754 caede
1135 2746 1158 2760 η.
1382 2731 1408 2755 la
1428 2731 1521 2764 prima
1539 2733 1619 2764 parte
1637 2730 1682 2756 del
1693 2730 1815 2764 periodo
1834 2730 1884 2756 che
1904 2730 1940 2755 da
1965 2730 2027 2755 Post
2039 2729 2085 2754 luc
2097 2729 2216 2755 Romane
2232 2730 2292 2755 urb.

510 2767 521 2784 ⁵
540 2768 628 2800 IDEM,
646 2771 824 2801 conpressione
843 2769 941 2795 lnvece
961 2769 990 2795 di
1007 2770 1168 2802 confusione.
1383 2773 1446 2804 (Per
1469 2773 1533 2798 haec
1557 2773 1675 2798 Romano
1700 2773 1759 2798 orbs·
1785 2772 1952 2801 execrabilazv,
1979 2771 2104 2798 secondo
2129 2771 2221 2798 l’ediz.
2245 2770 2292 2797 del

510 2808 522 2826 ⁶
540 2811 628 2841 IDEM,
647 2811 709 2842 VII,
729 2811 754 2842 6,
778 2812 818 2837 18·
1381 2814 1526 2848 Droysen)
1545 2817 1596 2840 etc.
1621 2812 1655 2840 va
1673 2814 1732 2840 fino
1757 2822 1775 2840 a
1794 2814 1808 2828 “
1821 2814 1900 2839 urbis
1919 2814 2075 2840 millarium
2100 2812 2292 2846 interfecit,;

510 2851 520 2868 ⁷
542 2854 633 2884 Bam,
659 2853 721 2884 VII,
749 2859 764 2885 7
785 2861 800 2878 e
822 2861 833 2879 ι
863 2854 903 2887 (p.
929 2854 993 2887 245)
1019 2855 1095 2880 dice:
1121 2855 1135 2869 ‘¹
1147 2864 1231 2881 annos
1256 2857 1333 2881 XIV
1381 2858 1403 2882 11
1422 2859 1514 2883 resto:
1535 2858 1548 2870 ‘¹
1561 2859 1691 2891 atquein
1704 2865 1739 2882 eo
1753 2857 1848 2882 omnis
1861 2856 2015 2882 Caesarum
2033 2856 2146 2882 tamilla
2159 2862 2292 2882 contum·
2319 2861 2334 2882 2

364 2900 392 2929 ¹5
422 2897 567 2926 etc....„·,
587 2895 651 2920 vedi
673 2894 721 2930 piu
741 2895 787 2929 giu
803 2896 942 2929 ansms,
959 2897 1024 2934 VII,
1051 2903 1076 2929 7,
1098 2905 1124 2923 1:
1144 2899 1327 2932 “mansitque
1381 2898 1457 2936 “pta
1474 2900 1542 2933 est„
1561 2898 1576 2925 ὲ
1595 2899 1625 2924 dl
1644 2899 1783 2930 Gnosius,
1803 2898 1864 2929 VII,
1885 2899 1910 2930 8,
1933 2904 1964 2930 ¹3
1985 2897 2025 2933 (p.
2046 2897 2123 2932 247).
2347 2902 2350 2904 “
